3836 6316
110 393 167 448 49
1463 388 1714 448 PROLE

1899 390 2079 447 ENA.
3398 394 3477 452 50

107 523 242 591 cujus
267 534 497 574 canones
529 519 630 590 qui
666 519 886 576 sedulo
922 522 1251 592 perlegerit,
1300 523 1402 578 abs
1437 523 1613 578 dubio
1645 529 1704 579 in
1737 527 1788 593 Α
1821 527 2168 584 Arianorum
2203 545 2376 602 grege
2408 532 2524 584 tam
2558 529 2810 601 insignia
2838 526 3069 599 pietatis
3101 531 3158 581 et
3186 525 3244 580 in
3270 527 3472 582 ortho-

107 613 195 665 illis
215 609 610 663 animadvertet
634 611 972 680 quamdam
998 613 1284 668 sermonis
1298 613 1707 669 castimoniam

107 717 247 755 aurea
265 697 461 753 saecula
481 698 877 766 redolentem,
921 706 978 756 et
1004 701 1320 757 Gothorum
1351 703 1715 774 temporibus

107 807 355 861 perraram
366 831 380 844 .

156 899 360 963 Insigne
377 897 476 950 fuit
499 897 601 950 abs
619 897 803 953 dubio
819 914 924 968 per
938 917 1029 954 om
1043 917 1169 954 nem
1188 900 1528 971 Hispaniam
1549 901 1713 955 Mon-

101 989 194 1042 tani
215 991 492 1051 nomen;ct
512 987 646 1053 ejus
669 986 978 1057 sapientiae
1002 987 1158 1042 fama
1189 991 1328 1044 adeo
1359 990 1716 1059 percrebuit,

99 1084 147 1130 ut
175 1076 409 1147 synodus
441 1077 488 1130 ΙΙ
518 1074 800 1130 Toletana
832 1076 1037 1131 habita
1083 1094 1234 1132 anno
1255 1079 1362 1131 257
1394 1079 1502 1132 hoc
1544 1079 1715 1133 modo

100 1167 433 1220 iascribatur:
455 1164 715 1234 Synodus
745 1165 940 1220 habita
970 1165 1268 1221 incivitate
1290 1167 1541 1221 Toletana
1570 1166 1718 1237 apud

98 1259 386 1310 Montanum
415 1256 740 1324 episcopum
771 1255 1106 1326 saepiusque
1138 1273 1170 1309 a
1200 1255 1475 1310 Patribus
1499 1261 1720 1327 postre-

98 1361 172 1398 mo
197 1345 248 1396 in
271 1345 454 1413 capite
477 1343 848 1407 nominatur,
876 1345 1206 1411 asserendo,
1243 1360 1496 1414 sequens
1530 1345 1718 1399 conci-

96 1433 212 1488 lium
241 1450 271 1486 ι
297 1433 550 1487 Montano
597 1433 1027 1502 eonvocandum,
1059 1438 1112 1488 et
1169 1434 1316 1504 apud
1368 1449 1494 1488 eum
1525 1434 1717 1489 debere

98 1522 340 1576 celebrari.

153 1620 430 1691 Octoginta
460 1620 661 1675 tribus
692 1619 864 1675 annis
909 1624 1043 1691 post
1092 1620 1392 1691 praefatam
1428 1621 1715 1692 synodum

101 1709 395 1770 transactis,
417 1708 477 1762 in
508 1709 734 1780 synodo
761 1708 1207 1779 Carthaginensi
1233 1707 1430 1764 habita
1450 1709 1562 1763 sub
1581 1725 1716 1780 rege

100 1796 428 1851 Gundemaro
462 1813 623 1851 anno
651 1798 760 1851 610
790 1797 1052 1852 referunt
1086 1798 1293 1852 Patres
1326 1801 1451 1852 acta
1483 1797 1713 1853 concilii

97 1885 315 1940 Toletani
339 1903 378 1940 il
410 1885 502 1940 sic
527 1886 824 1957 indigitati
862 1902 876 1939 :
908 1885 1058 1954 apud
1087 1894 1342 1941 sanctum
1373 1887 1710 1941 Montanum.

1817 617 2245 689 doxareligione
2259 617 2764 674 tuendaindefessi
2786 616 2966 672 studii
2984 615 3320 670 testimonia
3336 631 3474 687 pras'

1827 705 2036 762 bucrit.
2059 708 2265 778 Exque
2300 709 2617 763 maximam
2645 707 2702 760 in
2724 706 2874 760 hanc
2899 711 3161 760 sanctam
3188 709 3474 775 metropo-

1823 792 2064 847 litanam
2111 795 2425 849 Ecclesium
2469 793 2808 849 Toletanam
2855 792 3098 863 gloriam
3148 793 3474 847 redundare

1826 897 1997 935 nemo
2026 899 2141 937 non
2161 884 2333 937 videt:
2359 884 2684 953 atqueinde
2709 899 2913 937 omnes
2945 881 3471 952 intelligent,quam

1827 970 2034 1024 merito
2065 988 2193 1026 eam
2225 971 2553 1026 catholicam
2584 971 2792 1025 dixerit
2826 970 3123 1023 Eufemius
3146 987 3177 1023 a
3201 970 3472 1024 Montano

1827 1063 2076 1127 quartus
2109 1059 2288 1128 hujus
2331 1061 2487 1114 sedis
2511 1061 2823 1131 episcopus
2855 1058 2913 1112 in
2947 1058 3376 1127 subscriptione
3415 1075 3472 1112 III

1828 1146 2060 1201 concilii
2093 1148 2378 1202 Toletani:
2413 1164 2624 1219 nempe
2655 1147 2791 1218 quia
2823 1153 3088 1216 pastores
3119 1163 3352 1216 semper
3378 1146 3474 1202 ha-

1826 1233 2177 1306 buisset,qui
2210 1236 2482 1291 Montano
2505 1235 3132 1305 similesareclaatque
3154 1235 3475 1290 orthodoxa

1825 1325 2119 1379 catholicae
2137 1325 2398 1380 Ecclesiae
2419 1325 2529 1380 ﬁde
2560 1324 2644 1380 vel
2663 1324 2816 1379 inter
2843 1324 3004 1394 ipsas
3026 1340 3287 1378 errorum
3313 1330 3471 1378 tene-

1826 1413 1962 1468 bras
2013 1415 2419 1485 maximasque
2469 1412 2943 1486 persecutionum
2989 1410 3275 1483 procellas
3317 1429 3472 1467 nun-

1827 1518 2005 1572 quam
2041 1503 2403 1559 desciverint.

1895 1591 2048 1646 Obiit
2077 1595 2385 1647 Montanus
2418 1608 2569 1646 anno
2601 1590 2808 1646 ultimo
2839 1589 3144 1645 Amalarici
3171 1589 3472 1660 regis,epi-

1825 1685 2100 1750 scepatus
2132 1681 2221 1735 sui
2248 1698 2424 1746 nono,
2451 1679 2878 1736 Incarnationis
2903 1679 3210 1734 dominicm
3230 1677 3356 1733 53l:
3382 1681 3472 1732 at-

1825 1767 2010 1838 quein
2027 1769 2180 1824 hunc
2194 1785 2410 1824 annum
2431 1769 2888 1824 referendasunt
2903 1783 3031 1837 qua:
3045 1766 3471 1838 quamplurimi

1824 1857 2086 1912 historici
2109 1875 2242 1912 cum
2268 1863 2577 1924 nostrates,
2612 1862 2734 1911 tum
2769 1857 2946 1910 exteri
2969 1856 3211 1911 tradunt
3234 1855 3473 1910 dedire-

97 1976 206 2038 Quae
225 1975 386 2029 verba
409 1944 824 2045 superioribus
844 1975 912 2029 ad
914 1944 1123 2046 juncta
1140 1974 1445 2047 perspicue
1460 1991 1722 2046 compro-
1747 1974 1796 2039 B
1827 1946 2322 2047 Pti9ne.T°1‘?tana
2340 1963 2373 2047 εξ
2392 1945 2573 2047 (iam
2587 1946 2734 2047 τδίξξδ
2755 1951 2887 2047 ξ’,οδί
3223 1945 3294 2000 de
3308 1947 3472 2047 Alma"

101 2065 212 2118 bant
239 2079 346 2118 non
368 2063 571 2118 solum
607 2064 976 2134 sapientiam,
999 2081 1198 2118 verum
1234 2065 1411 2119 etiam
1445 2064 1723 2119 sanctita-

101 2158 192 2206 tem
223 2152 476 2208 Montani
511 2154 571 2206 in
606 2153 888 2224 Hispania
919 2153 1101 2208 fuisse
1123 2153 1534 2224 percelebrem.

148 2260 400 2324 Quamvis
447 2264 800 2314 sanctorum
844 2259 1254 2315 Toletanorum
1292 2260 1456 2315 fastis
1497 2277 1612 2316 non
1643 2261 1720 2317 sit

95 2348 375 2420 ascriptus,
406 2348 679 2403 fraudari
712 2365 824 2402 non
861 2351 1054 2419 potest
1090 2347 1278 2420 elogio
1332 2350 1517 2404 sancti
1565 2349 1712 2405 Ilde-

93 2436 291 2507 phonsi,
322 2437 419 2509 qui
448 2454 595 2492 eum
641 2437 1024 2492 beatissimum
1059 2438 1390 2493 sacerdotem
1435 2436 1713 2510 appellat,

93 2543 282 2581 necnon
329 2531 578 2581 Patrum
650 2526 1201 2598 Carthaginensium
1253 2526 1716 2583 conclamatione

84 2625 302 2671 sanctum
331 2619 685 2672 Montanum
717 2616 1253 2671 denominantium.

142 2725 281 2779 Licet
303 2724 600 2779 virtutum
634 2723 899 2780 omnium
933 2723 1106 2779 laude
1147 2723 1434 2794 ﬂoruerit,
1468 2724 1716 2779 maxime

89 2827 198 2868 vero
222 2813 337 2870 zelo
360 2814 581 2868 domus
607 2811 838 2868 Domini
862 2813 1064 2868 ardere
1087 2813 1251 2868 visus
1282 2816 1453 2882 est,et
1473 2829 1577 2884 pro
1603 2812 1714 2869 [ide

86 2902 371 2957 orthodoxa
397 2907 566 2958 sarta
595 2907 754 2957 tecta
775 2902 994 2956 tuenda
1020 2907 1195 2973 atque
1217 2918 1518 2957 sacrorum
1545 2919 1712 2958 cano-

86 3008 198 3046 num
214 2992 522 3065 disciplina
543 2993 1162 3060 instauranda,contra
1176 3008 1432 3048 errorum
1444 2997 1709 3048 monstra

83 3089 126 3135 et
144 3101 330 3153 pravos
360 3101 508 3139 usus
542 3083 606 3138 in
633 3082 915 3154 Hispania
939 3086 1278 3154 grassantes
1303 3082 1540 3137 assidue
1564 3099 1709 3154 prae-

80 3169 202 3226 liari.
226 3173 280 3227 Id
305 3172 571 3244 epistola
588 3173 714 3242 jam
737 3170 989 3226 laudatae
1013 3171 1594 3242 testantur,undique
1614 3188 1707 3227 ze-

78 3258 176 3314 lum
204 3261 510 3331 spirantes;
543 3261 666 3316 sive
688 3261 1062 3332 presbyteros
1086 3260 1422 3316 Palentinos
1446 3260 1704 3315 chrisma

1827 2035 2007 2090 larico
2031 2035 2212 2106 impio
2227 2035 2569 2106 crudelique
2585 2033 2884 2089 catholicae
2913 2032 3183 2088 Clotildis
3205 2037 3468 2088 vexatore

1827 2130 2206 2198 reportatum.
2239 2127 2360 2189 Qua
2389 2142 2458 2180 ex
2491 2141 2550 2179 re
2581 2140 2695 2179 non
2728 2128 2945 2178 temere
2974 2123 3308 2194 opinamur,
3334 2139 3476 2178 san-

1826 2215 2154 2270 ctissimum
2187 2213 2494 2285 praesulem
2541 2229 2657 2268 non
2690 2219 2806 2267 tam
2852 2213 3017 2267 senio
3065 2228 3239 2282 quam
3282 2211 3480 2267 dolore

1824 2304 2178 2367 confectum,
2206 2321 2340 2358 cum
2368 2303 3013 2358 vidisseturbemtanta
3028 2300 3361 2356 calamitate
3384 2318 3480 2372 op-

1825 2410 2111 2465 pressam,
2137 2393 2458 2448 Ecclesiam
2485 2409 2764 2464 sponsam
2790 2407 2958 2446 suam
2977 2389 3272 2445 omnivita
3294 2389 3478 2446 cario-

1822 2497 1944 2537 rem
1981 2483 2151 2536 bonis
2183 2482 2308 2536 suis
2357 2480 2768 2551 exspoliatam,
2807 2495 2947 2534 vasa
2989 2495 3157 2534 sacra
3187 2494 3372 2549 usque
3405 2479 3476 2533 ad

1819 2573 2118 2644 sexaginta
2129 2571 2628 2642 abrepta,patinas
2641 2567 3284 2640 quindecim,librorum
3302 2569 3483 2624 Evan-

1820 2661 2106 2732 geliorum
2133 2660 2342 2716 thecas
2363 2659 2594 2731 viginti,
2615 2659 2815 2714 omnia
2830 2675 2898 2714 ex
2911 2674 3053 2713 auro
3077 2657 3471 2713 mundissimo

1821 2750 2070 2806 conﬂata
2091 2755 2266 2820 atque
2300 2747 2748 2821 pretiosissimis
2772 2747 3022 2817 gemmis
3044 2746 3473 2812 ornata,oculos

1819 2844 1982 2895 tanta
2013 2838 2176 2894 clade
2206 2836 2555 2909 defatigatos
2584 2836 2890 2901 clausisse;
2916 2851 3164 2906 eamque
3195 2851 3318 2890 rem
3340 2851 3474 2890 om-

1820 2929 1986 2984 nium
2012 2927 2524 2983 luctuosissimam
2547 2931 2793 2980 mortem
2821 2924 2905 2979 illi
2932 2923 3475 2980 maturavisse.Pro-

1825 3017 2097 3075 coronide
2129 3018 2338 3072 damus
2367 3015 2544 3071 verba
2585 3015 2646 3070 ~S.
2677 3013 3035 3085 Ildepbonsi,
3070 3013 3286 3084 quibus
3324 3014 3470 3068 tanti

1821 3107 1930 3164 viri
1959 3107 2211 3179 elogium
2239 3105 2547 3178 expressit,
2581 3104 2707 3159 Lib.
2741 3104 2811 3158 de
2841 3101 2994 3158 Viris
3016 3103 3232 3158 illustr.
3259 3119 3387 3174 cap.
3412 3103 3469 3158 3.

1895 3221 1921 3248 «
1955 3201 2266 3253 Montanus
2298 3199 2426 3266 post
2457 3193 2686 3250 Celsum
2719 3193 2920 3265 primm
2953 3193 3112 3247 sedis
3163 3191 3469 3263 provincias

1821 3286 2194 3358 Carthaginis
2214 3283 2502 3339 Toletanis
2517 3282 2682 3337 urbis
2697 3281 3036 3337 cathedram
3051 3281 3243 3335 tenuit
3267 3296 3280 3332 :
3295 3279 3472 3334 homo

79 3347 876 3444 ‘°“ﬂ?‘e‘?‘e§z_aiq“°_a“?“‘”
899 3349 1074 3444 89mg
1093 3349 1398 3444 eP_i“°°P°S
1413 3349 1706 3444 ad__c°n_s°'
1740 3339 1783 3407 Ο
2165 3339 2406 3444 spiritus
2438 3371 2652 3438 nitens,
2684 3376 2742 3425 et
2770 3368 2988 3438 eloquii
3034 3367 3472 3438 opportunitate

78 3438 286 3493 crandas
302 3439 583 3494 basilicas
609 3439 1008 3493 adsciscentes
1031 3437 1239 3493 acriter
1263 3438 1556 3509 coarguit;
1584 3438 1703 3494 sive

77 3525 300 3595 ipsorum
328 3527 636 3583 levitatem
661 3536 836 3598 atque
860 3527 1190 3581 vecordiam
1219 3526 1576 3598 perstringit,
1603 3527 1702 3597 qui

84 3617 527 3673 abominandam
553 3615 915 3672 Priscilliani
934 3615 1204 3670 haeresim
1225 3615 1720 3686 abjicientes,ejus

103 3725 282 3764 nomen
311 3711 605 3765 honorare
633 3710 960 3779 pergerent;
984 3706 1102 3762 sive
1130 3706 1271 3760 dum
1305 3705 1718 3776 probatissimo

94 3802 393 3871 presbytero
407 3798 707 3855 Thuribio
729 3797 1135 3852 auctoritatem
1153 3813 1319 3851 suam
1337 3797 1405 3850 ad
1425 3795 1544 3850 haec
1564 3795 1719 3850 mala

87 3890 372 3944 coercenda
401 3888 750 3944 committit.
775 3885 1034 3954 Denique
1081 3890 1301 3956 quanta
1343 3885 1713 3940 veneratione

82 3980 442 4034 Romanorum
462 3977 808 4048 pontiﬁcum
840 3975 1049 4030 moniti
1078 3974 1429 4046 suspexerit,
1455 3979 1710 4045 quanto-

82 4085 172 4136 que
192 4069 378 4124 studio
393 4068 785 4125 conciliorum
809 4069 1145 4122 sanctorum
1164 4082 1416 4121 canones
1439 4066 1704 4120 observa-

81 4157 118 4211 ri
134 4161 419 4226 curaverit,
449 4159 731 4229 exemplo
763 4157 875 4211 erit
905 4156 1058 4227 quod
1082 4172 1149 4210 ex
1180 4154 1429 4226 epistola
1451 4153 1709 4210 secunda

83 4265 175 4303 non
204 4249 676 4322 improbabiliter
706 4247 1080 4317 conjicimus,
1102 4250 1276 4317 atque
1309 4245 1486 4301 latius
1519 4245 1578 4299 in
1614 4261 1711 4300 no-

81 4337 138 4392 tis
163 4340 358 4396 adeam
377 4335 923 4412 exponemus.Cum
950 4335 1107 4390 enim
1132 4335 1373 4406 quidam
1397 4333 1710 4406 illegitime

83 4427 266 4485 electus
283 4447 346 4486 ac
366 4429 687 4484 ordinatus
709 4427 1042 4498 episcopus,
1067 4424 1230 4480 Celso
1253 4424 1705 4496 metropolitano

81 4516 300 4576 Montani
332 4520 796 4592 praedecessore,
821 4514 1531 4587 comprovincialibusque
1556 4514 1708 4585 epis-

80 4611 209 4678 copis
255 4611 485 4673 insciis,
565 4605 886 4662 Ecclesiam
955 4604 1320 4660 Palentinam
1368 4603 1700 4670 invasisset,

1833 3465 2100 3528 decorus,
2131 3461 2391 3532 regimen
2447 3458 2686 3514 honoris
2735 3456 3042 3512 retentavit
3088 3469 3154 3510 ac
3183 3455 3475 3526 disposuit

1831 3549 2121 3620 condigne
2162 3546 2672 3616 cmlestiquejure,
2704 3542 2881 3599 simul
2911 3555 2970 3598 et
3000 3542 3476 3614 ordine.Scripsit

1829 3638 2110 3711 epistolas
2133 3637 2280 3691 duas
2302 3634 2703 3690 ecclesiasticis
2726 3631 2996 3687 utilitatis
3011 3631 3321 3704 disciplina
3343 3648 3476 3687 con-

1828 3727 2006 3782 fertas
2026 3743 2038 3793 ;
2057 3742 2085 3781 e
2100 3725 2315 3796 quibus
2332 3740 2506 3778 unam
2524 3721 2794 3778 Palentiaa
2811 3720 3324 3791 habitatoribus,in
3354 3738 3472 3792 qua

1827 3817 2194 3890 presbyteros
2217 3813 2476 3869 chrisma
2497 3812 2802 3872 conﬁcere,
2821 3812 3244 3882 episcoposque
3264 3809 3466 3866 alienae

1825 3904 2094 3961 dioecesis
2118 3902 2357 3958 alterius
2379 3901 2653 3957 territorii
2679 3899 2964 3955 Ecclesiae
2983 3916 3468 3969 consecrare,ma-

1823 4010 1940 4066 gna
1953 3992 2292 4065 perhibetur
2315 3989 2621 4062 prohibere
2650 3990 3321 4057 auctoritate,sacrarum
3343 3989 3463 4042 Lit-

1822 4088 2081 4138 terarum
2098 4079 2455 4136 testimoniis
2477 4079 2780 4135 afﬁrmans
2796 4077 2852 4132 id
2873 4078 3067 4149 ipsum
3085 4077 3209 4133 ﬂeri
3233 4077 3467 4149 penitus

1823 4188 1936 4226 non
1963 4170 2466 4225 licere.Amatores
2485 4185 2714 4239 quoque
2731 4167 3112 4222 Priscillianze
3135 4166 3470 4234 sectm,licet

1823 4277 1935 4316 non
1955 4257 2577 4330 operareutureadem,
2592 4257 2732 4327 quia
2751 4262 2948 4311 tamen
2974 4255 3318 4310 memoriam
3339 4255 3469 4324 ejus

1820 4364 2015 4404 amore
2049 4348 2392 4415 retinerent,
2423 4346 2656 4399 abdicat
2685 4347 2741 4399 et
2757 4343 3468 4414 exprobrat,commemo-

1817 4453 1976 4505 rans,
2002 4437 2156 4507 quod
2180 4436 2238 4490 in
2273 4435 2440 4489 libris
2468 4431 2794 4488 beatissimi
2814 4429 3085 4485 Thuribii
3115 4429 3374 4501 episcopi
3397 4431 3468 4486 ad

1815 4527 2062 4582 Leonem
2091 4541 2299 4597 papam
2319 4521 2540 4591 missis,
2556 4521 2758 4576 eadem
2780 4517 3281 4575 Priscillianorum
3297 4519 3472 4576 haere-

1814 4614 1897 4670 sis
1912 4613 2630 4683 detecta,convicta,atque
2645 4610 2913 4664 decenter
2927 4612 3159 4663 maneat
3174 4607 3464 4665 abdicata.

79 4701 350 4756 Montanus
370 4701 442 4754 ad
460 4698 811 4754 Toletanam
832 4695 1030 4751 sedem
1059 4699 1316 4759 evectus.
1348 4697 1578 4749 8011th
1601 4693 1700 4748 diu
1732 4709 1778 4773 Ι)
1808 4703 1994 4759 Aliam
2025 4718 2156 4758 vero
2188 4700 2496 4772 epistolam
2523 4701 2593 4754 ad
2627 4698 2981 4754 Thuribium
3006 4697 3368 4768 religiosum,
3403 4699 3462 4754 in

79 4786 397 4857 impunitum
435 4804 575 4844 esse
609 4803 722 4841 non
765 4794 850 4842 est
895 4801 1130 4857 passus,
1165 4799 1352 4854 neque
1386 4781 1701 4839 multorum

77 4880 308 4948 precibus
339 4879 568 4937 adduci
626 4876 837 4950 potuit,
871 4884 948 4931 ut-
985 4880 1190 4932 contra
1237 4873 1424 4930 sancti
1475 4871 1705 4929 concilii

80 4969 256 5027 Νὴεηὶ
285 4975 532 5029 decreta
565 4969 886 5040 quidquam
913 4967 983 5022 de
1008 4965 1243 5022 illorum
1286 4964 1592 5021 severitate
1614 4979 1704 5018 re-

87 5061 325 5118 mitteret.

135 5163 248 5225 Quae
277 5159 483 5216 omnia
517 5173 590 5214 eo
615 5155 802 5224 magis
830 5153 1092 5209 Montani
1120 5153 1392 5208 virtutem
1417 5166 1708 5207 commen-

84 5245 208 5316 dant,
237 5265 350 5322 quo
383 5245 734 5304 mirabilius
765 5247 881 5310 est,
914 5249 1204 5312 pastorem
1238 5239 1705 5311 adeointegerri-

85 5351 516 5408 mum,sanazque
537 5335 779 5389 Patrum
799 5347 1040 5387 suorum
1060 5330 1332 5385 doctrina:
1347 5330 1427 5384 ita
1440 5334 1706 5384 tenacem

85 5423 140 5477 iis
162 5428 519 5500 temporibus
543 5423 836 5488 ﬂoruisse,
861 5436 990 5475 cum
1017 5420 1229 5474 Ariana
1263 5419 1498 5474 haeresis
1522 5423 1704 5473 totam

89 5513 174 5568 fere
193 5517 528 5588 ilispaniam
555 5513 957 5583 occupaverat,
978 5525 1112 5564 cum
1161 5508 1363 5563 Gothis
1386 5507 1623 5579 regibus
1645 5506 1702 5560 in

87 5600 636 5676 thronojactabunda
653 5598 1133 5670 consedens.lpse
1147 5615 1276 5653 vero
1301 5615 1414 5652 non
1441 5597 1494 5651 in
1513 5596 1705 5667 aliquo

85 5699 270 5748 remoto
291 5693 513 5764 angulo
533 5690 794 5756 latuerit,
815 5703 1012 5743 verum
1048 5687 1106 5741 in
1139 5686 1335 5741 media
1350 5686 1474 5758 ipsa
1495 5685 1704 5756 Hispa-

85 5779 161 5834 nia
194 5798 384 5837 coram
417 5779 691 5854 principe
739 5775 1033 5843 haeretica,
1087 5779 1324 5845 totoque
1377 5773 1702 5829 aulicorum

1823 4809 1942 4864 qua
1985 4791 2329 4847 collaudans
2346 4806 2477 4844 eum
2490 4789 2666 4860 ,quod
2681 4787 2963 4843 culturam
2980 4787 3463 4843 destruxeritido-

1813 4881 2004 4937 lorum
2017 4879 2354 4948 ,committit
2367 4878 2416 4933 ei
2432 4876 2811 4933 sacerdotalis
2825 4878 3230 4932 auctoritatem
3243 4877 3461 4950 vigoris

1815 4987 2104 5044 perquam
2123 4969 2487 5040 presbyteros
2518 4968 2775 5022 chrisma
2791 4968 3071 5022 conﬁcere
3084 4971 3140 5022 et
3159 4967 3462 5037 episcopos

1815 5059 2017 5116 aliena:
2052 5057 2225 5114 sortis
2256 5057 2496 5112 alterius
2527 5057 2790 5112 diaecesis
2815 5054 3098 5110 Ecclesiae
3120 5071 3461 5109 consecrare

1818 5164 2028 5218 magna
2057 5151 2394 5219 compescat
2425 5145 2769 5200 invectione.
2807 5143 2911 5198 Hic
2931 5142 3019 5196 vir
3049 5141 3465 5212 antiquissima

1819 5238 2092 5309 ﬁdelique
2110 5235 2706 5306 relationejnarratur,
2741 5232 2814 5287 ad
2845 5230 3349 5301 exprobrationem
3373 5230 3462 5286 in-

1818 5325 2008 5380 famia
2027 5325 2228 5380 tandiu
2250 5321 2814 5396 prunastenuissein
2833 5318 3177 5374 vestimento
3192 5318 3461 5376 ardentes

1816 5417 2001 5471 donec
2023 5431 2219 5472 coram
2243 5413 2401 5469 sedis
2426 5430 2544 5468 suae
2578 5427 2743 5466 sacro
2764 5409 2933 5463 altari
2953 5408 3133 5463 totius
3157 5408 3350 5464 missae
3379 5427 3463 5466 ce-

1815 5504 2145 5560 lebritatem
2179 5517 2281 5572 per
2297 5500 2678 5570 semetipsum
2698 5495 2969 5568 expleret.
2995 5496 3245 5552 Peractis
3261 5504 3457 5554 autem

1813 5593 2201 5660 solemnibus,
2223 5606 2327 5644 nec
2353 5605 2552 5660 prunas
2572 5587 2900 5658 ignem,nec
2926 5586 3106 5642 vestis
3128 5587 3344 5640 inventi
3368 5593 3458 5643 est

1815 5682 2084 5738 amisisse
2097 5681 2384 5734 decorem.
2399 5676 2561 5731 Tunc
2580 5675 2695 5730 Deo
2709 5674 2910 5730 relatis
2932 5675 3255 5746 gratiarum
3275 5676 3456 5730 actio-

1815 5771 2008 5839 nibus,
2034 5786 2136 5840 per
2154 5766 2480 5838 simplicem
2515 5768 2781 5819 naturam
2813 5763 2969 5834 ignis
3001 5761 3262 5817 convicta
3287 5767 3378 5816 est
3398 5768 3456 5817 et
