3836 6324
125 367 180 424 65

117 499 155 549 in
181 490 359 547 amoris
383 488 613 545 Cantico
657 486 849 554 (Cant.
892 505 953 553 ιι,
988 487 1042 556 2)
1070 501 1081 540 :
1111 487 1274 541 Sicut
1323 485 1512 542 lilium
1547 486 1703 539 inter
1732 486 1783 549 Α

115 583 284 652 spinas,
315 579 388 633 sic
417 579 601 631 amica
633 591 767 630 mea
796 579 949 629 inter
988 574 1158 630 tilias.
1197 577 1376 647 Spina
1414 581 1504 631 est
1539 576 1694 629 inter

113 673 285 743 spinas,
314 669 449 721 inter
481 665 782 735 inquietos
811 664 1336 734 inquietus,lilium
1370 666 1522 720 inter
1551 663 1696 727 lilia,

112 754 626 825 interdisciplinatos
653 755 972 826 paciﬁcus;
999 752 1168 824 spina
1201 754 1356 807 inter
1385 752 1526 821 lilia,
1558 750 1699 808 Saul

109 850 224 904 inter
257 843 544 917 prophetas
593 860 607 897 :
652 844 755 897 sed
807 858 943 896 cum
977 842 1048 896 iis
1079 840 1181 912 qui
1212 842 1466 896 oderunt
1496 856 1696 911 pacem

109 943 201 994 erat
225 934 496 1006 paciﬁcus,
531 937 589 987 et
621 931 705 987 sic
735 931 930 987 lilium
963 932 1111 987 inter
1142 931 1364 1002 spinas.

170 1031 182 1062 ¹
207 1025 252 1078 9.
284 1023 505 1078 Factum
527 1027 617 1076 est
643 1026 838 1076 autem
864 1021 926 1076 in
948 1021 1158 1076 diebus
1185 1020 1322 1087 illis,
1349 1025 1411 1074 ut
1431 1020 1705 1075 tribunus

115 1113 585 1185 (a)Scandinensis.
606 1112 708 1183 qui
736 1116 794 1166 et
819 1111 1173 1166 Tornacensi
1197 1117 1443 1183 praeerat
1464 1110 1705 1174 civitati,

115 1202 424 1275 congregatis
436 1201 773 1256 senioribus
789 1199 1147 1272 populi,cum
1165 1200 1706 1254 eil'renatamultitu-

113 1295 215 1348 dine
227 1290 533 1364 paganismi
549 1289 962 1344 decerneretin
977 1288 1510 1354 communi,utsine
1525 1289 1710 1342 delec-

115 1392 158 1438 tu
188 1379 511 1436 conditionis
553 1384 655 1433 aut
678 1395 854 1433 sexus
885 1377 1289 1432 indifferenter
1328 1393 1532 1432 omnes
1574 1376 1708 1430 ﬁdei

113 1469 398 1524 Christiana:
411 1468 667 1522 cultores
681 1468 753 1521 ab
767 1468 914 1521 urbe
927 1467 1009 1521 'l‘o
1020 1483 1188 1521 rnaco
1232 1483 1299 1520 cu
1311 1482 1364 1520 m
1386 1465 1713 1538 ignominia

118 1559 508 1630 pellerentnr,et
523 1557 651 1612 suis
667 1556 909 1612 omnino
926 1555 1404 1626 possessionibus
1421 1555 1715 1626 privaren-

110 1655 198 1703 tur.
221 1645 614 1718 Propelluntur
637 1647 820 1717 igitur
843 1645 914 1699 ad
939 1645 1218 1714 injuriam
1233 1643 1714 1699 ChristiSerenus

112 1743 156 1793 et
175 1737 366 1792 Blanda
385 1740 440 1790 et
466 1735 679 1790 unicus
705 1750 908 1789 eorum
929 1732 1083 1788 ﬁlius
1097 1731 1468 1788 Eleutherius
1481 1733 1553 1787 ab
1569 1733 1714 1786 urbe

114 1825 338 1891 Tornaci,
383 1823 637 1896 propriis
681 1822 886 1878 nudati
921 1822 1415 1894 possessionibus,
1449 1821 1713 1877 destituti
1747 1797 1791 1861 Β

115 1914 304 1986 praediis
323 1918 377 1968 et
395 1912 586 1984 gloria
605 1911 940 1982 temporali.
965 1911 1074 1966 Sed
1099 1910 1330 1966 virtutis
1353 1909 1714 1980 exercitium,

117 2003 239 2074 quod
267 2001 502 2056 latuerat
526 2002 585 2055 in
613 2000 1016 2072 prosperitate,
1042 1999 1226 2069 magis
1249 2015 1315 2053 ac
1338 1997 1526 2069 magis
1549 1997 1718 2052 inno-

118 2091 271 2146 tnitin
287 2091 649 2146 adversitate.
670 2090 763 2145 Sic
781 2089 937 2144 enim
956 2093 1257 2160 unguenta
1275 2085 1720 2142 redolerelatius

116 2182 343 2235 nesciunt
367 2179 474 2234 nisi
499 2183 795 2234 commota
822 2194 835 2231 :
860 2177 945 2236 sic
967 2181 1218 2232 aromata
1238 2177 1310 2247 (ὁ)
1337 2175 1719 2246 fragrantiam

113 2286 204 2325 non
219 2272 560 2339 expendunt,
582 2267 695 2322 nisi
721 2266 1087 2337 fuerintigne
1105 2281 1387 2320 succensa
1412 2281 1424 2318 :
1451 2265 1536 2319 sic
1554 2263 1722 2336 grani

113 2357 296 2428 sinapis
317 2358 499 2412 virtus
520 2371 897 2428 nequaquam
913 2354 1308 2426 cognoscitur,
1326 2354 1436 2408 nisi
1453 2355 1622 2408 theca
1634 2369 1724 2408 va-

113 2445 203 2503 lide
235 2453 584 2502 conteratur:
619 2463 731 2500 non
771 2445 1090 2501 contritum
1124 2443 1246 2498 leve
1263 2449 1373 2509 est,
1406 2443 1724 2498 contritum

111 2536 322 2605 amplius
349 2534 672 2590 inardescit
710 2539 766 2588 et
798 2531 1178 2587 acrimoniam
1210 2531 1446 2586 latentis
1476 2531 1722 2601 energies

107 2623 432 2680 vehementer
443 2623 728 2679 ostendit.
745 2622 835 2677 Sic
849 2621 906 2676 in
923 2621 1324 2693 persecutione
1346 2621 1528 2675 virtus
1543 2619 1722 2675 animi

105 2713 388 2768 declaratur
420 2731 433 2768 :
465 2714 558 2768 sic
582 2712 738 2784 quod
775 2712 992 2767 latebat
1024 2711 1082 2765 in
1119 2709 1461 2782 parentibus
1493 2715 1549 2764 et
1581 2707 1720 2777 filio,

109 2801 418 2858 luculentius
445 2802 736 2874 aperitur.
763 2799 928 2855 Unde
949 2799 1063 2855 alia
1086 2799 1282 2854 littera
1304 2799 1444 2854 dicit
1474 2798 1712 2866 (Psalm.

111 2907 199 2956 xu,
233 2891 281 2959 9)
321 2908 334 2945 :
381 2891 440 2945 In
482 2891 582 2945 die
619 2889 919 2945 mandavit
947 2889 1225 2944 Dominus
1259 2887 1721 2943 misericordiam

109 2995 264 3044 suam,
283 2980 347 3050 (ε)
368 2985 422 3035 et
441 2981 497 3035 in
524 2977 1280 3034 noctedeclaravit.Donum
1300 2977 1454 3032 enim
1481 2975 1575 3032 Dei
1599 2993 1724 3047 gra.

111 3070 307 3137 tuitum,
340 3070 492 3140 quod
527 3068 592 3123 in
626 3073 890 3139 tempore
921 3068 1252 3123 serenitatis
1284 3066 1637 3136 infunditur,
1662 3066 1722 3121 in

110 3156 545 3213 tribulationibus
583 3157 936 3212 declaratur.
969 3156 1077 3210 Sed
1102 3155 1242 3227 quid
1269 3154 1452 3226 paleis
1484 3155 1554 3210 ad
1580 3154 1728 3210 triti-

107 3262 215 3300 cum
242 3247 266 3299 ?
295 3248 431 3303 dicit
463 3245 757 3302 Dominus
789 3245 1008 3315 (larem.
1040 3261 1202 3312 XXIII,
1236 3245 1346 3315 28).

164 3334 314 3389 tO.Ut
331 3337 502 3407 igitur
524 3335 1015 3406 disjungerentur
1036 3339 1092 3389 et
1116 3333 1283 3401 locis,
1307 3333 1409 3404 qui
1433 3333 1728 3405 disjunge-

103 3423 278 3478 bantur
296 3430 347 3479 et
367 3425 633 3492 actibus,
662 3428 820 3478 mota
841 3427 929 3478 est
949 3424 1273 3494 persecutio
1296 3421 1467 3493 quasi
1493 3427 1727 3489 ventus,

101 3509 291 3567 Etsicut
308 3513 705 3569 invalescente
723 3515 1027 3567 ventorum
1055 3511 1290 3567 turbine
1312 3510 1615 3566 ventilatis
1638 3528 1732 3581 pa-

110 3600 210 3669 leis,
231 3608 280 3657 et
303 3602 654 3658 adulterinis
674 3601 896 3673 granis,
920 3605 977 3656 et
992 3601 1448 3672 vacuisjamjam
1475 3599 1727 3671 rejectis,

107 3695 211 3758 post
222 3693 602 3763 regyrationes
619 3689 970 3762 multiplices
984 3706 1166 3762 grana
1179 3689 1370 3745 solida
1383 3689 1732 3761 congloban-

109 3782 187 3832 tur
210 3781 266 3834 ad
296 3781 564 3847 invicem,
595 3779 1069 3836 utuniusmassaa
1087 3780 1414 3850 quamdam
1439 3778 1735 3849 insepara-

114 3867 258 3923 bilem
274 3870 856 3942 t‘aciantportionem,
877 3868 954 3939 (ἀ)
972 3868 1054 3923 sic
1073 3886 1103 3922 a
1121 3868 1354 3923 civitate
1372 3869 1532 3940 regia
1551 3867 1736 3922 elimi-

113 3959 567 4017 naticbristicole
590 3966 648 4016 et
674 3959 899 4030 ﬁdeles,
934 3977 1047 4015 non
1079 3959 1250 4014 divisi
1283 3959 1380 4014 sed
1419 3958 1590 4023 uniti,
1615 3974 1728 4013 non

114 4049 310 4103 contriti
329 4053 422 4105 sed
443 4050 642 4118 exciti,
667 4049 925 4104 vividius
946 4047 1350 4121 glomerantur
1371 4047 1441 4102 ad
1466 4047 1734 4101 Eleuthe-

111 4136 231 4192 rinm
255 4143 304 4193 et
335 4146 632 4210 parentes,
659 4143 714 4193 et
739 4137 797 4192 in
830 4137 978 4205 loco,
1011 4137 1110 4208 qui
1144 4135 1510 4192 Blandinium
1537 4134 1731 4207 appel-

110 4223 253 4291 latur,
291 4230 591 4285 basilicam
632 4233 694 4283 in
733 4227 956 4282 honore
1000 4227 1061 4283 B.
1109 4227 1262 4283 Petri
1299 4229 1650 4282 construunt
1677 4227 1736 4280 et

117 4316 392 4373 adiﬁcant:
421 4318 519 4373 ubi
545 4318 621 4373 ad
647 4317 932 4371 Serenum
953 4314 1124 4370 multi
1150 4314 1457 4386 gentilium
1481 4313 1732 4368 familia.

116 4403 530 4477 ritatisantiquaa
549 4405 766 4477 gratia,
791 4421 1015 4459 necnon
1040 4409 1096 4459 et
1119 4420 1222 4474 pro
1249 4402 1586 4457 meritorum
1608 4402 1736 4472 ejus

117 4493 410 4549 excellentia
450 4494 850 4559 conﬂuentes,
892 4492 1089 4547 relicto
1133 4491 1478 4564 gentilitatis
1521 4507 1735 4559 errore,

1753 3235 1796 3302 C

891 357 956 414 S.
1005 353 1479 417 ELEUTHEBII
1526 354 1714 414 Vl'l‘A
1755 350 2128 415 AUCTORE
2171 355 2594 420 GUIBERTO.

3386 369 3463 426 66

1814 483 2163 541 videbantur
2182 489 2426 545 rediisse
2444 495 2560 546 tem
2572 508 2711 562 pora
2725 493 3192 566 prophetarum(l
3206 497 3362 552 Esdr.
3381 507 3463 578 ιιι)

1813 589 1944 627 cum
1982 576 2093 629 sub
2127 578 2446 634 Zorobabel
2490 582 2943 637 reaedilicaretur
2975 584 3282 655 templum.
3319 576 3464 649 Quin

1807 668 2224 742 imo,jucunda
2245 693 2348 730 nos
2365 676 2705 749 imaginatio
2722 683 3008 750 protrahit
3025 684 3090 736 ad
3109 683 3468 740 Machabaao-

1813 775 1934 813 rum
1960 761 2390 820 consideranda
2422 771 2708 838 tempora,
2743 786 2875 824 cum
2913 772 3226 826 Machabaei
3254 774 3463 829 fratres

1809 865 1944 903 suos
1957 850 2252 921 dispersos
2266 855 2714 928 revocant,leges
2728 857 2919 928 lapsas
2932 859 3466 932 erigunt,renovant

1812 940 2207 1007 caeremonias,
2226 944 2709 1014 mundantsacra,
2728 947 3139 1021 damnalongtn
3156 951 3464 1007 desolatio-

1815 1027 1904 1082 nis
1943 1028 2154 1084 eximio
2190 1031 2423 1086 virtutis
2454 1036 2800 1104 compendio
2835 1037 3206 1094 redimentes.
3232 1041 3464 1096 Recole-

1816 1129 1949 1170 mus
1962 1117 2232 1173 Ecclesia:
2253 1121 2546 1176 nascentis
2563 1123 2868 1179 infantiam
2881 1169 2894 1191 ,
2913 1143 3233 1197 pauperum
3250 1129 3469 1185 Christi

1816 1207 1969 1258 statu
1981 1207 2307 1273 m,videbim
2318 1226 2382 1263 us
2402 1211 2761 1266 consimilem
2777 1213 3132 1270 humilitatis
3149 1219 3278 1272 mod
3293 1217 3466 1286 ulum,

1818 1308 1850 1346 a
1877 1309 1990 1362 quo
2011 1295 2262 1365 sumpsit
2283 1299 2532 1353 ecclesia
2545 1300 2937 1358 Tornacensis
2961 1305 3256 1359 exordium
3274 1312 3330 1362 et
3347 1324 3475 1378 pro-

1819 1396 2091 1452 gressum.
2143 1383 2266 1438 Non
2311 1387 2380 1441 de
2421 1386 2704 1443 lateribus
2745 1391 2874 1460 ejus
2917 1392 3117 1448 arvina
3157 1396 3470 1465 pendebat,

1821 1473 2054 1543 quando
2097 1474 2298 1530 nullus
2340 1479 2636 1549 proprium
2664 1480 2883 1551 aliquid
2919 1485 3236 1540 asserebat.
3261 1487 3368 1541 Sed
3403 1503 3473 1542 ne

1824 1562 1988 1632 plebs
2028 1563 2272 1620 humilis
2309 1565 2468 1622 velut
2507 1569 2789 1640 acephala
2832 1588 2934 1642 per
2963 1569 3206 1628 licentiae
3234 1591 3472 1647 campos

1821 1667 1989 1722 vaga,
2019 1652 2106 1706 vel
2131 1653 2199 1724 (ε)
2222 1658 2367 1710 tetre
2389 1672 2491 1727 per
2512 1657 2764 1714 hereses
2785 1661 3022 1732 dyscola
3043 1663 3319 1733 periculis
3341 1667 3476 1720 sub-

1826 1741 2083 1806 deretur,
2097 1742 2439 1798 Theodorus
2453 1745 2512 1799 in
2530 1747 2783 1818 primum
2801 1750 3140 1821 episcopum
3156 1752 3478 1808 Tornacen-

1827 1845 1949 1884 sem
1983 1847 2015 1884 a
2043 1830 2244 1900 paucis
2276 1831 2548 1888 fidelibus
2579 1835 2980 1893 confirmatur.
3011 1839 3117 1894 Sed
3149 1840 3224 1912 (ι’)
3257 1841 3479 1896 interiit

1827 1917 2023 1972 divino
2041 1935 2355 1989 percussus
2371 1922 2620 1992 spiculo,
2642 1924 2964 1980 Paucorum
2982 1927 3207 1983 dierum
3226 1934 3477 2002 tempore

1828 2005 2080 2062 evoluto.
2102 2008 2196 2063 Sic
2211 2012 2626 2080 perapostasiae
2640 2013 2844 2068 vitium
2864 2015 3086 2084 primus
3102 2018 3345 2089 angelus
3359 2036 3479 2076 cor-

1829 2095 1977 2161 ruit;
2012 2095 2095 2150 sic
2118 2096 2256 2151 Saul
2290 2097 2513 2168 primus
2544 2101 2918 2156 Hebraeorum
2959 2119 3058 2159 rex
3090 2111 3324 2176 prepter
3355 2125 3479 2178 pec-

1828 2188 2025 2239 catum
2057 2183 2468 2242 inobedientiae
2498 2190 2844 2258 reprobatus
2871 2192 2980 2246 fuit
3000 2194 3043 2262 (l
3065 2195 3193 2266 Reg,
3217 2197 3313 2268 xv)
3343 2215 3356 2252 :
3395 2199 3478 2252 sic

1829 2272 2056 2344 primus
2075 2275 2784 2346 episcOpus'l‘ornacensis
2810 2279 3029 2337 ultione
3051 2283 3248 2340 divina
3271 2285 3482 2356 percel-

1827 2361 1987 2428 litur,
2033 2366 2098 2417 ut
2138 2365 2461 2418 secundum
2502 2366 2794 2437 Sapientis
2825 2368 3127 2440 eloquium
3173 2373 3479 2442 pestilente

1832 2449 2112 2506 mulctato
2127 2453 2407 2522 parvulus
2421 2454 2743 2526 sapientior
2759 2456 3476 2533 habeatur(Prov.xrx,25).

1830 2542 1971 2594 Nam
2004 2557 2136 2595 cum
2161 2541 2364 2612 exiguo
2389 2545 2739 2599 concedatur
2761 2547 3185 2618 misericordia,
3215 2559 3481 2622 potentes

1832 2632 2100 2698 potenter
2117 2629 2405 2701 supplicia
2423 2633 2738 2704 patientur.
2761 2635 2870 2690 Sed
2891 2638 2989 2708 qui
3014 2640 3181 2695 sedes
3204 2642 3480 2712 superbo-

1832 2732 1961 2770 rum
1996 2718 2220 2786 evertit,
2243 2722 2301 2774 et
2325 2719 2573 2776 humiles
2597 2739 2698 2793 pro
2720 2723 2937 2780 eisdem
2963 2727 3287 2796 constituit,
3309 2730 3478 2786 Eleu-

1831 2804 2167 2875 theriumin
2194 2807 2532 2880 episcopum
2567 2809 2696 2879 eligi
2733 2814 3084 2885 procuravit,
3119 2821 3176 2871 et
3205 2818 3333 2887 ejus
3363 2818 3478 2873 ele-

1831 2893 2020 2948 ctione
2048 2895 2392 2951 conﬁrmata
2419 2914 2520 2968 per
2546 2901 2622 2968 (g)
2650 2916 2946 2956 summum
2969 2905 3324 2975 pontiﬁcem,
3348 2925 3478 2976 gra-

1831 2986 1892 3037 tu
1905 2981 1980 3036 ito
1993 2989 2367 3040 consecratus
2382 2987 2542 3042 estin
2557 2990 2894 3060 episcopum
2910 2992 3332 3050 Tornacensem
3353 3000 3484 3068 post

1833 3071 2204 3127 Theodorum
2226 3073 2330 3144 (h).

2483 3181 2712 3239 CAPUT
2747 3184 2845 3253 ιιι,

1836 3272 2058 3324 Mortua
2078 3286 2111 3324 a
2141 3269 2195 3326 S.
2229 3270 2540 3346 Eleutherio
2570 3275 2892 3329 resuscitata
2907 3278 3097 3345 κακέ,
3128 3278 3384 3346 claudus,
3406 3281 3482 3334 le-

1904 3357 2097 3411 Ρνοδῑιις
2117 3343 2336 3421 δίφρῳ·
2365 3343 2726 3421 Τονηαοβηεῳ
2753 3346 2823 3399 ad
2853 3348 3013 3414 ﬁdem
3045 3343 3329 3412 cenversz';
3355 3343 3483 3421 pec-

1907 3415 2091 3466 catum
2126 3411 2424 3467 Chlodoveo
2456 3417 2573 3484 regi
2602 3411 2929 3472 indicatam.

1908 3517 2035 3580 ³12,
2050 3516 2407 3572 Sublimatus
2421 3517 2792 3576 Eleutherius
2808 3522 2989 3577 infula
3003 3526 3300 3595 pastorali,
3316 3527 3485 3584 bonis

1841 3605 2114 3676 Operibus
2138 3604 2402 3677 implevit
2430 3607 2786 3679 pontiﬁcem,
2817 3612 3256 3682 cujueofﬁcium
3280 3618 3490 3672 mereri

1843 3693 2030 3766 magis
2051 3694 2551 3765 studueratquam
2576 3698 2842 3769 mercari,
2866 3701 3065 3756 vivens
3088 3704 3492 3762 ordinabiliter

1841 3782 1976 3850 sibi,
2003 3781 2294 3838 socialiter
2316 3783 2604 3854 proximo,
2633 3788 2731 3841 sed
2767 3788 3068 3845 humiliter
3100 3792 3155 3846 in
3185 3797 3492 3860 praesentia

1841 3873 2128 3928 Creatoris
2165 3889 2176 3928 :
2212 3874 2573 3946 compositus
2614 3876 2684 3930 ad
2730 3894 2940 3948 mores,
2971 3881 3226 3938 fervidus
3259 3885 3315 3938 in
3351 3885 3491 3940 dile-

1843 3962 2052 4028 ctione,
2072 3969 2416 4018 mansuetus
2440 3963 2498 4018 in
2518 3965 2814 4036 societate,
2841 3968 3069 4026 stabilis
3091 3970 3147 4025 in
3175 3973 3491 4044 promisso,

1842 4052 2009 4107 fortis
2027 4053 2098 4106 ad
2125 4053 2490 4120 patientiam,
2516 4071 2735 4125 pronus
2759 4056 2828 4110 ad
2856 4059 3249 4130 concordiam,
3271 4061 3495 4132 rigidus

1844 4142 1913 4197 ad
1929 4158 2260 4196 censuram.
2282 4142 2583 4197 Eratenim
2602 4143 2916 4214 injudiciis
2931 4153 3143 4219 rectus,
3161 4150 3496 4221 injubendo

1844 4231 2158 4296 discretus,
2208 4231 2266 4284 in
2305 4231 2748 4302 dispensatione
2787 4235 3134 4303 industrius,
3171 4238 3232 4292 in
3274 4242 3498 4310 agendo

1845 4324 2141 4387 strenuus,
2175 4321 2232 4372 in
2258 4320 2595 4374 auxiliando
2618 4321 2928 4390 sollicitus,
2954 4323 3013 4377 in
3039 4327 3300 4382 consiliis
3322 4328 3498 4392 fidus,

1845 4407 1904 4461 in
1926 4407 2406 4477 responsionibus
2429 4408 2911 4478 circumspectus.
2937 4412 3042 4476 Qui
3068 4414 3206 4468 dum
3233 4417 3498 4472 oratione

1847 4513 1955 4552 sua
1977 4498 2237 4551 reticeret
2264 4497 2516 4568 quadam
2551 4496 2612 4568 (ἰ)
2645 4498 2764 4552 vice
2795 4499 3093 4568 spiritum,
3121 4520 3251 4559 ecce
3281 4522 3495 4564 vesana

114 4583 264 4636 renati
279 4584 428 4639 fonte
444 4580 1199 4655 baptismatis,idololatria3
1214 4579 1416 4635 sordes
1431 4579 1522 4649 abj
1535 4579 1737 4648 iciunt,
1770 4605 1816 4668 ι)
1848 4587 2112 4658 quaedam
2131 4585 2348 4638 tribuni
2367 4583 2485 4639 ﬁlia
2499 4586 2938 4652 Scandinensis,
2957 4607 3083 4660 quae
3101 4590 3346 4650 latenter
3358 4613 3490 4652 eum

114 4671 364 4728 catholicae
389 4673 524 4728 fidei
551 4672 787 4728 cultum
811 4670 1166 4741 suscipiunt,
1193 4669 1367 4724 ritum
1395 4673 1646 4723 mutant.

167 4761 183 4793 ²
213 4763 282 4814 tl.
303 4762 794 4833 Refulgentejam
821 4758 964 4826 sole,
987 4759 1086 4829 qui
1118 4758 1278 4828 prius
1297 4755 1737 4823 eratinnubilo,

116 4849 355 4904 serenitas
389 4849 704 4922 aspiravit,
750 4853 902 4902 ccstu
945 4845 1206 4902 fidelium
1239 4846 1297 4900 in
1331 4845 1578 4901 ecclesia
1608 4861 1742 4900 con-

117 4949 333 5008 gregato.
347 4937 968 4994 Gratulabaturcaatus
984 4934 1241 4990 ﬁdelium
1256 4933 1646 4990 orthodoxoru
1658 4949 1710 4988 m
1725 4973 1740 4999 ,

177 5121 192 5192 ξ
219 5119 366 5192 Alias
396 5137 530 5192 cap.
567 5135 626 5174 ν.

177 5187 194 5262 ξ
218 5190 360 5246 Alias
384 5187 515 5262 cap.
549 5207 634 5245 v1.

176 5257 670 5340 ἾᾼΕιεσέρινιξ
798 5329 835 5340 ..
951 5330 962 5340 .
1093 5328 1280 5340 ....-

179 5333 239 5401 ia)
274 5328 592 5398 Excusum,
627 5329 1024 5398 Scaudiensis;
1059 5329 1218 5398 alibi,
1243 5328 1663 5384 Scandiniensts
1685 5331 1742 5383 et

131 5397 510 5473 Scaidiniensis,
542 5397 618 5460 ad
653 5401 910 5458 Scaldim
945 5397 1210 5456 ﬂuvium;

181 5475 243 5554 (ὁ)
265 5470 582 5554 βξβιιειιω,
617 5474 971 5554 fragrantia?
999 5488 1106 5554 non
1139 5470 1460 5554 exter‘tdunt.
1489 5543 1500 5554 .

181 5549 236 5624 lc)
265 5549 446 5624 l-_3ditio
481 5545 744 5624 vulgata,
779 5553 832 5600 et
865 5547 924 5599 in
952 5547 1106 5624 nocte
1134 5545 1416 5624 canticum
1442 5545 1588 5624 ejus.
1631 5611 1643 5624 .

183 5618 241 5691 id)
267 5614 632 5691 Repetuntu'r
662 5621 719 5672 in
753 5633 969 5691 excuso
1002 5615 1124 5691 haec
1155 5614 1330 5691 verba
1360 5617 1494 5691 ante
1521 5614 1744 5691 posita:

131 5683 176 5737 Πι
192 5683 832 5763 igitur-disjungerentur
857 5698 911 5744 et
939 5688 1070 5743 locis
1093 5689 1190 5759 qui
1210 5683 1680 5757 disjungebantur
1700 5693 1751 5740 et

1851 4676 2156 4741 dilexerat,
2193 4674 2263 4728 ab
2298 4674 2541 4744 antiquo
2559 4680 2762 4730 vexata
2781 4678 3274 4748 spiritulibidinis
3299 4701 3507 4757 oppor-

1851 4764 2164 4820 tunitatem
2206 4766 2375 4817 nacta
2412 4763 2772 4832 solitudinis,
2803 4769 3162 4826 verecundiae
3190 4773 3402 4832 tollens
3435 4777 3511 4831 si-

1846 4851 2188 4926 gnaculum,
2234 4849 2408 4905 irruit
2431 4851 2487 4905 in
2511 4857 2796 4909 secretum
2818 4854 3424 4934 locum,intcrrumpit
3442 4865 3507 4918 il-

1847 4940 1946 4996 lud
1964 4937 2226 4994 divinum
2242 4935 2738 5009 alloquium.Proh
2756 4942 3509 5019 pudorlFateturaﬁ‘ectum,

1849 5109 2080 5178 actibus,
2122 5116 2268 5164 mota
2313 5113 2392 5165 est
2415 5111 2719 5182 persecutio
2780 5110 2838 5165 in
2888 5113 3254 5170 Christianos.
3300 5119 3514 5170 Desunt

1852 5199 1912 5238 1n
1957 5197 2070 5235 ms.

1921 5252 1993 5324 (ε)
2026 5251 2341 5324 Excusum,
2375 5261 2566 5324 terrm.

1924 5323 2480 5397 (npassimfulmine
2499 5340 2870 5397 percussum,
2892 5325 3032 5380 etob
3047 5328 3404 5397 superbiam,
3421 5348 3515 5386 vo-

1852 5393 2003 5452 lunt.
2038 5393 2232 5464 Aliqui
2269 5393 2530 5465 laudant,
2554 5394 2840 5450 Catullius
2873 5397 2954 5452 ait
2977 5393 3133 5453 tradi
3161 5400 3336 5456 etiam
3359 5393 3511 5458 vitar-

1857 5478 2036 5539 tyrem
2066 5465 2270 5539 obiise.

1935 5504 2456 5608 (ﬁtﬁi‘ii’éacus
2489 5535 2734 5590 Romam
2770 5538 3064 5608 profectus
3095 5541 3332 5598 dicitur.

1929 5605 2011 5681 (It)
2033 5609 2208 5681 guno
2240 5605 2367 5660 487.

1933 5676 2000 5750 (i)
2033 5677 2340 5747 Excusutn,
2378 5676 2519 5732 luce.
