3836 6344
318 428 394 486 6'1
1148 423 1211 482 s.
1259 399 1739 482 ELEUTHEBII
1783 419 1974 479 VITA
2019 401 2385 486 Ancroas
2431 421 2865 483 GUIBERTO.
3677 424 3753 484 es

320 557 465 627 petit
481 553 880 622 concubitum,
905 553 1103 608 turbat
1126 552 1180 606 in
1202 552 1472 623 pontiﬁce
1488 548 1737 622 pectoris
1757 550 1961 605 sabba-
1991 553 2042 616 Α
2073 549 2371 616 bus,velut
2393 552 2463 606 de
2487 554 2740 623 quodam
2755 554 2920 620 fonte
2940 551 3347 625 copiosissimo
3368 553 3632 609 ubertim
3668 555 3743 609 ef-

317 643 582 699 tismum.
613 643 720 698 Sed
741 657 870 697 ecce
895 641 1040 695 alter
1061 639 1304 711 Joseph,
1329 641 1425 710 qui
1449 639 1648 694 relicto
1673 638 1868 710 pallio,
1890 639 1975 692 fu-

316 734 422 803 git,
441 737 497 787 et
513 748 785 803 egressus
804 734 891 785 est
916 729 1084 797 foras,
1109 728 1450 800 relinquens
1475 727 1701 783 feminae
1725 732 1940 782 vestem
1955 769 1968 794 ,

317 838 389 876 ne
432 821 789 890 relinqueret
829 819 1178 874 castitatem.
1225 823 1293 871 At
1333 817 1434 872 illa
1479 822 1738 888 protecta
1773 816 1970 887 pallio,

315 905 631 981 postquam
655 924 783 962 eam
799 907 1117 962 salubriter
1137 907 1396 977 pontifex
1409 912 1648 962 sanctus
1665 905 1973 961 admonuit

321 1004 380 1053 et
411 996 716 1068 corripuit,
749 995 1024 1068 spiritum
1056 995 1367 1052 exhalavit.

393 1091 478 1144 13.
523 1090 784 1143 Audiens
835 1088 1109 1143 tribunus
1155 1088 1282 1143 ﬁliae
1317 1086 1712 1142 miserabilem
1747 1086 1972 1141 obitum

324 1178 712 1248 obstupescit.
741 1175 851 1231 Sed
879 1176 928 1230 si
954 1175 1164 1230 Christi
1193 1177 1362 1230 ﬁdem
1385 1193 1518 1230 vero
1533 1175 1704 1230 corde
1720 1173 1976 1245 proﬁteri

315 1266 588 1332 voluerit,
619 1264 1068 1334 B,Eleutherius
1084 1265 1153 1318 de
1167 1264 1639 1319 divinaconﬁsus
1657 1263 1980 1318 misericor.

319 1357 431 1423 dia,
456 1355 858 1410 suscitandam
885 1353 1013 1422 ejus
1041 1352 1220 1408 ﬁliam
1246 1353 1616 1424 repromittit.
1642 1353 1864 1406 Annuit
1887 1370 1979 1422 pa-

318 1447 426 1510 ter,
446 1447 501 1496 et
515 1442 822 1496 celebratis
843 1459 911 1495 ex
926 1458 1083 1495 more
1099 1442 1411 1496 missarum
1432 1440 1610 1495 solem
1623 1440 1976 1507 niis,terram

322 1536 564 1586 sanctus
585 1531 786 1587 baculo
803 1531 1344 1603 percutitpastorali
1369 1548 1381 1584 :
1407 1532 1614 1585 etdum
1635 1531 1977 1602 patrilﬁdem

325 1621 511 1675 facere
527 1637 703 1692 super
717 1621 1006 1691 promisso
1042 1619 1268 1687 nititur,
1294 1621 1481 1674 factus
1496 1625 1582 1676 est
1600 1627 1760 1674 terrae
1787 1625 1981 1674 motus

323 1709 643 1765 horribilis.
683 1710 828 1775 Quid
854 1708 1063 1779 plura?
1084 1710 1272 1764 Patris
1293 1708 1602 1764 inﬁdelitas
1625 1708 1800 1763 certis
1830 1707 1981 1762 indi-

320 1799 424 1855 ciis
443 1797 718 1870 aperitur.
749 1803 1098 1853 Pernoctans
1122 1797 1301 1864 igitur
1335 1803 1578 1853 sanctus
1603 1798 1660 1851 in
1695 1798 1979 1863 oratione,

323 1905 492 1944 mane
506 1891 760 1959 coeptum
777 1888 1133 1958 aggreditur.
1156 1887 1264 1941 Sed
1285 1886 1493 1942 iterato
1510 1892 1676 1942 terrae
1698 1891 1861 1941 motu
1883 1903 1980 1957 pa-

317 1979 426 2032 tris
445 1976 763 2032 inﬁdelitas
779 1976 1182 2032 conﬁrmatur.
1203 1977 1310 2040 Qui
1335 1981 1728 2048 compunctus
1745 1977 1812 2031 ad
1835 1981 1979 2031 tem-

318 2083 430 2136 pus
448 2065 614 2121 tertio
634 2067 800 2131 redit,
823 2067 1068 2138 pedibus
1091 2065 1386 2136 pontiﬁcis
1410 2082 1472 2120 se
1493 2065 1831 2137 prostravit,
1857 2081 1977 2119 rea-

317 2159 442 2210 tum
455 2154 966 2224 aperit,ﬁctionem
980 2153 1472 2224 ostendit,recipit
1488 2153 1666 2209 ﬁliam
1685 2153 1740 2207 in
1756 2152 1978 2208 Christi

318 2243 555 2298 nomine
571 2248 737 2315 perB.
758 2243 1157 2299 Eleutherium
1178 2243 1550 2298 suscitatam.
1569 2246 1700 2310 Quae
1722 2242 1974 2297 catcchi-

315 2339 445 2387 zata
461 2332 592 2387 ﬁdei
609 2331 1206 2402 rudimentis,sexque
1220 2331 1445 2387 dierum
1469 2333 1972 2403 purgatajejunio,

316 2419 764 2492 regeneraturiu
785 2420 1014 2475 Christo
1036 2437 1048 2488 ;
1070 2437 1247 2490 quam
1264 2419 1481 2476 Blanda
1497 2419 1840 2475 venerabilis
1856 2437 1976 2474 ma-

312 2513 399 2562 ter
433 2509 691 2581 episcopi
724 2510 794 2564 de
820 2525 984 2564 sacro
1009 2509 1167 2564 fonte
1189 2509 1470 2580 suscepit,
1498 2508 1732 2564 Blandze
1757 2526 1970 2564 nomen

313 2597 502 2652 eidem
523 2599 827 2668 imposuit.
855 2601 992 2664 Quae
1014 2598 1237 2652 tribuni
1257 2598 1377 2653 ﬁlia
1399 2600 1780 2670 postmodum
1807 2596 1973 2651 Blan-

315 2686 474 2741 dinio
505 2704 715 2742 nomen
765 2687 942 2742 dedit.
971 2688 1128 2743 Hanc
1159 2692 1323 2758 pater
1352 2688 1423 2742 ad
1457 2687 1858 2742 inﬁdelitatem
1888 2703 1972 2742 re-

313 2777 499 2839 diens,
535 2776 738 2832 multis
763 2777 954 2832 affecit
976 2777 1265 2832 molestiis
1294 2794 1360 2832 eo
1383 2777 1537 2848 quod
1572 2781 1726 2832 esset
1757 2776 1966 2833 ﬁdelis.

313 2866 420 2919 Sed
451 2864 611 2936 virgo
650 2864 950 2920 Christum
991 2864 1390 2935 lucrifaciens,
1417 2865 1598 2936 patris
1628 2867 1701 2937 (a)
1733 2865 1969 2921 abdica-

313 2953 472 3008 tione
495 2959 758 3025 ereptum
789 2953 898 3008 sibi
926 2954 1344 3024 patrimonium
1376 2955 1821 3025 parvipendens,
1847 2972 1972 3026 per-

314 3058 587 3097 severans
621 3042 678 3095 in
716 3043 847 3107 ﬁde,
870 3042 947 3114 (ὁ)
975 3043 1195 3114 quievit
1219 3043 1466 3114 inipace.
1491 3043 1731 3114 Sepulta
1754 3043 1808 3096 in
1833 3041 1968 3097 villa

317 3131 600 3186 Blandinii
629 3131 813 3202 pridie
836 3131 1369 3201 (c)calendas.lunii
1394 3136 1529 3187 ante
1568 3136 1631 3187 B.
1684 3131 1834 3186 Petri
1881 3149 1969 3187 sa-

313 3219 566 3274 crarium
595 3225 652 3273 et
683 3218 882 3275 altare.

2085 641 2296 695 tundit.
2320 643 2498 705 Quam
2519 643 2654 696 dum
2680 643 2846 698 oll'ert
2867 648 3105 698 sanctus
3123 644 3381 714 pontifex
3397 643 3453 696 in
3473 641 3749 698 ministe-

2084 729 2236 784 rium
2261 729 2587 786 holocausti
2619 733 2807 787 statim
2846 734 3019 787 refert
3049 731 3120 800 id)
3154 731 3468 787 xeniumin
3490 732 3738 802 signum

2087 817 2349 871 muneris
2366 819 2682 890 impetrati.
2706 821 2852 876 Nam
2875 822 3264 890 promissione
3287 837 3418 875 mox
3439 821 3714 876 certiﬁca
3727 851 3748 862 ο

2088 911 2185 960 tur
2212 907 2476 978 angelica
2506 909 2660 978 quod
2692 909 2819 978 ejus
2851 911 3035 964 oratio
3071 916 3160 966 est
3187 911 3476 966 exaudita.

2163 997 2246 1048 16.
2273 1001 2420 1066 Ergo
2444 997 2582 1067 quia
2607 1013 2708 1068 per
2729 1013 2902 1052 omne
2927 998 3223 1070 ﬂagellum
3253 998 3590 1054 Jerusalem
3617 1014 3752 1052 eru-

2090 1074 2268 1143 ditur,
2301 1083 2359 1130 et
2391 1094 2491 1146 per
2521 1077 2880 1131 vexationem
2913 1077 3249 1133 intellectus
3281 1080 3434 1133 acies
3466 1081 3750 1150 aperitur.

2093 1181 2220 1218 mox
2251 1181 2427 1235 super
2461 1181 2719 1236 paganos
2740 1183 2951 1220 manus
2984 1166 3209 1221 Domini
3244 1180 3459 1238 pestem
3493 1183 3751 1238 exagge-

2093 1271 2229 1308 rans
2261 1255 2876 1327 aggravatur.Prodire
2900 1274 3014 1311 non
3049 1263 3296 1328 possunt
3327 1259 3384 1311 in
3421 1257 3746 1328 publicum,

2092 1354 2380 1415 coguntur
2402 1345 2689 1399 daemonia
2712 1361 2924 1415 negare
2957 1362 3326 1416 responsum,
3359 1345 3623 1400 ﬁnaliter
3653 1346 3752 1398 dc-

2092 1440 2340 1489 cernunt
2365 1433 2610 1506 gentiles
2636 1435 2938 1488 tribunum
2960 1435 3238 1502 occidere,
3263 1435 3312 1488 si
3338 1451 3451 1490 non
3473 1436 3534 1489 in
3563 1434 3751 1489 omni-

2091 1524 2202 1578 bus
2227 1525 2470 1579 voluerit
2495 1523 2820 1578 Eleutherio
2844 1524 3194 1578 consentire.
3219 1524 3327 1586 Qui
3353 1524 3663 1578 venientes
3683 1524 3751 1577 ad

2093 1619 2384 1680 sanctum,
2403 1611 2674 1684 lacrymis
2689 1613 2856 1682 fusis,
2873 1617 3249 1683 prosternunt
3269 1627 3331 1666 se
3345 1613 3604 1683 pedibus
3619 1629 3751 1666 san-

2091 1702 2167 1756 cti
2201 1701 2515 1772 pontiﬁcis.
2547 1701 2858 1772 Impletum
2891 1705 2978 1757 est
3009 1700 3154 1755 illud
3188 1701 3347 1756 Isaiae
3379 1701 3746 1757 vaticinium:

2093 1791 2336 1846 Venient
2358 1791 2426 1845 ad
2445 1796 2498 1846 te
2511 1808 2577 1845 cu
2590 1791 2670 1844 rvi
2695 1790 2799 1844 ﬁlii
2823 1806 2954 1846 eoru
2968 1806 3046 1858 ω,
3071 1789 3171 1860 qui
3190 1789 3744 1855 humiliaveruntte,

2091 1891 2147 1937 et
2185 1883 2285 1953 qui
2317 1881 2706 1936 detrahebant
2733 1881 2859 1948 tibi,
2893 1881 3220 1935 adorabunt
3249 1881 3498 1952 vestigia
3525 1881 3743 1952 pedum

2087 1975 2322 2026 tuorum
2357 1972 2504 2042 (lsai.
2538 1987 2627 2039 Lx,
2655 1971 2763 2042 14).
2800 1975 2936 2026 Post
2963 1971 3082 2026 haec
3107 1969 3326 2025 indicto
3350 1975 3595 2042 septum
3626 1970 3742 2024 die-

2087 2059 2734 2131 rumsolemnijejunio,
2751 2059 2842 2114 die
2864 2064 3064 2114 octava
3086 2059 3363 2114 tribunus
3383 2063 3440 2114 et
3487 2058 3744 2130 populus

2086 2148 2273 2202 induti
2314 2147 2522 2214 saccis,
2553 2148 2856 2203 exeuntde
2882 2149 3160 2203 Tornaco.
3194 2150 3348 2211 Quos
3381 2163 3637 2202 numero
3671 2146 3744 2200 si-

2084 2241 2398 2308 gnatorum
2433 2235 2825 2292 etelectorum
2858 2242 3099 2292 sanctus
3131 2235 3373 2292 ascribit
3404 2235 3746 2306 charactere

2083 2325 2457 2397 baptismatis
2488 2328 2545 2380 e't
2584 2327 2716 2382 ﬁdei
2758 2331 3148 2382 sacramento.
3193 2326 3338 2382 Nam
3371 2325 3643 2381 volentes
3682 2325 3746 2380 de

2083 2416 2342 2470 tenebris
2365 2416 2596 2486 prodire
2615 2416 2684 2471 ad
2709 2415 2922 2484 lucem,
2944 2421 3004 2470 et
3029 2413 3302 2486 amplecti
3325 2414 3743 2470 suavissimam

2084 2503 2299 2559 Christi
2313 2503 2523 2576 legem,
2541 2521 2660 2560 sua:
2675 2504 3069 2560 conversionis
3085 2504 3374 2575 primitias
3401 2502 3743 2574 baptismali

2083 2592 2312 2648 lavacro
2339 2610 2577 2649 necesse
2600 2600 2689 2648 est
2725 2594 3072 2664 consecrari,
3107 2598 3400 2665 quatenus
3431 2593 3491 2646 in
3528 2609 3741 2648 novam

2085 2683 2702 2739 animaeinnocentiam
2719 2684 2915 2739 etvitaa
2939 2683 3246 2738 infantiam
3272 2687 3674 2737 renascantur
3693 2683 3743 2735 in

2085 2772 2253 2846 aquis
2276 2773 2734 2845 regenerationis
2759 2773 3024 2844 deposita
3047 2777 3333 2827 vetustate
3367 2771 3618 2842 peccati.
3647 2775 3743 2825 Cc-

2082 2863 2410 2918 lebrataest
2427 2879 2563 2935 ergo
2578 2880 2704 2919 cum
2725 2864 2935 2934 gaudio
2959 2863 3081 2918 dies
3109 2862 3206 2917 illa
3228 2862 3517 2917 solemnis
3533 2862 3740 2932 quinto

2080 2951 2356 3006 calendas
2369 2953 2658 3020 Octobris,
2673 2969 2806 3008 cum
2822 2951 3215 3024 agentilitatis
3230 2967 3424 3007 errore
3447 2951 3740 3022 perEleu-

2081 3041 2336 3108 therium
2370 3057 2687 3096 conversus
2708 3047 2797 3098 est
2817 3042 2886 3096 ad
2909 3042 3084 3095 ﬁdem
3108 3039 3455 3096 catholicam
3482 3040 3739 3112 populus

2078 3129 2488 3186 Tornacensis.
2512 3136 2645 3186 Haec
2667 3136 2757 3188 est
2778 3131 2924 3199 dies,
2953 3148 3131 3202 quam
3156 3131 3318 3185 nulla
3341 3129 3515 3185 debet
3545 3131 3742 3185 detere

2083 3219 2321 3289 oblivio,
2336 3221 2434 3275 sed
2451 3221 2768 3276 exuberare
2792 3238 2900 3276 vox
2922 3221 3112 3276 laudis
3131 3225 3187 3276 et
3209 3221 3533 3293 gratiarum
3553 3220 3742 3288 actio;

385 3306 403 3340 ί
439 3309 523 3363 14.
550 3307 763 3363 Volens
786 3314 982 3363 autem
1008 3308 1291 3364 Dominus
1322 3327 1602 3381 generare
1633 3308 1744 3364 sibi
1780 3326 1964 3381 popu-
1995 3278 2038 3343 C
2076 3309 2758 3378 cumtamindignatione
2774 3327 2951 3381 quam
2970 3309 3744 3366 miserationeconversaest

309 3396 434 3452 lum
451 3414 517 3451 su
528 3397 912 3464 bstantivum,
931 3398 1220 3469 corripuit
1233 3399 1310 3454 To
1321 3414 1628 3454 rnacenses
1645 3403 1804 3469 peste
1819 3415 1970 3452 mor-

308 3485 624 3552 tissubitze,
643 3504 759 3557 qua
779 3487 1069 3557 percussit
1085 3486 1305 3542 ibidem
1322 3487 1552 3559 aliquos
1579 3503 1964 3559 paganorum.

310 3575 844 3630 Latebantvulneru
857 3594 904 3630 ιιι
921 3577 1964 3648 signa,nesciebatureﬁ‘ectumcausa,

309 3663 957 3719 sentiebaturfunerum
979 3682 1164 3734 paena,
1183 3666 1835 3736 quaerebaturinefﬁcax
1850 3683 1967 3720 me-

308 3749 523 3804 dicina.
555 3750 698 3805 Nam
735 3755 987 3821 quodam
1023 3756 1214 3808 noctis
1238 3754 1580 3823 crepusculo
1613 3771 1747 3809 cum
1780 3756 1963 3810 armis

309 3837 676 3894 Blandinium
710 3847 980 3910 pergunt,
1027 3846 1296 3896 sanctum
1345 3849 1604 3898 orantem
1633 3843 1958 3912 inveniunt,

308 3927 528 3981 catenis
552 3927 835 3994 vinciunt,
867 3928 1182 3984 Censorino
1207 3932 1418 3986 Caesari
1448 3932 1688 3986 tribuno
1718 3933 1957 4004 sistunt,

304 4020 394 4070 ter
414 4016 590 4088 virgis
624 4033 840 4071 caesum
875 4018 1240 4074 incarcerant
1277 4023 1333 4073 et
1362 4019 1692 4075 recludunt.
1726 4021 1836 4076 Sed
1867 4038 1956 4077 ea-

304 4104 438 4158 dem
477 4108 642 4158 nocte
687 4105 934 4160 visitans
979 4121 1115 4161 eum
1161 4107 1428 4179 angelus,
1477 4107 1665 4163 eidem
1706 4109 1954 4179 assistit,

302 4193 455 4247 fores
478 4191 728 4248 carceris
752 4194 959 4264 aperit,
995 4196 1144 4250 viam
1175 4213 1290 4266 qua
1320 4195 1695 4252 Blandinium
1729 4203 1952 4270 pergat,

300 4281 576 4350 ostendit,
610 4281 842 4336 vincula
873 4283 1216 4355 disrumpit,
1251 4284 1513 4340 vinctum
1544 4286 1760 4352 educit;

377 4371 463 4425 15.
489 4371 568 4425 Ed
581 4376 750 4426 uetus
767 4373 986 4444 gratias
1003 4374 1142 4444 agit,
1168 4377 1224 4428 et
1243 4375 1394 4428 diem
1420 4376 1792 4445 postmodum
1818 4376 1956 4432 mis-

303 4477 502 4515 sarum
529 4467 697 4516 vacat
734 4460 1062 4530 solemniis,
1089 4463 1279 4518 factus
1303 4463 1362 4517 in
1386 4464 1622 4532 exstasi,
1643 4465 1868 4535 positus
1891 4466 1949 4520 in

304 4564 546 4604 excessu
575 4549 812 4619 mentis,
859 4550 1126 4606 obsecrat
1158 4569 1261 4623 pro
1284 4551 1541 4618 tribuno,
1569 4553 1747 4608 Deum
1773 4554 1954 4624 preci-

2075 3402 2239 3453 tanta
2263 3399 2462 3470 populi
2489 3397 2804 3454 multitudo
2824 3401 2998 3455 modo
3025 3399 3276 3454 mirabili
3325 3405 3382 3453 et
3415 3399 3744 3469 stupende,

2078 3487 2230 3542 sicut
2244 3487 2525 3558 scriptum
2541 3489 2798 3559 est)Isai.
2825 3507 2913 3559 Lx,
2940 3490 3027 3560 lO)
3057 3506 3070 3544 :
3097 3489 3157 3545 In
3183 3489 3596 3560 indignatione
3612 3505 3741 3542 mea

2074 3577 2338 3648 percussi
2371 3583 2446 3645 te,
2472 3582 2531 3632 et
2552 3577 2610 3632 in
2635 3578 3110 3634 reconciliatione
3130 3595 3257 3634 mea
3288 3579 3576 3633 misertus
3605 3594 3738 3633 sum

2070 3667 2178 3721 tui.
2207 3667 2458 3722 Sanctus
2479 3683 2616 3738 ergo
2639 3668 2900 3738 pontifex
2929 3673 3058 3740 post
3093 3668 3209 3723 hac
3239 3666 3572 3733 ingreditur
3603 3684 3737 3722 cum

2071 3755 2259 3828 gloria
2297 3757 2618 3824 civitatem,
2667 3773 2840 3828 quem
2883 3757 3136 3830 populus
3161 3759 3474 3812 universus
3503 3756 3737 3828 excepit

2070 3861 2204 3900 cum
2238 3845 2433 3900 debita
2462 3847 2788 3901 reverentia
2819 3847 2975 3901 sicut
3005 3847 3207 3917 patrias
3241 3846 3649 3901 defensorem.

2140 3935 2160 3968 ²
2205 3936 2294 3988 17.
2333 3937 2607 3989 Latuerat
2635 3934 2737 3989 diu
2770 3933 3010 3991 lucerna
3035 3936 3146 3990 sub
3180 3936 3398 4004 modio,
3440 3952 3575 4005 qua:
3601 3937 3729 4005 jam

2068 4022 2262 4093 posita
2292 4038 2468 4093 super
2487 4023 2906 4079 candelabrum
2937 4024 3109 4096 ccepit
3134 4023 3388 4095 amplius
3418 4023 3726 4079 illustrare

2062 4113 2331 4168 domum.
2355 4115 2501 4167 Nam
2526 4112 2664 4166 dum
2681 4128 2747 4168 ex
2761 4111 3429 4186 piipastorispraasentia
3464 4112 3726 4183 populus

2063 4199 2492 4272 gratulabatur,
2517 4191 2997 4270 crescitamplius
3020 4198 3425 4254 exsultationis
3450 4200 3727 4266 materia,

2062 4287 2204 4358 quia
2227 4289 2298 4359 (e)
2319 4303 2508 4342 caecus
2529 4288 2826 4344 adductus
2844 4289 2917 4344 ad
2934 4289 3268 4360 pontiﬁcem
3283 4288 3628 4343 illustratur
3644 4306 3657 4342 :
3674 4293 3732 4344 et

2060 4378 2257 4432 infusa
2280 4377 2393 4432 sibi
2413 4376 2542 4432 luce
2562 4377 2697 4433 ﬁdei
2714 4378 2782 4448 (f)
2809 4377 3039 4433 caecitas
3072 4377 3315 4433 interior
3343 4378 3731 4433 emundatur.

2057 4465 2289 4520 Cacum
2312 4465 2490 4520 etiam
2515 4465 2720 4533 alium,
2756 4465 2994 4521 nomine
3024 4465 3376 4534 Mantilium,
3410 4467 3466 4520 in
3497 4467 3598 4522 die
3637 4468 3737 4521 do-

2060 4553 2262 4609 minici
2294 4553 2515 4611 Natalis
2530 4554 3606 4626 illuminatquidestitutustemporali
3626 4554 3731 4610 sti-

301 4637 413 4691 bus
445 4636 725 4692 sollicitat
757 4655 861 4709 pro
896 4640 1086 4694 salute
1120 4640 1313 4711 populi
1347 4641 1756 4697 Tornacensis.
1781 4645 1959 4698 Cons-
1987 4647 2031 4710 Ι]
2067 4642 2618 4715 pendio,desolatus
2641 4643 2902 4699 ductoris
2923 4644 3228 4717 suffragio,
3253 4649 3458 4715 petens
3477 4642 3736 4698 eleemo-

301 4725 515 4780 titutus
539 4731 626 4778 est
650 4726 707 4778 in
732 4725 830 4780 illa
859 4728 1069 4782 mentis
1087 4727 1409 4799 affectione,
1430 4734 1486 4784 et
1508 4733 1957 4801 expertapaucis

303 4812 584 4870 orationis
604 4813 932 4884 dulcedine,
955 4834 1082 4887 quae
1109 4834 1346 4872 sensum
1371 4818 1695 4874 humanum
1716 4821 1957 4876 omnino

301 4903 689 4974 transcendit,
723 4921 899 4975 quam
937 4921 1042 4961 nec
1063 4923 1244 4962 sonus
1271 4907 1452 4976 vocis,
1474 4925 1578 4976 nec
1595 4908 1810 4981 linguae
1829 4927 1956 4966 mo-

304 4997 424 5062 tus,
477 5008 580 5047 nec
627 4993 953 5048 enuntiatio
996 4994 1306 5050 verborum
1340 4996 1461 5050 ulla
1491 4997 1821 5070 distinguit,
1855 5001 1958 5054 sed

309 5098 481 5153 quam
518 5081 722 5138 devota
763 5099 929 5138 mens
967 5083 1260 5140 infusione
1284 5085 1960 5156 ccelestisillustratalu-

313 5171 510 5238 minis,
531 5171 830 5244 angelicis,
855 5189 966 5228 non
989 5173 1266 5230 humanis
1289 5174 1838 5247 designateloquiis,
1859 5179 1960 5233 sed

311 5259 672 5328 conglobatis
693 5261 751 5315 in
771 5278 954 5318 unum
975 5263 1270 5332 sensibus,
1291 5271 1347 5319 et
1365 5265 1732 5319 mortiﬁcatis
1749 5265 1968 5322 affecti-

385 5420 401 5490 ξ
437 5417 594 5490 Alias
626 5436 754 5490 cap.
786 5437 916 5478 vm.

383 5487 597 5561 n{Alias
627 5487 754 5561 cap.
789 5508 866 5546 1x.

403 5560 456 5634 α)
491 5560 617 5628 Ms,
646 5560 1049 5618 abdicationem
1080 5573 1131 5619 et
1160 5573 1435 5634 ereptum.

409 5632 460 5700 ὁ)
495 5637 628 5687 Post
664 5634 894 5703 plenam
931 5636 1116 5704 patris
1148 5632 1616 5703 conversionem,
1650 5639 1721 5694 ab
1758 5656 1824 5694 eo
1867 5658 1961 5697 se-

313 5705 503 5771 pulta,
541 5711 602 5758 ut
633 5705 730 5758 alii
765 5706 1024 5762 tradunt.

385 5774 455 5845 (ε)
484 5775 614 5843 Ms.,
647 5776 829 5845 pridie
856 5777 975 5832 idus
992 5780 1176 5834 Jumt’.

2073 4749 2282 4802 synam
2314 4733 2372 4786 in
2395 4731 2641 4788 ecclesia
2664 4733 3056 4789 mendicabat.
3083 4733 3425 4806 lncrepatur
3450 4738 3512 4787 ut
3537 4738 3737 4788 taceat

2074 4839 2107 4878 a
2121 4821 2610 4893 praetereuntibus
2635 4837 2648 4876 :
2675 4822 2889 4878 misero
2908 4823 3273 4894 compatiens
3297 4827 3536 4877 sanctus
3559 4838 3736 4889 caeco,

2073 4911 2375 4982 proposita
2389 4912 2524 4966 caeci
2545 4911 2706 4968 illius
2731 4912 3045 4984 evangelici
3068 4911 3344 4985 parabole
3367 4913 3512 4979 (Luc.
3547 4915 3739 4980 xvm),

2075 4999 2432 5071 quirogatus
2447 5005 2511 5054 ut
2534 5005 2771 5072 taceret,
2795 5001 3088 5056 clamabat
3112 5001 3572 5073 amplius,signo
3598 5017 3740 5056 cru-

2077 5087 2165 5142 cis
2199 5085 2385 5142 oculis
2416 5088 2545 5157 ejus
2577 5088 2889 5160 impresso,
2924 5089 3186 5145 restituit
3207 5091 3258 5156 ei
3280 5090 3470 5145 visum
3503 5103 3518 5143 :
3554 5097 3614 5143 et
3647 5088 3742 5150 die

2077 5193 2196 5247 quo
2239 5175 2339 5230 lux
2377 5193 2513 5231 vera
2547 5179 2702 5233 venit
2738 5178 2797 5232 in
2831 5180 3120 5233 mundum
3157 5179 3226 5234 ad
3273 5177 3742 5233 illuminandum

2079 5280 2309 5319 omnem
2325 5263 2647 5336 hominem,
2662 5272 2924 5333 sanctus,
2940 5269 3039 5338 qui
3055 5267 3454 5323 testimonium
3470 5264 3747 5337 perhibe-

2155 5433 2228 5505 (d)
2263 5432 2704 5507 Menlexenz'um,
2728 5432 2948 5491 donum
2971 5434 3629 5507 hospitale,utxenium,
3652 5434 3747 5490 cui

2081 5503 2244 5580 mere
2275 5503 2494 5580 Gallico
2539 5523 2569 5562 e
2602 5503 2982 5578 praeponitur.
3031 5503 3110 5562 De
3157 5526 3222 5564 eo
3271 5507 3555 5580 legendus
3590 5510 3746 5562 Roso

2081 5577 2318 5632 wevdus
2349 5578 2408 5630 in
2439 5576 2838 5636 Onomastieo.

2155 5649 2220 5717 (ε)
2256 5651 2567 5723 Excusum,
2600 5655 2784 5707 cwtus.
2812 5652 2876 5705 In
2901 5647 3032 5705 aliis
3056 5649 3250 5723 agitur
3270 5650 3445 5708 etiam
3470 5650 3540 5704 de
3591 5665 3750 5705 caeco

2078 5717 2447 5778 illuminato.

2153 5790 2222 5862 (Γ)
2256 5792 2437 5858 Idem,
2467 5794 2691 5848 raritas.
