3836 6324
114 366 169 422 ῖ3
907 361 972 425 S.
1017 354 1498 427 ELEUTHERII
1545 362 1733 422 VITA
1776 360 2145 424 AUGTORE
2189 363 2612 425 GUIBERTO.
3391 377 3468 431 74

104 494 316 568 corporis
329 493 734 551 resolutionem
757 497 1404 567 attenderet,indicavit
1418 496 1700 555 adstanti-
1728 501 1781 564 Α
1812 511 1941 550 rum
1970 495 2208 552 ﬁrmum
2239 501 2356 552 stat
2376 497 2508 553 fidei
2533 499 3003 557 fundamentum.
3036 504 3177 560 Inde
3198 513 3283 559 est
3308 508 3461 575 quod

103 584 570 640 bussuumexitum
587 585 937 657 imminere,
958 592 1230 644 eteadem
1249 588 1617 644 hebdomade
1647 603 1710 643 se

103 674 154 727 de
165 688 362 726 carcere
376 674 745 742 corporeo,de
761 676 964 729 carnis
979 677 1276 746 ergastulo
1293 676 1709 748 migraturum,

100 762 559 830 sicutexperientia
572 763 898 819 declaravit
913 781 1015 835 per
1027 765 1265 821 evidens
1277 782 1418 838 argu
1431 771 1708 821 mentum.

149 851 220 903 27.
251 849 308 904 Vi
327 851 453 906 lens
477 867 613 923 ergo
645 853 808 924 quod
834 853 1112 909 transiret
1139 854 1208 910 de
1241 856 1346 911 hoc
1383 854 1604 910 mundo
1634 855 1707 910 ad

98 947 304 1010 patrem,
335 955 465 994 cum
495 941 801 998 dilexisset
831 960 994 1009 suos,
1028 943 1089 999 in
1124 945 1297 1000 finem
1346 943 1548 1000 dilexit
1585 961 1709 1012 eos,

97 1030 234 1083 verba
247 1029 580 1100 promensin
601 1033 816 1087 mortis
834 1033 1082 1091 articulo
1098 1050 1277 1105 super
1299 1033 1410 1088 mel
1429 1041 1483 1088 et
1503 1033 1634 1089 lavu
1649 1049 1703 1088 m

94 1118 379 1188 predulcia.
402 1124 593 1176 Monet
613 1136 713 1177 eos
744 1139 928 1190 super
945 1125 1170 1181 unitate
1193 1123 1493 1189 sectanda,
1519 1122 1703 1194 poeni-

95 1209 242 1262 tentia
260 1207 539 1278 facienda,
563 1211 836 1266 castitate
856 1213 1173 1285 diligenda,
1197 1212 1480 1286 patientia
1510 1211 1709 1283 acqui-

92 1297 255 1361 renda,
278 1297 530 1352 vanitate
549 1297 747 1354 saeculi
762 1303 1213 1369 contemnenda,
1237 1307 1294 1358 et
1315 1307 1448 1374 post
1467 1318 1632 1357 moru
1647 1318 1703 1358 ω

93 1386 515 1442 exhortationem
535 1388 834 1444 subnectit
854 1390 1040 1447 verbis
1062 1391 1470 1462 prolixioribus
1498 1391 1708 1448 utilem

91 1476 146 1529 de
174 1473 486 1531 Divinitatis
523 1481 582 1531 et
617 1477 1005 1535 humanitatis
1041 1480 1152 1536 ﬁde
1196 1497 1551 1537 sermonem.
1583 1484 1711 1536 Mox

99 1566 222 1619 inter
245 1565 464 1621 dolores
499 1568 764 1635 corporis
795 1577 848 1624 et
881 1585 1157 1626 maerores
1189 1571 1428 1634 mentis,
1459 1571 1620 1627 velut
1648 1570 1709 1626 in

90 1654 299 1724 quodam
323 1656 655 1712 meditullio
679 1658 1066 1727 constitutus,
1085 1660 1339 1732 gemitus
1364 1660 1514 1715 fudit
1534 1667 1591 1716 et
1609 1661 1709 1717 tle-

105 1754 212 1812 tus;
234 1747 352 1800 etin
377 1763 438 1802 se
461 1746 706 1818 quidem
733 1765 972 1820 corpore
1005 1752 1256 1822 patiens,
1274 1751 1544 1808 Ecclesiae
1576 1768 1709 1808 vero

1819 584 2026 639 beatus
2059 586 2321 654 pontifex
2361 585 2734 642 Eleutherius
2773 589 2834 644 in
2873 592 3151 647 extremis
3193 608 3374 663 agens
3414 601 3472 649 et

1819 673 2146 729 accersiens
2188 674 2558 740 Andoenum,
2581 675 2754 745 jubet
2778 682 2862 738 .ut
2905 684 3036 750 post
3065 679 3255 751 ipsius
3286 682 3472 752 patris

1815 777 2121 817 excessum
2141 762 2392 818 dilectus
2417 762 2574 818 illius
2597 767 2836 820 Romam
2870 767 3168 836 acceleret,
3189 774 3248 825 et
3273 772 3470 826 muni-

1819 855 2021 906 menta
2041 849 2195 915 ﬁdei,
2219 867 2352 922 quae
2380 857 2622 907 sanctus
2645 854 2994 923 confecerat,
3014 873 3246 913 summo
3275 861 3468 929 ponti-

1818 940 1914 994 fici
1949 939 2240 994 Bonifacio
2273 946 2670 1012 repraesentet.
2703 944 2773 997 Et
2804 942 3015 999 iterum
3041 962 3360 1003 conversus
3397 949 3467 1004 ad

1819 1026 2101 1084 orationis
2131 1027 2528 1097 dulcedinem,
2550 1029 2697 1085 vidit
2725 1048 2757 1084 a
2788 1030 3048 1088 sinistris
3073 1035 3348 1090 Satanam
3374 1054 3470 1092 as-

1817 1117 2146 1172 sistentem.
2185 1117 2426 1174 Volebat
2467 1119 2622 1174 enim
2655 1119 3084 1194 interrumpere
3133 1143 3465 1183 sermonem

1814 1205 2059 1270 orantis,
2091 1206 2178 1262 vel
2213 1215 2426 1262 terrore
2457 1224 2576 1264 sua:
2607 1211 2932 1279 praesentia;
2963 1215 3318 1270 conturbare
3347 1217 3465 1287 spi-

1818 1293 1996 1348 ritum
2026 1296 2293 1351 exeuntis
2318 1319 2332 1361 ;
2359 1297 2459 1351 sed
2485 1297 2868 1354 funestusille
2896 1300 3134 1357 furcifer
3155 1305 3474 1375 apparebat

1815 1381 1877 1436 in
1904 1382 2138 1438 irritum
2158 1383 2209 1438 ei
2231 1384 2536 1454 duntaxat,
2567 1385 2628 1440 in
2661 1403 2777 1458 quo
2800 1387 2946 1444 nihil
2971 1397 3310 1462 reperturus
3342 1401 3468 1448 erat

1819 1472 2122 1542 proprium
2158 1471 2240 1528 vel
2275 1473 2598 1530 funestum.
2649 1477 2830 1539 Quem
2865 1485 3108 1535 sanctus
3140 1481 3463 1553 objurgans

1817 1561 2032 1629 verbis,
2079 1562 2391 1618 confusum
2431 1564 2670 1636 expellit
2719 1571 2958 1623 ostenso
3010 1576 3226 1627 sanctae
3271 1572 3464 1627 crucis

1819 1649 2142 1722 signaculo.
2170 1650 2317 1706 Hinc
2341 1668 2669 1724 monemur,
2691 1654 2920 1722 fratres,
2941 1664 3027 1724 ut,
3053 1675 3186 1714 cum
3211 1666 3470 1716 extrema

1819 1737 1998 1794 debiti
2020 1739 2156 1794 ﬁnis
2174 1739 2446 1796 imminet
2471 1741 2634 1807 hora,
2659 1759 2921 1800 exercere
2933 1762 3040 1801 nos
3061 1748 3267 1804 debeat
3285 1750 3468 1805 oratio

93 1835 933 1907 cordecompatiens,conversus
946 1840 1014 1893 ad
1035 1840 1194 1896 Domi
1207 1858 1278 1895 nu
1291 1857 1345 1896 m
1363 1841 1534 1897 fidem
1550 1857 1710 1896 suam

1895 1829 2124 1883 ntinua.
2172 1828 2228 1882 Si
2259 1829 2416 1884 enim
2463 1831 2533 1884 ad
2580 1831 2782 1901 ignota
2820 1833 2908 1888 vel
2957 1835 3148 1904 posita
3188 1837 3314 1892 loca
3357 1855 3462 1893 nos

92 1925 248 1978 verbis
280 1925 482 1996 ignitis
515 1928 741 1996 recitat,
776 1944 878 1998 pro
910 1928 1112 1985 amicis
1141 1938 1194 1984 et
1228 1928 1489 1986 inimicis
1526 1933 1703 1987 Deum

93 2013 345 2080 obsecrat;
382 2013 712 2070 Ecclesium
746 2019 1200 2084 Tornacensem,
1233 2023 1291 2072 et
1317 2035 1417 2073 eos
1440 2019 1537 2089 qui
1569 2035 1704 2090 spe-

92 2101 278 2156 cialiter
303 2111 351 2157 et
371 2103 584 2158 devote
614 2110 882 2160 tenerent
903 2107 1178 2161 eumdem
1201 2107 1260 2161 in
1288 2108 1571 2163 memoria
1596 2107 1704 2162 Do-

96 2191 222 2246 mino
236 2193 678 2248 recommendat.
698 2193 928 2254 Vidisti,
944 2195 1440 2266 inquit,Domine,
1455 2213 1704 2268 agonem

97 2296 272 2344 meum,
296 2281 444 2335 nosti
464 2283 831 2337 desiderium
859 2299 1050 2338 meum
1079 2301 1090 2339 :
1117 2301 1223 2356 ego
1245 2287 1398 2340 enim
1421 2287 1544 2355 jam
1570 2285 1709 2342 deli-

97 2368 192 2430 hor,
215 2376 261 2422 et
290 2371 434 2425 viam
461 2373 754 2426 universae
778 2372 974 2427 carnis
1006 2373 1302 2444 ingredior
1326 2391 1339 2430 :
1361 2380 1595 2446 tempus
1618 2378 1707 2430 est

98 2465 145 2511 ut
169 2464 312 2512 terre
343 2461 751 2525 commendes,
776 2460 1261 2533 Domine,corpus
1291 2480 1511 2520 meum.
1542 2464 1706 2520 Sicut

93 2561 260 2600 cervus
276 2548 575 2602 desiderat
591 2565 807 2620 aquam
830 2550 1027 2616 fontis,
1047 2552 1233 2607 viator
1253 2553 1426 2609 finem
1451 2553 1703 2623 itineris,

92 2650 258 2690 servus
287 2639 823 2692 remunerationem
857 2641 1070 2710 operis,
1106 2641 1186 2695 ita
1217 2649 1458 2697 sanctus
1488 2643 1705 2713 perfrui

91 2718 456 2786 conspectibus
469 2717 812 2775 Salvatoris.
830 2720 951 2774 Non
964 2738 1030 2775 ne
1051 2724 1219 2777 nobis
1235 2724 1452 2778 dixisse
1469 2726 1704 2780 videtur

93 2805 177 2858 hoc
219 2806 376 2861 verbo
413 2823 555 2861 cum
607 2809 947 2864 tenderetur
987 2811 1261 2881 prolixior
1291 2814 1418 2882 ejus
1471 2815 1702 2885 agonia,

94 2893 340 2949 desiderio
365 2896 538 2961 feror,
567 2914 848 2968 corporea
869 2899 1016 2956 mole
1049 2901 1360 2957 retrahor?
1391 2909 1553 2959 Hanc
1586 2921 1708 2960 sar-

95 2980 250 3036 cinam
282 2989 542 3054 tempore
566 2985 789 3056 prolixo
815 2990 1060 3057 portavi,
1087 2990 1188 3045 diu
1209 3008 1385 3062 super
1421 2993 1705 3063 populum

98 3069 211 3123 mihi
246 3073 532 3127 creditum
575 3074 852 3144 vigilavi:
888 3076 1091 3132 vellem
1124 3079 1197 3133 ab
1229 3079 1335 3134 hac
1375 3081 1708 3137 obedientia

98 3155 313 3229 liberari,
330 3164 490 3232 gravi
522 3162 706 3218 nimis
730 3165 1095 3235 indumento,
1121 3170 1274 3238 quod
1295 3176 1484 3240 gesto,
1508 3187 1709 3242 exspo-

100 3247 546 3317 liari,subtiliore
577 3253 816 3310 vestiri:
852 3255 910 3310 in
943 3260 1017 3323 te,
1055 3256 1322 3322 Domine,
1366 3260 1618 3329 confido,
1652 3267 1708 3316 te

97 3338 258 3393 videre
271 3341 558 3408 desidero,
575 3347 632 3398 te
647 3344 899 3414 requiro,
914 3350 969 3399 te
982 3363 1214 3418 semper
1227 3347 1284 3402 in
1302 3349 1471 3404 terris
1485 3350 1711 3420 positus

99 3427 331 3491 colui,cui
347 3447 432 3486 me
446 3438 572 3487 tota
587 3431 897 3489 dilectione
911 3436 1107 3490 devovi
1127 3454 1138 3491 :
1156 3437 1334 3492 libera
1351 3439 1712 3507 me,Domine

100 3513 223 3570 Deus
244 3534 418 3582 meus,
446 3520 555 3590 qui
579 3537 644 3574 es
660 3520 716 3575 in
741 3524 1090 3578 saeculorum
1112 3524 1324 3580 secula
1344 3526 1707 3582 benedictus.

155 3605 303 3660 28.Et
319 3624 446 3662 ecce
467 3625 610 3663 mox
629 3617 850 3665 certum
876 3611 1264 3670 exauditionis
1282 3615 1586 3680 indicium,
1612 3633 1714 3688 per

102 3704 358 3763 aspectum
383 3698 621 3754 scilicet
651 3706 706 3754 et
735 3700 1021 3756 auditum.
1053 3701 1263 3775 Fulgor
1283 3705 1438 3760 enim
1465 3721 1712 3776 magnus

99 3786 363 3852 apparuit:
388 3804 504 3842 vox
531 3788 600 3842 de
633 3788 775 3843 coelo
797 3789 956 3844 velut
986 3791 1210 3846 alarum
1242 3794 1450 3864 aquilae
1474 3796 1709 3851 sonuit:

97 3872 372 3941 Eleutheri,
405 3881 516 3930 tua
554 3882 644 3931 est
678 3879 951 3933 exaudita
989 3881 1338 3951 deprecatio,
1382 3885 1595 3944 dignus
1625 3891 1715 3942 est

99 3961 224 4016 enim
252 3966 555 4034 operarius
582 3967 712 4022 cibo
745 3985 852 4023 suo
877 3987 891 4034 ;
924 3970 1258 4026 Trinitatem
1279 3973 1562 4029 catholice
1592 3974 1712 4030 col-

102 4046 342 4117 laudasti,
375 4054 621 4110 viriliter
650 4067 707 4111 et
729 4057 976 4113 sollicite
1005 4059 1354 4116 decertasti:
1394 4079 1545 4118 nunc
1577 4079 1714 4118 vero

104 4136 323 4196 ﬁnaliter
352 4145 750 4200 exauditionis
790 4147 1107 4202 efﬁcaciam
1155 4153 1508 4220 reportasti;
1557 4153 1712 4223 quod

106 4226 316 4294 cepisti,
350 4233 759 4300 perﬁce,serve
793 4249 981 4302 meus,
1013 4251 1084 4290 ne
1127 4243 1258 4308 post
1291 4238 1504 4294 bonum
1538 4240 1714 4294 ﬁnem

107 4311 314 4370 ducatur
343 4319 395 4371 in
432 4321 697 4375 irritum.
734 4320 905 4377 Liber
937 4323 1123 4379 bonus
1165 4327 1562 4392 evacuabitur,
1612 4329 1715 4384 sed

105 4407 513 4470 restaurabitur,
539 4407 600 4462 in
636 4410 790 4480 ignis
821 4412 1154 4467 incendium
1182 4415 1457 4482 jacietur,
1482 4418 1584 4472 sed
1618 4433 1718 4474 vo-

103 4486 262 4546 luntas
287 4493 516 4552 Domini
554 4506 666 4563 est,
704 4504 767 4553 ut
801 4506 932 4570 post
962 4501 1076 4557 haec
1109 4502 1372 4558 Ecclesiae
1409 4505 1712 4561 reveletur.

1818 1916 1878 1972 in
1900 1917 2009 1972 hoc
2031 1918 2252 1973 mundo
2271 1918 2520 1974 transire
2543 1919 2940 1992 disponimus,
2958 1925 3129 1979 modo
3151 1943 3255 1980 nos
3280 1928 3469 1998 proxi-

1819 2022 2051 2062 morum
2077 2007 2444 2063 orationibus
2463 2010 2968 2080 commendamus,
2987 2015 3159 2070 modo
3183 2033 3289 2071 nos
3307 2017 3466 2087 ipsos

1818 2095 1876 2150 in
1905 2095 2034 2166 ipso
2067 2095 2446 2167 profectionis
2484 2097 2730 2153 articulo
2758 2101 3034 2156 continua
3069 2102 3458 2176 lacrymarum

1816 2184 2204 2240 inundatione
2223 2185 3036 2255 perfundimus,obsecrantes
3059 2191 3337 2258 Deum,ut
3354 2194 3468 2265 pla-

1817 2273 1964 2329 cidis
1979 2274 2250 2329 itinerum
2263 2274 2675 2345 congressibus
2692 2281 3160 2348 properemus.Et
3177 2282 3226 2337 si
3243 2290 3468 2338 nostani

1817 2364 2083 2420 studiose
2117 2370 2418 2419 manentes
2450 2365 2642 2420 adhuc
2675 2366 2735 2420 in
2776 2371 2988 2423 saeculo
3021 2371 3179 2425 istud
3215 2373 3468 2442 agimus,

1819 2459 2041 2525 quanto
2071 2453 2397 2509 studiosius
2420 2455 2478 2508 in
2507 2455 2620 2510 line
2645 2455 2781 2510 talia
2806 2457 2991 2514 facere
3016 2476 3122 2516 nos
3147 2462 3429 2518 debemus
3454 2464 3466 2519 ι

1887 2543 1978 2596 30.
2013 2542 2175 2598 Unde
2207 2547 2264 2598 et
2296 2543 2502 2598 beatus
2535 2545 2749 2614 praesul
2778 2545 3138 2604 incessanter
3166 2553 3372 2606 orabat
3395 2553 3469 2608 ad

1817 2631 2158 2700 Dominum,
2183 2633 2672 2688 recommendans
2704 2635 2762 2688 in
2798 2651 3008 2692 manus
3039 2639 3168 2707 ejus
3192 2640 3466 2711 spiritum

1817 2738 2032 2777 suum:
2065 2727 2122 2776 et
2146 2727 2419 2792 percepto
2451 2723 2708 2794 corporis
2738 2729 2795 2779 et
2821 2727 3128 2796 sanguinis
3176 2729 3466 2786 Dominici

1817 2816 2208 2875 sacramento,
2243 2827 2456 2866 corona
2477 2812 2779 2868 laureatus
2809 2813 3304 2884 immarcescibili,
3331 2837 3463 2876 cum

1818 2899 2109 2954 immenso
2138 2899 2381 2965 lumine,
2413 2901 2640 2957 cunctis
2664 2902 2764 2973 qui
2785 2904 3030 2960 aderant
3057 2907 3393 2964 videntibus
3411 2918 3470 2965 et

1817 2989 2475 3060 gaudentibus,transiit
2489 2991 2770 3048 invitatus
2783 2993 2850 3047 ad
2867 2993 3071 3065 epulas
3087 2999 3469 3067 paradisi.Sic

1819 3079 2071 3150 pretiosa
2098 3079 2417 3151 margarita
2439 3081 2735 3150 quondam
2767 3082 2840 3136 ab
2859 3082 3200 3142 hominibus
3227 3089 3469 3142 concul-

1819 3173 1971 3233 cata,
2004 3185 2159 3223 nunc
2183 3168 2613 3224 thesaurizatur
2636 3171 2693 3224 in
2718 3171 2901 3241 ccelis,
2928 3172 3250 3230 honoratur
3281 3177 3352 3230 ab
3377 3194 3476 3231 an-

1820 3257 1986 3328 gelis,
2019 3258 2234 3312 lruitur
2263 3258 2571 3328 prasentia
2619 3257 2944 3328 Trinitatis,
2975 3263 3151 3331 digna
3189 3263 3472 3320 thesauro

1821 3346 2000 3416 regio,
2021 3346 2200 3416 digna
2223 3346 2461 3414 palatio,
2486 3346 2665 3416 digna
2683 3347 2826 3402 cmlo
2857 3372 2871 3412 ;
2897 3352 3274 3421 necamplius
3301 3369 3466 3423 erga-

1821 3433 1978 3488 stulo
1996 3433 2315 3499 clauditur,
2346 3440 2686 3504 paupertate
2706 3435 3014 3504 premitur,
3031 3438 3234 3491 exsilio
3253 3442 3471 3507 relega-

1819 3528 1936 3589 tur,
1971 3522 2071 3576 sed
2095 3521 2275 3576 libere
2298 3519 2745 3592 contemplatur.
2781 3523 2884 3577 Hic
2905 3529 2994 3578 est
3023 3528 3176 3580 enim
3207 3528 3266 3582 Β.
3303 3528 3438 3583 Eleu
3459 3562 3473 3571 -

1819 3609 2071 3674 therius,
2106 3608 2376 3680 proprius
2410 3608 2706 3679 apostolus
2728 3610 3117 3668 Tornacensis
3138 3615 3470 3685 evangelica

1821 3698 2400 3771 ministerio,martyr
2412 3701 2697 3770 sanguine
2713 3701 2966 3770 pr0prio.
2984 3707 3294 3776 Martyrem
3311 3724 3377 3761 en
3390 3709 3464 3762 im

1821 3807 1999 3846 causa
2021 3790 2222 3844 facitet
2245 3807 2410 3859 poena
2435 3807 2448 3844 :
2473 3807 2648 3844 causa
2666 3791 2845 3846 fuitin
2861 3809 2926 3848 eo
2949 3799 3205 3862 martyrii
3223 3797 3466 3854 libertas

1823 3881 1956 3934 fidei
1979 3878 2300 3944 catholicas,
2325 3895 2493 3949 pmna
2516 3880 2624 3933 fuit
2645 3882 2932 3936 acerbitas
2961 3887 3251 3952 passionis
3272 3887 3465 3945 illatae.

1819 3969 2223 4026 Confessorem
2258 3985 2392 4023 eum
2420 3967 2794 4025 nihilominus
2821 3974 3074 4029 reddidit
3108 3977 3264 4047 rigor
3296 3980 3474 4034 absti-

1823 4059 2055 4125 nentiae,
2079 4058 2644 4131 vigorpcenitentiea:
2671 4059 2969 4132 Virginem
2991 4065 3204 4119 mentis
3221 4068 3472 4137 puritas,

1823 4151 1880 4203 et
1911 4148 2102 4203 carnis
2133 4147 2467 4219 integritas,
2501 4149 2716 4219 quibus
2748 4151 2989 4207 emicuit
3012 4155 3290 4224 gratioso,
3315 4175 3470 4215 nunc

1824 4252 1960 4292 vero
1993 4235 2161 4290 ﬂoret
2190 4236 2246 4290 in
2284 4240 2468 4305 patria
2499 4235 2771 4306 gloriose.

1896 4327 1986 4380 31.
2004 4325 2194 4393 Hujus
2208 4341 2421 4396 corpus
2436 4325 2750 4396 sepulturae
2770 4329 3316 4402 tradiditgloriosus
3340 4353 3480 4408 pon-

1824 4413 1962 4468 tifex
1983 4412 2387 4469 Noviomensis
2411 4419 2468 4468 et
2483 4414 2784 4470 confessor
2804 4417 3017 4473 Christi
3048 4421 3380 4493 Medardus,
3403 4426 3480 4482 ei-

1828 4500 2441 4557 deminTornacensis
2466 4501 2658 4573 populi
2685 4504 2943 4574 regimen
2971 4511 3232 4578 proxime
3254 4530 3480 4569 succes-

105 4575 182 4633 His
206 4582 385 4649 dictis,
404 4603 517 4641 vox
546 4588 750 4642 audita
780 4605 914 4644 cum
949 4591 1212 4646 claritate
1252 4592 1372 4647 visa
1405 4593 1714 4665 disparuit.
1746 4595 1792 4658 D
1823 4591 2462 4659 surus,etsolemnibus
2482 4575 3476 4676 procuratisexsequiis,quaamagis

103 4670 308 4727 Sanctus
323 4680 518 4730 autem
538 4675 599 4730 in
614 4678 938 4747 gratiarum
956 4681 1213 4734 actiones
1230 4680 1578 4738 mirabiliter
1593 4700 1722 4739 mox

105 4763 432 4830 erupit.Quas
447 4766 552 4837 qui
571 4767 765 4822 videre
779 4768 1396 4839 desiderat,sermones
1410 4774 1712 4845 ejus,quos

107 4851 316 4919 propriis
340 4853 485 4910 locis
513 4857 701 4910 factos
716 4873 892 4913 causa
906 4859 1156 4914 vitandae
1195 4861 1548 4932 prolixitatis
1574 4864 1716 4918 omi-

105 4936 274 5003 simus,
306 4943 627 5009 diligenter
654 4943 824 5016 legat.

163 5025 281 5078 ‘29.
311 5029 722 5087 Sollicitudine
773 5050 885 5088 non
934 5034 1135 5106 pigros
1183 5053 1416 5108 semper
1463 5037 1717 5111 legimus

110 5113 355 5172 exstitisse
375 5126 617 5175 sanctos
644 5139 658 5186 ;
690 5128 767 5185 et,
790 5124 1070 5193 quoniam
1092 5124 1495 5182 haereticorum
1521 5145 1714 5186 sermo

112 5203 255 5271 serpit
276 5211 333 5258 ut
349 5224 585 5276 cancer,
603 5209 783 5266 libros
802 5219 858 5266 et
884 5229 1184 5270 sermones
1208 5214 1564 5287 multiplices
1587 5235 1723 5274 con-

111 5296 421 5362 struxerunt,
451 5317 526 5353 ne
550 5301 682 5356 tidei
707 5301 929 5358 vallum
953 5304 1076 5359 irru
1092 5311 1409 5377 mperetur,
1432 5307 1520 5362 vel
1546 5309 1723 5379 perti-

114 5383 313 5452 naciter,
342 5388 428 5442 vel
448 5388 722 5459 latenter,
742 5397 800 5447 et
820 5393 950 5448 ideo
976 5410 1078 5465 per
1103 5395 1460 5452 documenta
1483 5402 1720 5455 sancto-

169 5514 189 5594 ξ
212 5518 353 5594 Alias
381 5539 514 5594 cap.
548 5541 658 5582 xiv.

168 5580 355 5665 fAlias
384 5580 494 5665 cap
549 5613 638 5652 XV.

169 5662 228 5727 (a)
256 5667 366 5720 Hoc
397 5662 751 5724 miraculum
775 5670 834 5725 in
877 5672 1333 5730 VitaEleutberii
1360 5691 1430 5731 ea:
1444 5692 1566 5730 mss.
1595 5677 1722 5732 Cor-

110 5731 233 5790 ηειίἰ
263 5737 466 5809 Duym’i
505 5751 555 5796 et
603 5742 932 5800 Tornacmi
970 5745 1193 5803 dicitur
1234 5747 1514 5819 scriptori
1569 5731 1722 5805 indi-

395 5867 660 5931 ΡΑτιιοι..
711 5868 890 5935 LXV.

1831 4685 1972 4737 sunt
2004 4682 2262 4736 vivorum
2295 4679 2524 4747 solatia,
2571 4698 2747 4752 quam
2792 4685 3058 4742 subsidia
3091 4697 3479 4758 mortuorum,

1824 4770 1963 4825 illud
1981 4769 2310 4825 venerabile
2325 4771 2508 4825 sancti
2523 4771 2775 4842 Spiritus
2791 4789 3076 4845 organum
3094 4777 3164 4834 de
3177 4797 3302 4837 com
3315 4783 3482 4838 muni

1825 4857 2068 4913 consilio
2091 4857 2146 4912 in
2179 4858 2215 4912 Β
2259 4858 2404 4913 Petri
2438 4857 2872 4917 Blandiniensis
2902 4865 3146 4921 ecclesia
3162 4875 3250 4922 est
3280 4872 3480 4941 sepul-

1829 4947 2190 5018 tum:ut,qui
2221 4947 2393 5002 fidem
2422 4964 2566 5019 puer
2590 4948 3022 5009 interintideles
3044 4959 3492 5025 tenuit,adoles-

1829 5055 1967 5094 cens
1991 5036 2252 5092 eamdem
2279 5037 2496 5104 docuit,
2517 5055 2616 5107 pro
2635 5045 3074 5110 quaveteranus
3103 5047 3398 5112 occubuit,
3426 5049 3483 5104 in

1831 5126 1991 5181 illius
2017 5130 2076 5179 tu
2090 5125 2238 5180 mula
2251 5131 2412 5180 retur
2432 5127 2700 5198 ecclesia,
2721 5131 2892 5199 cujus
2912 5131 3054 5185 fides
3089 5138 3484 5203 perseverabit

1832 5217 1892 5271 in
1917 5214 2195 5270 saeculum
2232 5214 2479 5270 illibata.

1903 5304 2036 5359 '32.
2071 5304 2148 5374 (a)
2179 5303 2325 5358 Vere
2384 5305 2638 5375 pretiosa
2680 5309 2767 5360 est
2793 5305 2851 5360 in
2892 5313 3192 5378 conspectu
3250 5314 3475 5370 Domini

1835 5409 1994 5450 mors
2025 5397 2390 5459 sanctorum,
2413 5393 2641 5448 sicutin
2676 5394 2768 5450 die
2789 5395 3173 5467 depositionis
3197 5404 3487 5462 confesso-

1833 5541 2028 5595 catum
2071 5535 2143 5591 ab
2207 5535 2514 5613 lleidilone
2570 5536 2862 5613 episcopo,
2911 5544 2968 5596 et
3016 5549 3150 5613 post
3215 5545 3485 5604 elevatio-

1834 5625 1967 5685 nem
1999 5605 2705 5685 corporisAac_‘miracula
2744 5605 2884 5666 tunc
2927 5605 3078 5670 facta
3105 5623 3399 5685 narratur,
3432 5628 3489 5676 et

1834 5681 2068 5760 melius.
2102 5677 2248 5760 Nam
2273 5677 2336 5733 S.
2367 5677 2659 5760 Eligiuset
2678 5685 2980 5760 Amandus
3004 5691 3216 5746 szeculo
3241 5677 3488 5760 septimo

1832 5751 2180 5816 ﬂoruerunt,
2213 5765 2279 5805 ac
2318 5751 2532 5806 mortui
2562 5757 2724 5822 sunt,
2755 5752 2854 5812 ille
2875 5772 3028 5813 anno
3049 5760 3179 5829 665,
3210 5751 3488 5820 hic-anno

3131 5890 3170 5948 3
