3836 6334
379 367 455 425 75

1223 363 1286 423 S.
1337 362 1815 426 ELEUTHERII
1861 360 2042 422 VITA
2087 361 2458 428 AUCTORE
2501 368 2924 432 GUIBERTO.
3689 385 3757 443 76

382 502 462 557 ris
494 500 708 556 Christi
737 500 953 554 factum
987 504 1078 555 est
1129 499 1522 555 manifestum.
1559 499 1832 563 Quadam
1861 497 2016 553 enim
2051 497 2104 563 Α
2133 498 2407 572 videntis,
2443 507 2594 576 quod
2646 507 2904 579 dignitas
2962 511 3248 566 cathedra:
3299 514 3676 574 Toruacensis
3711 522 3755 576 in

384 593 596 646 mulier
625 607 774 646 caaca
795 597 850 644 et
878 591 1205 658 muta,dum
1228 595 1360 644 ante
1378 590 1828 656 altareducitur,
1846 589 2024 644 ducta

383 681 719 747 dimittitur,
735 680 984 734 dimissa
1004 686 1332 750 soporatur,
1355 685 1628 751 soporata
1646 682 1904 733 curatur.
1929 678 2028 733 So-

381 776 580 840 porata
595 787 621 823 s
649 771 882 839 quidem
901 769 1504 835 modicum,visionem
1521 769 1817 838 vidit,quas
1834 784 2027 824 aurem

381 859 635 914 exterius
653 859 840 912 eidem
867 858 1119 929 aperuit,
1143 859 1282 912 dum
1309 857 1844 913 revelavitinterius
1863 857 2028 912 intel-

382 947 620 1002 lectum.
653 948 797 1012 Quid
836 947 1003 1016 plura
1030 948 1056 1000 ‘2
1080 949 1412 1003 Locutionis
1437 965 1607 1002 usum
1637 948 1845 1002 mulier
1868 965 2029 1003 recu-

382 1039 605 1108 peravit
634 1044 690 1090 et
720 1038 931 1093 visum.
965 1037 1249 1109 Apparuit
1279 1038 1434 1091 enim
1472 1039 1700 1093 mulieri
1733 1038 2024 1107 gloriosus

381 1128 636 1199 pontifex
652 1127 1018 1182 Eleutherius
1043 1144 1174 1181 cum
1190 1126 1404 1182 Christi
1423 1127 2025 1199 martyribusNicasio

382 1217 631 1281 etPiato,
651 1216 990 1286 sanctisque
1008 1217 1436 1272 confessoribus
1461 1216 1639 1288 Eligio
1656 1224 1710 1271 et
1729 1217 2023 1283 Amando;

382 1307 478 1376 qui
500 1306 729 1372 signum
750 1306 939 1360 crucis
958 1306 1218 1360 mulieris
1237 1305 1537 1376 impressit
1554 1305 1761 1373 oculis,
1777 1313 1833 1360 et
1855 1305 2023 1377 quasi

387 1397 660 1452 baculum
697 1397 930 1468 igneum
967 1398 1050 1450 ori
1080 1397 1516 1467 ejusinjieiens,
1543 1397 1768 1451 curavit
1798 1398 2028 1468 aegritu-

385 1487 552 1541 dines
586 1487 878 1557 patientis.
914 1486 956 1540 Ο
989 1486 1203 1541 Christi
1229 1486 1526 1540 confessor
1555 1491 1610 1540 et
1643 1490 1881 1557 martyr,
1914 1502 2028 1540 me-

385 1578 492 1629 rito
524 1576 875 1629 venerabilis
898 1575 1210 1639 Eleutheri,
1246 1577 1344 1645 qui
1372 1574 1606 1645 gemino
1629 1577 1826 1646 gratiae
1858 1573 2029 1645 privi-

385 1664 533 1734 legio
560 1666 908 1718 militantem
937 1664 1248 1719 Ecclesium
1305 1664 1637 1731 illustrasti,
1691 1665 2025 1734 fragilitatis

385 1760 594 1808 nostra:
626 1754 884 1808 defectus
910 1753 1077 1808 oculo
1111 1753 1333 1823 respice
1352 1753 1582 1824 pietatis
1609 1769 1621 1807 :
1647 1758 1705 1808 et
1727 1753 1810 1807 tui
1837 1754 2030 1824 priesi-

382 1844 477 1899 dio
504 1850 864 1914 patronatus,
894 1853 1142 1911 nostros,
1176 1850 1354 1911 pater,
1379 1859 1600 1914 expone
1621 1846 1875 1915 gemitus
1897 1850 2028 1898 ante
2060 1864 2107 1928 Β

385 1933 594 1986 divinm
616 1933 980 2003 praesentiam
1013 1932 1361 2001 majestatis,
1380 1938 1442 1985 ut
1463 1933 1619 1987 exuti
1645 1933 1856 1988 tunicae
1885 1949 2033 1988 mor-

382 2022 517 2075 talis
541 2039 733 2088 onere,
769 2021 996 2075 liberati
1024 2021 1510 2092 concupiscentia:
1534 2021 1785 2076 carnalis
1811 2023 2034 2093 inquie-

383 2113 604 2176 tudine,
640 2112 722 2164 tui
757 2114 945 2165 simus
977 2111 1292 2181 participes
1327 2110 1506 2165 bravii
1533 2117 1589 2165 et
1615 2127 1862 2176 coronae,
1893 2128 2032 2181 prte-

382 2206 569 2255 stante
592 2202 836 2255 Domino
855 2201 990 2253 Jcsu
1017 2200 1372 2267 Christo,cui
1396 2215 1527 2253 cum
1546 2200 1710 2254 Patre
1730 2206 1784 2254 et
1805 2201 2026 2271 Spiritu

382 2296 582 2344 sancto
626 2294 682 2343 et
714 2288 907 2343 omnis
941 2288 1123 2342 honor
1171 2295 1226 2342 et
1257 2288 1444 2358 gloria
1477 2290 1604 2343 sine
1637 2289 1772 2344 ﬁne.
1818 2292 2026 2344 Amen.

458 2382 472 2413 ¹
508 2379 594 2431 33.
633 2378 921 2447 Regimini
957 2377 1345 2430 Tornacensis
1377 2377 1645 2432 Ecclesia:
1678 2377 2028 2434 venerabilis

382 2465 592 2521 Christi
618 2469 911 2520 confessor
932 2471 985 2519 et
1016 2465 1271 2535 pontifex
1301 2465 1670 2521 Eleutherius
1690 2468 1861 2522 annis
1884 2484 2026 2538 qua-

383 2555 1150 2625 dragintaquinquelegitur
1166 2557 1466 2625 praafuisse
1481 2555 1577 2626 qui
1601 2565 1820 2610 naturae
1837 2555 2026 2610 soluto

383 2645 599 2710 debito,
625 2643 764 2696 rmlc-
797 2660 1030 2713 quoque
1049 2644 1276 2698 reddito
1297 2644 1530 2714 Spiritu,
1557 2645 1786 2699 fidelem
1813 2647 2029 2700 meruit

384 2733 594 2787 habere
618 2749 1038 2799 successorem,
1061 2733 1290 2786 beatum
1316 2732 1536 2787 scilicet
1557 2734 1890 2788 Medardum
1913 2739 2024 2789 No-

379 2822 738 2875 viomensem
769 2822 1132 2891 episcopum,
1159 2839 1356 2893 quem,
1382 2823 1520 2876 dum
1555 2823 1746 2877 adhuc
1780 2824 2021 2891 viveret,

381 2907 680 2960 debilitate
696 2910 1026 2961 confractus
1047 2914 1101 2961 et
1116 2911 1494 2977 senio,(a)pro
1509 2913 1925 2966 consecrandis
1939 2927 2026 2966 ec-

381 2996 575 3051 clesiis
593 3003 647 3050 et
668 2996 971 3050 ordinibus
989 2996 1354 3052 celebrandis
1370 2998 1649 3053 habuerat
1664 3001 2020 3070 adjutorem:

379 3091 437 3140 et
469 3088 552 3140 sic
586 3086 930 3156 procedente.
956 3088 1328 3156 postmodum
1365 3088 1692 3158 prolixiorts
1742 3092 2020 3156 temporis

380 3176 590 3245 spatio,
626 3175 853 3245 prmt'uit
879 3176 1088 3229 unicus
1113 3181 1339 3229 tantum
1370 3178 1629 3248 pontifex
1653 3181 1708 3234 in
1742 3179 2020 3234 Noviomo

379 3264 593 3336 pariter
622 3271 678 3318 et
707 3268 987 3319 Tornaco.
1024 3265 1201 3318 Annis
1229 3265 1381 3318 enim
1408 3267 1664 3337 amplius
1695 3285 1872 3338 quam
1899 3287 2024 3324 sex-

378 3355 563 3408 centis
589 3354 821 3426 proprio
845 3354 1080 3408 viduata
1101 3361 1329 3422 pastore
1354 3355 1566 3424 legitur
1585 3357 1786 3412 civitas
1812 3359 2028 3414 Torna-

376 3443 703 3499 censism‘ed
729 3445 1066 3498 benedictus
1085 3443 1184 3498 Dei
1204 3443 1510 3516 Filius,qui
1527 3446 1851 3517 dispendiis
1866 3466 2026 3504 com-

377 3535 593 3602 patitur
612 3537 964 3596 animarum,
983 3535 1280 3602 dispersos
1296 3534 1598 3604 colligens,
1615 3542 1667 3590 et
1693 3537 1888 3607 lapsos
1911 3541 2026 3595 eri-

376 3637 518 3690 gens
553 3624 874 3676 secundum
913 3623 1151 3676 modum
1203 3627 1260 3676 et
1301 3623 1564 3678 ordinem
1599 3632 2019 3696 opportunum.

374 3711 540 3762 Anno
574 3710 863 3779 siquidem
905 3708 1327 3763 incarnationis
1359 3709 1670 3766 Dominicaa
1707 3712 2020 3770 millesimo

377 3798 697 3851 centesimo
719 3799 1169 3867 quadragesimo
1189 3802 1370 3862 sexto,
1386 3799 1733 3868 praasidente
1748 3819 1894 3872 papa
1910 3807 2020 3859 Eu-

377 3887 569 3957 genio,
606 3887 998 3957 patrocinante
1024 3887 1080 3939 B.
1121 3886 1402 3954 Bernado,
1435 3889 1743 3946 restitutus
1773 3898 1856 3945 est
1885 3910 2016 3962 pro-

376 3977 539 4047 prius
570 3977 878 4046 episcopus
901 3974 958 4028 in
988 3975 1271 4029 Tornaco.
1303 3978 1463 4029 Tunc
1494 3977 1650 4031 enim
1683 3979 2013 4052 Anselmus,

368 4067 623 4120 ecclesiae
643 4067 962 4120 [3.Medardi
981 4064 1652 4122 Suessionensisdudum
1671 4073 2012 4142 monachus,

369 4155 574 4211 merito
609 4159 774 4210 fama:
806 4162 861 4209 et
882 4156 1009 4210 vita:
1042 4157 1421 4226 conspicuus,
1445 4174 1575 4211 cum
1595 4159 1716 4227 jam
1744 4160 2012 4230 pluribus

364 4244 535 4300 annis
563 4243 1373 4316 ahhatisgessissetotﬁcium
1407 4245 1465 4300 in
1496 4247 1743 4315 ecclesia
1775 4249 1836 4306 Β.
1871 4251 2008 4307 Vin-

359 4335 531 4389 centii
564 4335 994 4396 Laudunensis,
1026 4338 1220 4389 Romae
1255 4334 1330 4404 (pl
1364 4341 1453 4390 est
1477 4336 1533 4390 in
1567 4338 1904 4411 episcopum
1933 4343 2007 4397 ab

356 4427 613 4496 Eugenio
647 4431 1044 4490 consecratus,
1075 4425 1174 4497 qui
1201 4430 1333 4496 post
1357 4427 1785 4484 restitutionem
1809 4432 2006 4488 cathe-

351 4516 530 4570 dralis
546 4517 847 4587 regiminis
865 4517 918 4570 id
935 4521 1192 4570 Tornaco
1209 4516 1429 4587 primus
1445 4516 1787 4587 dignitatem
1809 4521 2005 4576 habuit

2134 589 2200 646 Β.
2241 594 2509 650 Medardo
2545 599 2792 668 perdita,
2838 615 2940 670 per
2985 600 3241 656 Medardi
3277 602 3463 658 ﬁlium
3499 606 3606 660 fuit
3636 612 3758 664 Tor-

2136 683 2490 739 nacensibus
2522 687 2824 742 restituta.

2780 794 3016 850 CAPUT
3067 795 3140 851 VI

2137 896 2381 951 Elevatio
2410 900 2653 970 corporis
2683 903 2738 957 S.
2765 902 3092 970 Eleuther-ii,
3127 907 3377 976 mortuus
3407 909 3754 976 resuscitatus,

2756 977 2900 1044 agri
2953 975 3161 1030 sanati.

2210 1075 2588 1147 ’34Jgiturin
2608 1077 2765 1134 illius
2779 1080 3016 1136 fluentis
3033 1082 3756 1156 temporisintercapedine,

2139 1180 2253 1233 quo
2285 1166 2412 1220 duas
2436 1166 2601 1221 dit-tte
2621 1169 2897 1224 dimceses
2916 1170 3189 1241 leguntur
3213 1172 3415 1239 unitas,
3440 1174 3758 1244 praesidebat

2139 1252 2386 1322 Heidilo,
2410 1255 2497 1309 vir
2515 1256 2699 1311 multo
2721 1259 2999 1328 prteditus
3024 1262 3334 1330 praeconio,
3360 1261 3428 1333 (ir)
3465 1263 3757 1334 vigesimus

2140 1351 2337 1400 sextus
2373 1363 2405 1400 a
2437 1347 2495 1401 Β.
2533 1347 2885 1418 Eleutherio,
2913 1352 3085 1423 cujus
3113 1359 3370 1426 tempore
3402 1361 3656 1426 grassata
3685 1357 3753 1413 le-

2140 1437 2563 1505 giturNorman
2576 1439 2702 1492 nica
2717 1439 2906 1496 rabies
2921 1440 2979 1495 in
3003 1442 3077 1509 (ά)
3098 1447 3375 1499 Tornaco.
3392 1444 3529 1499 Tem
3542 1446 3753 1516 poribus

2141 1529 2335 1578 autem
2358 1525 2498 1579 dicti
2524 1528 2838 1598 pontiﬁcis,
2866 1530 3197 1586 mirit’lcavit
3220 1533 3477 1603 amplius
3503 1533 3755 1591 Dominus

2144 1619 2410 1668 sanctum
2429 1632 2601 1670 suum
2626 1634 2637 1672 :
2666 1618 2940 1673 revelavit
2958 1620 3169 1675 Christi
3193 1622 3465 1677 liJelibus
3488 1625 3755 1679 confesso-

2146 1722 2264 1761 rem
2283 1705 2612 1760 Eleutheriu
2625 1724 2676 1760 m
2690 1748 2702 1772 ,
2719 1725 2831 1762 non
2849 1710 3149 1764 sustinens
3163 1711 3416 1782 amplius
3430 1713 3497 1784 (e)
3511 1712 3754 1767 occultari

2145 1802 2265 1851 tam
2305 1796 2654 1851 venerabilis
2697 1796 2924 1867 glebam
2975 1798 3254 1870 corporis,
3296 1805 3416 1854 tam
3469 1802 3754 1868 pretiosum

2140 1886 2431 1953 aararium,
2457 1891 2576 1940 tam
2600 1886 2791 1941 nobile
2823 1888 3226 1959 margaritum,
3261 1896 3317 1943 et
3337 1890 3509 1960 cujus
3545 1891 3754 1962 spiritus

2134 1978 2255 2047 jam
2281 1974 2461 2046 gloria
2494 1982 2810 2030 coronatus
2835 1976 3096 2046 fulgebat
3126 1978 3183 2032 in
3212 1977 3392 2046 caelis,
3421 1983 3547 2046 ejus
3570 1996 3752 2050 corpus

2142 2065 2452 2136 sepulturas
2469 2066 3058 2136 traditum,singulari
3077 2068 3753 2138 gratiavenustatumjam

2138 2156 2400 2227 spirabat
2441 2155 2498 2208 in
2536 2154 2726 2210 terris.
2761 2155 2998 2210 Factum
3033 2161 3122 2210 est
3177 2157 3378 2227 igitur,
3415 2165 3479 2212 ut
3520 2160 3751 2230 quaedam

2138 2245 2522 2301 Toruacensis
2540 2244 3067 2310 matrona,nomine
3079 2245 3308 2314 Thecla,
3327 2247 3541 2302 nobilis
3555 2264 3750 2318 genere,

2141 2351 2369 2390 morum
2407 2333 2656 2389 nobilior
2687 2333 2989 2404 dignitate,
3032 2335 3173 2389 dum
3218 2337 3489 2408 purgatis
3513 2337 3751 2392 sensibus

2141 2425 2331 2479 cordis
2353 2429 2406 2477 et
2430 2429 2620 2478 mente
2648 2425 2994 2494 quiesceret,
3011 2428 3067 2478 et
3085 2423 3268 2478 oculis
3292 2427 3553 2496 corporis
3574 2426 3751 2480 obdor-

2141 2515 2362 2583 misset,
2397 2515 2760 2584 abriperetur
2790 2512 2848 2568 in
2879 2512 3110 2582 spiritu,
3142 2518 3199 2567 et
3231 2513 3391 2568 fieret
3434 2514 3490 2569 in
3523 2531 3750 2569 excessu.

2139 2605 2460 2658 Videbatur
2487 2604 2641 2657 enim
2668 2602 2778 2657 sibi
2806 2603 3000 2657 videre
3023 2603 3191 2674 quasi
3226 2619 3328 2674 per
3358 2603 3648 2658 somnium
3672 2602 3755 2657 ho-

2141 2691 2355 2747 minem
2381 2689 2740 2757 dealbatum,
2767 2690 3070 2759 blandum,
3097 2691 3433 2753 amabilem.
3463 2691 3696 2747 alacrem
3714 2695 3755 2745 et

2139 2781 2468 2836 modestum
2493 2797 2504 2833 :
2525 2780 2592 2833 ad
2605 2786 2872 2834 monetur
2889 2780 3171 2835 secretius
3190 2781 3260 2834 ab
3281 2781 3484 2836 eodem
3509 2789 3568 2836 ut
3585 2785 3754 2853 pergat

2137 2870 2531 2936 Blandinium,
2558 2875 2853 2941 repertura
2880 2869 2943 2924 B.
2988 2869 3300 2925 Eleutherii
3326 2871 3603 2941 reliquias
3631 2871 3754 2925 inte-

2135 2976 2376 3029 corpora
2401 2958 3378 3030 sepultasanetorum.Admouetur
3395 2959 3749 3014 nihilominus

2133 3050 2384 3104 uteatad
2405 3050 2744 3120 episcopum
2763 3047 3207 3116 Heidilonem,et
3223 3047 3408 3103 eidem
3426 3049 3535 3104 sibi
3570 3051 3748 3103 factam

2135 3140 2344 3194 referat
2374 3138 2677 3196 visionem.
2703 3140 2836 3203 Quae
2859 3138 3002 3192 dum
3027 3137 3218 3192 differt
3233 3139 3476 3210 exsequi
3509 3139 3649 3209 quod
3671 3141 3748 3208 ju-

2050 3232 2099 3298 C
2139 3229 2784 3297 betur,succedentibus
2799 3227 3091 3294 noctibus,
3106 3228 3304 3284 eadem
3323 3229 3437 3283 sibi
3452 3228 3593 3283 visio
3607 3226 3747 3282 tertio

2137 3325 2518 3390 praesentatur
2543 3336 2555 3373 :

2203 3409 2416 3464 Thecla
2429 3426 2613 3474 soror,
2634 3425 2757 3480 quae
2773 3411 2827 3462 te
2842 3424 3189 3478 suspensam
3206 3407 3502 3462 insomnia
3520 3404 3747 3462 terrent?

2133 3498 2253 3553 Non
2268 3498 2730 3552 estinsomnium
2746 3496 2831 3552 vel
2847 3499 3140 3552 somnium
3159 3492 3745 3568 pbautasticum,quod

2131 3587 2350 3652 vidisti,
2377 3587 2475 3642 sed
2503 3588 2689 3657 magis
2711 3587 3168 3641 describendum
3193 3586 3455 3651 oraculo,
3480 3585 3565 3641 vel
3584 3584 3745 3640 verius

2130 3674 2566 3747 limpidissimas
2595 3674 2828 3731 visioni.

2531 3801 2746 3848 Haerent
2777 3797 2924 3846 inﬁxi
2959 3802 3172 3860 pectore
3193 3798 3378 3847 vultus

2159 3863 2456 3926 Verbaque,
2483 3875 2579 3911 nec
2609 3862 2874 3924 placidam
2916 3859 3182 3911 membris.
3201 3861 3293 3910 dat
3323 3875 3452 3910 cura
3486 3859 3719 3924 quietem.

2195 3983 2284 4038 35.
2319 3980 2480 4044 Quod
2509 3979 2688 4049 igitur
2709 3977 2855 4033 vidit
2877 3978 3045 4033 tertio
3078 3979 3410 4049 repetitum,
3449 3978 3655 4032 factum
3675 3981 3744 4031 est

2124 4074 2170 4128 ei
2189 4069 2556 4128 certitudinis
2579 4073 3017 4139 argumentum.
3044 4071 3207 4122 Mane
3224 4067 3371 4122 facto
3390 4066 3604 4122 Thecla
3625 4082 3739 4120 con-

2122 4179 2371 4234 surgens
2386 4159 2721 4230 aggreditur
2745 4157 3184 4229 profectionem,
3212 4162 3556 4227 exsequitur
3585 4155 3742 4210 visio-

2121 4269 2278 4318 nem,
2295 4249 2510 4305 revelat
2526 4247 2808 4304 Heidiloni
2827 4244 3086 4318 pontiﬁci
3113 4244 3422 4307 visionem,
3439 4259 3738 4300 convocan-

2116 4350 2214 4397 tur
2229 4341 2504 4413 praasules
2519 4339 2746 4392 urbium
2760 4337 3010 4390 vicinaru
3023 4353 3074 4390 m
3087 4335 3384 4402 ,celebranl
3398 4351 3466 4388 ur
3479 4333 3740 4390 solemnia

2114 4433 2305 4486 votiva
2321 4431 2656 4491 missarum,
2680 4431 2755 4493 et,
2776 4425 3036 4480 oratione
3056 4427 3184 4480 fusa
3202 4425 3538 4489 ferventius,
3555 4438 3739 4477 omnes

2113 4525 2228 4574 tam
2263 4515 2581 4591 promiscui
2613 4532 2784 4570 sexus
2815 4532 2991 4586 quam
3026 4514 3347 4568 dill'erentis
3379 4519 3591 4576 status,
3623 4527 3737 4566 cum

347 4605 670 4673 infulatus;
705 4611 762 4660 et
787 4605 870 4660 sic
889 4605 1084 4660 divina
1109 4608 1342 4676 gestum
1375 4606 1669 4663 credimus
1692 4625 1820 4664 esse
1851 4610 1990 4666 Pro-
2024 4599 2070 4662 D
2104 4609 2316 4666 timore
2350 4605 2686 4663 reverentia
2716 4605 2786 4660 ad
2839 4604 3031 4658 locum
3079 4603 3321 4658 veniunt
3371 4603 3736 4657 destinatum.

418 4786 432 4818 ¹
467 4783 622 4837 Alias
653 4799 781 4852 cap.
814 4799 929 4836 xu.

410 4854 432 4888 ²
464 4856 622 4909 Alias
655 4872 783 4924 cap.
817 4870 958 4908 xvn.

332 4926 457 4986 684.
497 4929 574 4979 uti
599 4928 633 4979 6
662 4926 955 4979 Februarii
981 4925 1049 4979 ad
1085 4924 1263 4996 hujus
1285 4925 1472 4981 Vitam
1497 4929 1891 4998 probavimus.
1918 4939 1982 4992 In

333 4998 794 5075 tituliscapitum
816 4998 1348 5075 postpraafationem
1368 5001 1564 5075 positis
1579 5001 1986 5075 interponeba-

2109 4790 2312 4850 Vitcrbi
2341 4806 2395 4844 ιχ
2441 4787 2702 4843 calendas
2746 4782 2982 4854 Augusti
3027 4783 3224 4838 indict.
3259 4782 3316 4847 9,
3347 4782 3734 4838 incarnationis

2107 4861 2434 4924 Dominicae.
2468 4877 2560 4912 an.
2593 4857 2750 4924 1146,
2782 4854 3136 4928 pontiﬁcatus
3181 4870 3303 4910 vero
3349 4854 3566 4910 domini
3589 4867 3732 4925 papae

2103 4935 2337 5004 Eugenii
2365 4947 2510 5004 anno
2538 4931 2593 5004 2.

2167 4997 2238 5077 (ἓ)
2259 4998 3181 5077 ConsuleGalliamChristianam
3205 4997 3730 5062 ClaudiiRoberti,a

2096 5069 2418 5151 qu‘o'etiam
2451 5090 2582 5128 xxvn
2607 5074 2890 5127 statuitur
2919 5069 3144 5124 Hedilo.

2163 5136 3728 5220 (d)Chroniconde_Northmannoru_m_gestisadﬁatu-896

2091 5211 2408 5294 deductum
2445 5223 2602 5294 to_mo
2639 5215 2684 5270 ll
2717 5214 2962 5294 (_3h_esnei
2990 5229 3120 5284 pag.
3276 5214 3345 5267 ad
3373 5229 3466 5268 an.
3489 5212 3596 5294 880
3619 5211 3724 5289 haec

2089 5293 2300 5347 tradit:
2358 5289 2736 5345 Narthmanni
2784 5287 3090 5341 Tornacum
3125 5287 3408 5339 civitatem
3453 5292 3502 5339 et
3542 5287 3722 5337 omnia

2084 5365 2424 5420 monasteria
2452 5377 2620 5428 supra
2650 5358 2858 5413 Scaldis
2887 5356 3124 5427 ﬂuvium
3155 5359 3302 5423 ferro
3333 5360 3383 5411 et
3411 5357 3541 5427 igni
3569 5355 3724 5408 deva-

2082 5440 2251 5497 stant.
2280 5431 2587 5500 interfectis
2627 5429 2823 5485 accolis
2851 5434 3019 5484 terra?
3050 5437 3216 5496 atque
3256 5428 3574 5500 captivotis,
3605 5429 3718 5500 etc.

2081 5493 2380 5578 Cognatus
2401 5493 2670 5578 pluribus
2684 5493 3578 5578 calamitatemﬁornacensibus
3602 5493 3729 5551 illa-

2081 5571 2199 5633 tam
2236 5571 2608 5648 prosequitur
2636 5573 2734 5626 lib.
2757 5586 2834 5648 at,
2865 5587 2995 5643 cap.
3032 5571 3117 5624 70.

2151 5649 2223 5720 (a)
2237 5642 2577 5714 'Excusum,
2609 5642 2904 5700 occultam.

331 5068 734 5148 tur__hic_Cap..
787 5068 1280 5148 av1_ti_tu_lus;_De
1319 5072 1688 5129 translatione
1733 5068 1981 5148 corporis

323 5141 717 5221 S.V_Eteutherii
747 5140 1137 5221 adhcivilatern
1162 5143 1578 5221 Toruacensem,
1614 5148 1764 5216 quod
1803 5140 1981 5221 caput

323 5213 528 5268 ultimo
555 5216 676 5268 loco
704 5215 959 5283 positum
977 5218 1084 5282 est,
1110 5213 1305 5269 forsan
1330 5215 1400 5269 ab
1425 5214 1538 5271 alio
1561 5213 1815 5274 errorem
1842 5213 1977 5277 Gui-

321 5285 469 5339 berti
507 5287 882 5340 emandante.

393 5358 466 5422 (a)
500 5361 630 5410 Haec
652 5358 853 5412 eadem
885 5373 950 5412 ex
975 5355 1249 5412 chronico
1284 5373 1390 5412 ms.
1419 5357 1773 5416 Toruacensi
1795 5363 1975 5422 refert

319 5425 671 5500 Buzelinus:
707 5430 882 5482 silent
913 5428 1259 5500 vetustiores
1295 5428 1632 5500 scriptores.
1661 5433 1720 5486 ln
1756 5449 1972 5495 excusa

314 5496 496 5568 legitu
509 5517 552 5562 r,
587 5516 691 5562 pro
719 5499 1130 5553 conservandis.

385 5570 461 5641 (b)
498 5570 798 5625 Dominica
826 5571 920 5624 die
955 5572 1151 5625 medias
1183 5571 1681 5642 Quadragesimze.
1707 5577 1779 5630 At
1805 5577 1965 5636 bulla

309 5643 690 5711 separationis
739 5644 1140 5712 episcopatum
1204 5643 1617 5699 Noviomensis
1649 5651 1703 5701 et
1733 5648 1961 5706 Torna-

309 5660 690 5711 separauoms
739 5660 932 5712 episco
981 5660 1140 5697 stum
1205 5660 1617 5699 novnomensis
1649 5660 1703 5701 et
1734 5660 1961 5706 ’t'orna-

305 5713 500 5770 censis
529 5718 719 5771 exstat
749 5713 906 5786 apud
937 5660 1261 5786 Eognatum
1291 5715 1396 5770 lib.
1429 5730 1508 5780 ιν,
1541 5731 1669 5788 cap.
1704 5718 1796 5789 46,
1827 5722 1965 5781 data
