3836 6338
155 403 192 458 ’Π
933 410 999 469 8.
1049 405 1526 473 ELEUTHERII
1572 400 1758 463 VlTA
1801 401 2168 462 AUCTORE
2209 402 2624 466 GUIBERTO.

3409 411 3488 470 ’78

154 535 454 608 Episcopivero
481 541 773 597 sarculos
795 540 1168 599 babentesin
1195 545 1470 600 manibus
1491 557 1722 614 compe-
1754 537 1808 599 Α
1838 540 1987 594 Puer
2019 548 2282 596 mortuus
2308 541 2542 612 jacebat
2570 541 2626 596 in
2672 542 2885 599 lectulo
2927 543 3079 614 ejus,
3122 547 3178 600 et
3215 543 3494 600 incubuit

155 627 442 699 tentes,quasi
475 628 852 686 effodientes
880 632 1249 700 thesaurum,
1273 633 1457 705 gavisi
1482 635 1620 688 sunt
1639 647 1731 685 ve-

156 713 376 784 hementer,
423 734 569 773 cum
622 717 911 776 invenere
960 721 1327 792 sepulcrum:
1380 726 1454 788 et,
1505 719 1727 776 elevato

155 820 308 880 corpore
333 809 398 863 de
440 809 848 882 sarcophago,
894 811 1226 883 geminatur
1264 809 1466 866 laetitia
1504 815 1622 865 tam
1667 809 1726 864 in

153 898 292 968 populo
316 913 482 969 quam
520 897 582 952 in
614 898 797 954 clero.

189 989 248 1044 36.
270 989 467 1044 Thecla
495 1005 638 1044 vero
668 989 1005 1062 percipiens
1037 990 1402 1046 revelationis
1451 1006 1569 1044 suae
1620 987 1723 1043 sti-

140 1079 368 1143 Ptndium,
403 1095 584 1133 orans
617 1079 827 1134 eadem
852 1078 997 1135 hora
1018 1080 1354 1151 demigrans
1379 1077 1631 1150 perrexit
1654 1078 1722 1132 ad

130 1155 402 1230 Dominum,
431 1173 750 1239 postquam
788 1169 1050 1240 percepit
1078 1187 1112 1224 a
1146 1168 1388 1239 praesule
1434 1166 1723 1223 Dominici

123 1255 324 1328 corporis
352 1262 819 1311 sacramentum.
855 1257 899 1312 Ο
933 1257 1065 1313 felix
1105 1261 1385 1313 matronae
1416 1259 1724 1323 transitus,

128 1357 203 1400 non
229 1345 514 1411 interitus,
550 1346 621 1400 de
655 1362 770 1416 quo
796 1346 1155 1416 jocundatur
1184 1344 1476 1416 imprimis
1499 1350 1727 1400 sancto-

126 1451 212 1489 rum
240 1435 526 1490 exercitus
575 1436 776 1489 laurea
816 1441 1148 1490 coronatus.
1204 1438 1242 1490 A
1294 1434 1440 1490 facie
1484 1434 1722 1506 quidem

117 1523 304 1578 malitiae
329 1524 493 1592 jusla
523 1523 767 1578 collecta
788 1530 880 1580 est
904 1527 961 1579 et
979 1528 1163 1596 rapta,
1189 1541 1260 1580 ne
1281 1522 1503 1579 malitia
1527 1523 1720 1578 forsan

108 1611 426 1667 intellectum
455 1612 647 1681 ipsius
681 1613 1028 1668 immutaret

149 1706 164 1736 ¹
193 1701 274 1755 37.
311 1701 462 1755 Dum
513 1701 597 1755 sic
617 1701 786 1772 jugis
827 1700 1169 1757 solemnitas
1199 1703 1556 1770 tenderetur,
1590 1719 1722 1758 ecce

89 1791 261 1861 gaudii
277 1790 523 1844 materia
541 1791 1125 1846 renovatur.lntravil
1139 1791 1296 1846 enim
1309 1791 1609 1848 muliervid
1623 1809 1715 1858 ua,

1840 628 2064 685 Eliseus
2096 646 2273 701 super
2304 630 2896 704 puerum,posuitque
2925 648 2990 688 os
3019 648 3194 688 suum
3218 649 3396 705 super
3421 651 3487 690 os

1839 717 1889 788 ej
1899 734 1988 780 us.
2004 723 2061 773 et
2077 718 2279 774 oculos
2302 735 2443 774 suos
2462 736 2638 792 super
2653 720 2852 776 oculos
2870 722 3020 792 ejus,
3037 726 3095 776 et
3113 738 3324 778 manus
3342 739 3482 779 suas

1839 823 2016 876 super
2045 824 2258 864 manus
2289 810 2438 878 ejus,
2471 815 2530 864 et
2556 809 2882 866 incurvavit
2910 827 2970 867 se
3011 827 3189 882 super
3229 828 3387 881 eum,
3429 817 3487 868 et

1837 895 2119 952 calefacta
2147 901 2236 953 est
2255 914 2388 954 caro
2420 897 2605 969 pueri.
2632 899 2710 954 Os
2733 899 3024 971 siquidem
3045 900 3271 956 blandae
3296 918 3438 974 prop
3454 901 3495 956 i-

1837 984 2098 1040 tiationis
2115 991 2170 1041 et
2201 986 2624 1044 obsecrationis
2653 988 2726 1044 ad
2749 988 2932 1044 Deum
2957 988 3163 1045 oculos
3187 989 3290 1059 piae
3317 991 3486 1046 mise-

1838 1073 2080 1130 rationis
2112 1080 2170 1130 et
2202 1092 2412 1131 manus
2442 1077 2699 1132 efficacis
2728 1077 3088 1149 operationis
3120 1079 3408 1148 adhibuit,
3427 1086 3487 1136 et

1837 1164 1920 1219 sic
1952 1171 2220 1221 mortuus
2252 1167 2690 1224 resurrexit.Sic
2718 1168 2895 1224 etiam
2919 1167 3011 1224 sui
3031 1167 3202 1225 ducis
3223 1169 3485 1241 insignia

1838 1254 2265 1309 renovabantur
2295 1255 2352 1309 in
2386 1253 2591 1322 milite,
2625 1256 2727 1327 qui
2758 1257 3100 1312 defunctum
3128 1258 3206 1328 (ὁ)
3233 1258 3483 1314 reddidit

1838 1340 2073 1397 unicum
2100 1343 2270 1398 matri
2302 1359 2440 1398 suis.
2466 1343 2704 1416 Accepit
2732 1343 2930 1417 itaque
2964 1345 3172 1401 mulier
3197 1346 3270 1402 de
3294 1363 3486 1403 resur-

1813 1431 2088 1488 .rectione
2103 1430 2222 1486 filiu
2235 1450 2284 1487 rn
2305 1432 2827 1488 suum.Revirescit
2844 1449 3158 1490 commune
3174 1435 3451 1507 gaudium
3464 1478 3476 1502 ,

1833 1521 2478 1576 commendatursancti
2498 1522 3480 1595 patrocinium,comprobaturejus

1832 1609 2138 1680 sanctitas,
2161 1610 2345 1681 pietas
2363 1616 2419 1665 et
2438 1616 2690 1680 potestas
2714 1628 2814 1682 per
2835 1611 3120 1667 indicium
3144 1612 3484 1684 multiplici-

1830 1701 1919 1752 ter
1937 1698 2390 1754 manifestum.0
2415 1699 2560 1755 mira
2577 1699 2811 1755 bonitas
2829 1704 2890 1756 et
2910 1701 3222 1773 stupenda,
3259 1703 3397 1756 dum
3418 1702 3475 1756 in

1827 1786 2032 1841 eadem
2065 1787 2436 1843 solemnitate
2463 1788 2784 1844 suscitatur
2810 1790 3061 1860 juvenis,
3106 1791 3472 1862 moriturque

85 1896 169 1949 pro
197 1879 480 1934 defuncto
514 1878 637 1933 filio
667 1878 950 1934 desolata.
982 1880 1159 1943 Quem
1194 1897 1328 1935 cum
1361 1881 1620 1936 misisset
1660 1881 1715 1936 in
1749 1892 1800 1960 Β
1831 1876 2437 1948 matrona!Scriptum
2455 1881 2547 1932 est
2565 1878 2724 1932 enim
2743 1877 2814 1934 de
2835 1879 3473 1949 Domino(Deut.xxxu,

79 1985 270 2040 agrum
307 1983 491 2023 causa
523 1967 894 2023 custodiendi
928 1969 1173 2038 pecoris,
1208 1986 1452 2040 puerum
1495 1971 1720 2025 daemon

76 2056 341 2128 impetiit,
375 2056 554 2126 cujus
575 2060 704 2110 erat
726 2055 1057 2112 similitudo
1079 2062 1134 2111 et
1162 2058 1387 2128 species
1418 2063 1482 2113 ut
1513 2059 1718 2125 leonis,

73 2145 160 2215 qui
194 2145 267 2199 de
299 2143 459 2199 saltu
491 2145 817 2216 procedens
841 2150 897 2199 et
912 2145 1174 2216 rugiens,
1197 2147 1487 2219 impetens
1505 2153 1559 2203 et
1579 2147 1725 2202 occi-

66 2233 222 2298 dens,
250 2232 418 2288 illico
443 2233 619 2304 fugit,
643 2236 704 2288 et
734 2232 791 2288 in
818 2231 1107 2290 latebrosa
1131 2251 1370 2291 nemora
1395 2253 1456 2292 se
1488 2237 1716 2308 recepil.

61 2321 298 2393 Cognita
331 2329 527 2376 mater
557 2321 775 2378 misera
795 2323 978 2379 tristis
1004 2329 1243 2380 eventus
1267 2324 1436 2391 serie,
1461 2327 1720 2381 resoluta

61 2411 340 2466 muliebri
363 2411 634 2476 mollitie,
658 2412 980 2482 gemitibus
999 2413 1265 2485 indulget
1285 2419 1341 2470 et
1362 2412 1722 2485 lacrymis,et

60 2500 275 2555 crebris
309 2500 594 2570 suspiriis
614 2500 951 2569 intabescit,
981 2509 1062 2569 ut,
1083 2504 1187 2558 etsi
1208 2509 1450 2560 matrem
1472 2505 1717 2571 nescias,

60 2596 311 2644 matrem
337 2606 662 2661 agnoscas:
688 2591 1000 2647 manifesta
1022 2593 1239 2648 doloris
1261 2593 1557 2660 affectum,
1583 2595 1717 2649 etin

61 2678 230 2732 modo
243 2677 490 2733 dolendi
514 2679 907 2752 lacrymarum
927 2698 1228 2737 excessum
1243 2687 1318 2747 ,et
1339 2682 1492 2738 sicut
1515 2683 1717 2751 Jacob,

63 2767 250 2822 ﬁlium
283 2768 684 2824 cxistimausa
703 2769 893 2825 bestia
909 2770 1576 2843 devoratum,planctum
1596 2789 1725 2845 age-

57 2856 152 2909 bat
167 2857 542 2912 continuum.
559 2857 932 2914 Puerunicus
954 2877 1069 2915 non
1093 2862 1489 2931 comparebat,
1510 2867 1568 2917 et
1588 2863 1720 2918 ideo

64 2943 276 3000 mulier
305 2946 587 3002 solatium
622 2965 736 3002 non
770 2948 1041 3006 habebat.
1064 2949 1246 3006 Versa
1263 2955 1353 3006 est
1370 2953 1721 3007 solemuitas

59 3033 114 3086 in
141 3050 460 3090 mmrorem
475 3079 488 3100 ,
512 3037 569 3091 in
591 3037 1063 3108 compassionem
1089 3038 1310 3094 latitia.
1337 3039 1538 3097 Clerus
1552 3050 1600 3096 et
1627 3057 1724 3112 po-

53 3122 228 3192 pulus
247 3125 552 3180 internum
566 3124 834 3199 lacrymis
848 3128 1461 3198 egerebatdolorem,et
1479 3130 1722 3186 indultis

1829 1963 1948 2035 39):
1978 1965 2097 2036 Ego
2126 1966 2474 2033 occidam,et
2501 1983 2608 2039 ego
2633 1966 2824 2023 vivere
2855 1967 3093 2022 faciam:
3121 1970 3442 2039 percutiam
3461 2012 3473 2035 ,

1829 2057 1886 2107 et
1916 2054 2154 2110 sanabo.
2177 2056 2285 2110 Sed
2321 2055 2626 2126 utrobique
2656 2056 2866 2128 pietas,
2897 2056 3289 2127 dumjuvenis
3313 2074 3476 2114 revo-

1829 2144 2070 2198 cabatur
2099 2145 2170 2200 ad
2202 2145 2474 2216 gratiam,
2510 2151 2776 2201 matrona
2816 2162 2951 2201 vero
2983 2145 3198 2202 nobilis
3247 2151 3304 2201 et
3345 2149 3468 2218 jam

1828 2232 2055 2288 Christo
2086 2250 2302 2303 sponso
2337 2233 2556 2289 nubilis
2586 2235 2906 2290 vocabatur
2935 2235 3005 2290 ad
3039 2234 3308 2305 gloriam.

1898 2320 1986 2375 39.
2021 2321 2168 2386 Quid
2190 2320 2344 2375 inter
2374 2321 2515 2392 haec,
2551 2323 2780 2393 fratres,
2813 2323 3281 2378 animadvertitis
3305 2324 3332 2378 ?
3354 2323 3472 2379 nisi

1827 2412 1981 2482 quod
1999 2412 2070 2466 de
2094 2413 2342 2467 mortuis
2362 2413 2534 2468 fiebat
2557 2412 2847 2484 liquidum
2871 2415 3465 2486 argumentum,quod

1827 2500 1898 2555 ad
1929 2501 2058 2570 eius
2090 2502 2399 2556 transierat
2425 2506 2672 2558 Sanctus
2703 2503 3063 2558 consortium
3098 2504 3197 2576 qui
3245 2503 3373 2559 vitae
3413 2508 3468 2560 et

1829 2589 2032 2645 mortis
2065 2589 2238 2644 habet
2258 2589 2571 2661 imperium
2593 2591 2621 2645 ?
2640 2595 2757 2646 Aut
2777 2593 3098 2663 ccrte,quia
3117 2592 3261 2648 fides
3279 2609 3473 2648 resur-

1829 2679 2101 2733 rectionis
2120 2679 2352 2749 propria
2368 2683 2456 2735 est
2471 2679 2772 2735 catholica
2793 2679 3116 2752 religionis,
3142 2682 3380 2737 decebat
3406 2686 3470 2738 ut

1828 2767 2170 2838 fides,quam
2188 2766 2438 2822 Sanctus
2451 2769 3000 2838 docueratverbo,in
3016 2769 3472 2840 ejuselevalione

1829 2857 2274 2912 confirmaretur
2303 2856 2599 2928 exemplo;
2632 2874 2766 2913 nam
2791 2857 2841 2913 si
2863 2858 3186 2914 suscitatus
3208 2865 3299 2915 est
3321 2877 3475 2916 mor-

1829 2951 2052 3013 tuus,et
2083 2963 2190 3001 nos
2209 2947 2484 3001 similiter
2496 2946 3207 3018 resurgemus.Suscitatio
3221 2954 3480 3004 mortuo-

1830 3051 1959 3090 rum
1995 3035 2444 3090 resurrectionis
2474 3043 2557 3091 est
2589 3033 2998 3106 qualecunque
3036 3035 3372 3108 vestigium,
3405 3055 3472 3094 eo

1830 3125 1983 3195 quod
2013 3123 2324 3194 utrobique
2354 3128 2658 3179 revocatur
2676 3124 2748 3179 ad
2771 3124 2949 3179 vitam
2970 3125 3122 3195 quod
3148 3125 3337 3182 fuerat
3357 3127 3472 3182 vita

59 3213 371 3284 paulisper
401 3214 703 3286 suspiriis,
737 3223 1084 3288 recuperata
1116 3217 1240 3288 spei
1271 3219 1347 3289 (a)
1379 3218 1613 3284 fiducia,
1656 3221 1714 3274 Β,
1752 3239 1793 3304 C
1835 3214 2142 3304 privatum.
2175 3214 2282 3304 sed
2308 3218 2503 3270 tamen
2525 3214 2930 3270 suscitationis
2950 3220 3008 3270 et
3028 3217 3474 3272 resurrectionis

53 3300 456 3360 Eleutherium
469 3305 1050 3376 deprecatur,utejus
1063 3305 1218 3361 filius
1232 3307 1730 3363 suscitetur.Com-

56 3393 287 3461 patiens
322 3394 512 3448 clerus
545 3399 604 3449 et
638 3393 927 3466 populus,
963 3395 1114 3450 idem
1150 3395 1452 3467 flagitabat
1483 3397 1631 3452 votis
1663 3402 1720 3453 et

59 3482 352 3549 precibus.
369 3481 511 3538 Vere
523 3483 748 3538 secund
761 3498 856 3537 um
875 3483 1229 3538 sententiam
1252 3483 1481 3539 Domini
1507 3486 1717 3554 (Matth.

59 3585 173 3633 ιιι,
187 3571 278 3638 22)
296 3588 312 3623 :
329 3571 406 3626 Im
419 3571 701 3642 possibile
715 3577 807 3626 est
820 3571 1113 3626 orationes
1133 3572 1391 3644 plurium
1420 3591 1530 3628 non
1547 3590 1720 3630 exau-

66 3653 200 3709 diri.
221 3656 571 3712 Benedictus
593 3674 807 3728 nempe
825 3657 1132 3723 Dominus,
1148 3660 1244 3730 qui
1267 3664 1397 3730 post
1415 3665 1526 3716 tem
1539 3668 1723 3732 pesta-

67 3747 588 3816 temtranquillum
605 3746 767 3810 facit,
791 3751 847 3801 et
871 3752 999 3816 post
1017 3747 1242 3802 luctum
1263 3749 1720 3806 consolationem

71 3832 330 3889 inducit:
362 3837 566 3890 nubilo
587 3835 886 3904 siquidem
922 3836 1155 3906 repulso
1181 3838 1724 3910 tristitianprotinus

77 3919 684 3980 introduxitserenum
711 3923 938 3978 laetitiae.
961 3931 1151 3981 Motus
1172 3932 1261 3981 est
1279 3933 1443 3982 terra
1463 3927 1646 3991 locus,
1664 3929 1722 3982 in

81 4024 192 4077 quo
226 4029 370 4081 puer
401 4014 630 4082 jacchat
660 4013 972 4081 exanimis,
1006 4019 1063 4068 et
1102 4016 1298 4071 subito
1339 4016 1728 4072 circumfulsit

85 4114 210 4154 eum
239 4103 480 4160 claritas
528 4104 822 4159 immensa
853 4105 925 4159 de
957 4105 1138 4160 caelis.
1192 4109 1596 4163 Resuscitatus
1640 4112 1730 4164 est

89 4203 246 4255 puer,
277 4189 569 4248 laetificata
597 4198 690 4247 est
725 4191 954 4261 mulier,
986 4195 1400 4266 magnificatus
1428 4204 1516 4252 est
1547 4197 1604 4251 in
1631 4214 1729 4261 po-

107 4275 222 4343 pulo
251 4277 545 4349 gloriosus
574 4282 790 4338 Christi
826 4283 1086 4353 pontifex
1118 4289 1174 4340 et
1205 4285 1490 4351 minister,
1525 4291 1734 4356 etpost

104 4363 213 4431 ejus
224 4371 700 4424 resurrectionem
713 4371 835 4441 ,qui
849 4377 1112 4427 mortuus
1125 4373 1480 4446 fuerataperi
1493 4392 1549 4430 re
1563 4374 1735 4446 erepit

109 4450 244 4508 beati
277 4459 562 4527 pontificis
599 4459 902 4530 pietatem,
930 4466 988 4516 et
1009 4466 1203 4516 datam
1225 4463 1412 4518 eidem
1439 4465 1734 4521 aDomino

111 4543 320 4600 caelitus
351 4547 882 4618 potestatem.0uid
905 4551 1060 4604 enim
1080 4550 1242 4606 illius
1266 4553 1531 4622 potentiae
1549 4558 1736 4624 potest

1832 3308 1920 3359 est
1954 3301 2298 3366 differentia,
2330 3319 2461 3357 cum
2491 3304 2808 3358 suscitatus
2829 3309 3132 3359 revocatur
3147 3305 3220 3359 ad
3242 3310 3476 3376 tempus

1831 3398 1892 3446 ut
1926 3394 2138 3446 iterum
2173 3391 2536 3461 migraturus
2567 3392 2771 3460 evita;
2804 3391 2864 3446 in
2898 3392 3317 3448 resurrectione
3343 3411 3478 3450 vero

1830 3481 2220 3536 vitahumana
2235 3479 2680 3551 perpetuabitur
2701 3480 2759 3534 in
2782 3481 3186 3547 aeternum,vel
3213 3482 3267 3536 in
3294 3482 3478 3554 gloria

1828 3569 1915 3626 vel
1951 3571 2008 3624 in
2042 3568 2363 3641 pmna.Sive
2395 3569 2504 3623 hoc
2535 3567 2896 3638 aliquis,sive
2916 3569 3072 3625 aliud
3094 3571 3472 3640 dixerit,certi

1831 3674 2040 3714 sumus
2064 3659 2336 3727 juvenem
2370 3657 2789 3713 resuscitatum
2822 3659 2892 3712 ad
2928 3659 3020 3714 Dei
3046 3659 3292 3730 gloriam
3317 3666 3375 3714 et
3397 3660 3467 3715 ad

1832 3747 2015 3804 sancti
2043 3745 2336 3816 pontificis
2357 3746 2676 3802 efficaciam
2698 3749 3216 3818 comprobandam.
3239 3747 3402 3804 Unde
3418 3754 3478 3804 et

1830 3837 1901 3892 de
1928 3840 2138 3891 Lazaro
2174 3835 2576 3890 resuscitando
2612 3836 2826 3907 legitur
2863 3838 3037 3907 (Joan.
3075 3839 3240 3908 111,4):
3299 3839 3471 3894 Infir-

1835 3925 2006 3980 mitas
2039 3924 2158 3980 haec
2183 3943 2295 3980 non
2329 3931 2418 3980 est
2438 3926 2507 3980 ad
2530 3928 2915 3992 mortem,sed
2939 3932 3000 3982 ut
3019 3943 3119 3998 per
3139 3944 3266 3982 eam
3294 3929 3476 3984 Filius

1835 4015 2091 4070 hominis
2123 4015 2491 4070 clarificetur.
2520 4019 2585 4069 Et
2607 4015 2656 4070 si
2676 4016 2814 4086 quid
2834 4033 3030 4071 eorum
3051 4033 3173 4086 quae
3193 4017 3477 4072 Dominus

1838 4107 2170 4160 facerenon
2211 4104 2471 4176 disponit
2519 4104 2732 4176 aliquis
2775 4113 3114 4162 sanctorum
3169 4109 3481 4178 rogaverit,

1840 4195 2002 4250 nullo
2023 4196 2194 4249 modo
2215 4193 2337 4248 fieri
2359 4193 2638 4249 Dominus
2662 4194 2717 4248 id
2740 4195 3044 4265 permittit.
3075 4199 3148 4250 Ex
3171 4213 3285 4266 quo
3313 4196 3483 4266 plane

1841 4281 2212 4337 concluditur
2234 4295 2299 4335 ut
2317 4281 2362 4335 si
2383 4281 2520 4353 quid
2543 4299 2574 4336 a
2591 4280 2837 4338 Domino
2851 4288 3189 4338 sanctorum
3214 4283 3483 4354 precibus

1843 4372 2160 4433 obtinetur,
2197 4387 2396 4425 eorum
2431 4370 2488 4423 in
2522 4369 2682 4425 caelis
2713 4370 2972 4426 efficacia
2992 4370 3339 4426 declaretur.

1914 4461 1936 4495 ³
1966 4461 2051 4515 40.
2083 4461 2192 4514 Sed
2229 4475 2383 4527 ecce,
2425 4460 2566 4513 dum
2600 4459 2899 4515 miraculis
2929 4476 3056 4529 quae
3087 4459 3212 4515 dies
3244 4465 3486 4516 sanctu

1845 4548 2185 4606 elevationis
2198 4547 2394 4602 attulit
2409 4547 2770 4614 vacabamus,
2788 4549 3210 4620 digressionem
3225 4550 3495 4622 aliquau-

110 4610 395 4706 objici,qui
421 4610 896 4706 Omnipotentem
919 4610 1468 4697 concordembabet
1485 4610 1613 4713 ejus
1639 4659 1739 4714 per
1769 4610 1818 4673 D
1848 4639 2029 4694 tulam
2063 4637 2220 4710 passi
2245 4653 2473 4691 sumus.
2503 4635 2641 4691 Nam
2661 4643 2720 4693 et
2740 4610 2956 4694 fluvius
2979 4639 3116 4696 dum
3141 4657 3244 4712 per
3260 4610 3489 4698 alveum

110 4723 292 4778 omnia
320 4725 647 4780 voluntati?
671 4725 819 4790 Quid
841 4727 991 4782 enim
1014 4727 1229 4784 mirum
1258 4729 1306 4784 si
1325 4731 1510 4787 sancti
1529 4735 1655 4802 jam
1677 4731 1737 4787 in

105 4810 288 4866 anima
316 4812 547 4869 Christo
579 4815 913 4870 conformes
942 4815 1130 4871 effecti
1163 4834 1264 4887 pro
1305 4819 1742 4890 dispensatione

105 4903 360 4967 presenti
399 4903 554 4958 circa
599 4919 691 4958 res
742 4907 1075 4974 corporales
1125 4907 1277 4962 mira
1325 4908 1566 4976 faciunt,
1616 4909 1742 4979 ipso

97 4997 420 5059 praetenta,
453 4995 629 5062 cujus
659 4994 854 5064 gratia
875 4993 1004 5063 jam
1041 4995 1354 5066 participes
1381 4998 1506 5067 ejus
1537 4998 1745 5053 divini-

94 5077 226 5131 tatis
252 5080 572 5135 existunt?

160 5166 432 5225 '38.Vere
449 5169 734 5242 propheta
750 5186 1002 5240 magnus
1024 5171 1078 5226 in
1095 5173 1186 5228 die
1201 5173 1450 5230 declaral
1464 5176 1610 5232 iouis
1627 5195 1747 5234 suze

87 5271 332 5328 surgens
370 5258 670 5330 apparuit,
709 5261 811 5330 qui
845 5258 1025 5316 filium
1055 5261 1240 5317 viduae
1266 5269 1383 5318 tam
1408 5264 1748 5322 solemniter

83 5346 408 5402 suscitavit.
435 5353 559 5402 Non
572 5349 784 5419 nejam
815 5348 1245 5420 implebaturin
1267 5356 1479 5409 Sancto
1503 5355 1747 5425 spiritus

76 5434 276 5501 Elisei,
303 5454 440 5492 cum
476 5437 634 5492 ﬁlius
664 5439 992 5495 suscitatus
1024 5440 1289 5498 redditus
1319 5443 1499 5498 fuisse
1532 5444 1750 5516 legitur

70 5524 495 5584 Sunamitidi?
523 5527 679 5584 sicut
709 5529 995 5600 scriptum
1041 5538 1131 5588 est
1178 5533 1282 5604 (ιγ
1330 5534 1458 5604 Reg.
1503 5550 1581 5601 IV,
1614 5535 1746 5606 34):

143 5671 161 5742 ξ
195 5670 362 5727 Alias
393 5687 526 5742 cap.
561 5687 721 5728 mn.

139 5741 164 5816 ξ
195 5742 363 5816 Alias
389 5741 524 5816 cap.
558 5759 677 5798 ιιι.

143 5812 168 5846 ⁸
190 5814 364 5873 Alias
395 5812 531 5888 cap.
563 5830 658 5871 ιι.

1850 4727 2072 4794 defluit,
2106 4727 2156 4781 si
2178 4726 2357 4783 valles
2378 4742 2659 4782 concavas
2689 4743 2758 4782 ex
2786 4728 2961 4785 latere
2981 4730 3290 4804 contingit,
3313 4729 3372 4785 in
3396 4747 3496 4788 eas

1853 4817 2007 4873 illico
2029 4815 2120 4871 sui
2145 4814 2399 4886 impetus
2413 4831 2650 4871 cursum
2671 4817 2921 4884 divertit,
2940 4823 2995 4873 et
3016 4818 3074 4874 in
3092 4819 3315 4876 alveum
3345 4826 3498 4891 post-

1852 4905 2092 4961 modum
2127 4921 2189 4958 se
2208 4903 2480 4958 refundit.
2507 4903 2897 4962 Venatoribus
2915 4907 3086 4963 etiam
3106 4911 3256 4964 solet
3276 4911 3501 4965 contin-

1854 5011 1988 5066 gere
2021 4999 2085 5048 ut
2114 4993 2403 5048 desistant
2433 5011 2467 5050 a
2501 4994 2704 5065 bestia,
2738 5011 2914 5068 quam
2948 4999 3325 5063 sectantur,si
3352 5000 3496 5054 forte

1857 5083 2108 5138 viderint
2125 5082 2298 5138 aliam
2318 5082 2698 5154 exinopinato
2711 5085 2910 5140 statim
2928 5101 3240 5157 emergere.
3259 5089 3500 5155 Repetat

1855 5173 2034 5244 igitur
2049 5171 2181 5227 fluvi
2194 5189 2260 5225 us
2275 5170 2416 5226 alvei
2433 5178 2772 5228 consuetam
2789 5173 2938 5228 viam
2951 5179 3205 5238 ,veuator
3218 5180 3498 5229 sectatum

1855 5264 2126 5328 bestiam,
2161 5261 2346 5334 stylus
2372 5263 2673 5317 materiam
2699 5262 3054 5319 inchoatam.
3082 5262 3301 5318 Nemus
3323 5265 3497 5321 etiam

1857 5357 2058 5407 contra
2081 5349 2264 5422 legem
2283 5352 2337 5404 in
2355 5351 2569 5423 templo
2586 5350 2814 5406 Domini
2830 5350 3245 5422 plantamus,si
3267 5359 3497 5411 tantum

1855 5442 2160 5496 verborum
2183 5438 2334 5494 foliis
2353 5441 2719 5495 insistemus.
2745 5443 2976 5494 Certum
2993 5447 3080 5496 est
3098 5441 3252 5497 enim
3269 5445 3502 5514 quoties

1856 5532 1915 5587 in
1947 5530 2101 5587 foliis
2124 5529 2336 5600 segetis
2353 5529 2533 5585 culmi
2550 5529 2885 5600 proﬁciunt,
2906 5530 3116 5587 minori
3141 5533 3503 5602 plenitudine

1929 5675 2008 5746 (a)
2039 5673 2331 5746 Excusum
2346 5668 2538 5746 ,_ﬁdei_.

1931 5741 2003 5832 (ὸ)
2036 5745 2095 5799 ln
2117 5741 2332 5832 eodem
2369 5743 2485 5797 hac
2517 5741 2999 5813 interponuntur,
3030 5742 3508 5800 incivitaleNaim

1860 5814 2044 5896 ﬁlium
2071 5814 2277 5871 viduae.
