3836 6254
112 312 168 370 93
1528 294 1970 360 SEBMONES.
3384 315 3462 372 91

108 439 639 518 genitumsecundum
656 446 939 495 naturam
953 452 1080 496 esse
1097 439 1349 494 testatur
1361 439 1417 492 et
1429 431 1700 491 colimus.
1731 429 1790 497 Α
1817 434 2044 496 dixerat
2056 457 2120 498 se
2131 441 2386 500 similem
2402 442 2831 517 Altissimo,per
2844 445 3177 516 superbiam
3201 446 3463 518 elapsus,

109 535 153 590 Id
167 533 310 588 etiam
327 530 503 602 palam
519 527 1492 600 aperimus,similiterDeiVerbum
1507 525 1702 582 carnis

110 629 155 680 et
173 619 443 692 sanguinis
463 618 773 676 exordium
796 618 1096 686 habuisse,
1111 623 1167 674 et
1198 621 1468 672 nostrum
1489 631 1702 687 corpus

112 727 247 767 suum
269 706 584 780 specialiter
616 707 854 776 fecisse,
880 711 937 762 et
959 708 1270 778 perfectum
1309 704 1599 760 hominem
1634 703 1703 759 de

111 802 289 871 virgine
308 797 682 869 processisse,
709 813 827 850 non
861 801 1050 850 tamen
1073 795 1300 866 abjecta
1331 793 1549 850 cmlesti
1573 792 1703 849 Dei-

109 894 216 952 tate,
239 894 290 941 ut
307 885 455 940 illam
475 885 919 956 generationem
945 884 1240 938 amitteret
1258 899 1432 954 quam
1452 881 1704 937 habebat

110 997 160 1032 ex
183 987 367 1031 aeterno
400 981 587 1030 Patre.
643 976 764 1030 Hoc
799 975 1001 1047 utique
1046 974 1190 1029 ratio
1231 972 1536 1029 catholicae
1570 972 1703 1027 ﬁdei

109 1074 330 1121 testatur.
362 1066 414 1119 ln
441 1064 547 1119 hac
573 1063 859 1136 religione
876 1071 1108 1119 sanctos
1126 1068 1345 1127 Patres,
1379 1069 1434 1117 et
1461 1061 1554 1118 Dei
1588 1060 1701 1117 ele-

109 1169 203 1210 tios
221 1155 412 1210 milites
433 1170 718 1225 verosque
734 1153 1032 1225 agonistas
1047 1153 1228 1208 fuisse
1247 1151 1582 1216 didicimus,
1602 1152 1701 1222 qui

109 1245 340 1300 veraciter
369 1251 609 1299 matrem
639 1243 872 1300 Domini
908 1241 1088 1298 nostri
1112 1243 1249 1298 Jesu
1284 1241 1499 1297 Christi
1524 1240 1700 1310 virgi-

114 1353 215 1388 nem
237 1334 594 1387 crediderunt
627 1351 639 1387 :
664 1350 776 1387 non
796 1331 928 1402 quia
969 1332 1156 1386 Deitas
1183 1337 1510 1402 naturaque
1535 1330 1700 1385 Verbi

107 1427 151 1481 in
172 1423 576 1495 ip:aesordiurn
609 1422 914 1492 acceperit,
951 1421 1046 1475 sed
1065 1419 1430 1492 quodanima
1450 1420 1702 1475 rationa-

110 1515 187 1568 bili
214 1530 267 1566 es
295 1513 552 1582 ejusdem
589 1511 836 1582 virginis
863 1507 1169 1580 impolluta
1193 1507 1319 1564 alvo
1350 1507 1491 1562 illud
1510 1526 1705 1563 sacra-

110 1602 352 1657 tissimum
369 1619 581 1670 corpus
597 1601 812 1654 Christi
829 1601 1041 1654 animat
1056 1616 1150 1653 um
1171 1604 1371 1654 natum
1399 1597 1588 1666 sil,cui
1607 1597 1706 1652 Dei

111 1693 314 1747 Verbum
330 1694 434 1747 adu
447 1698 648 1746 natum
663 1689 1212 1746 substantialitersci
1226 1707 1276 1743 m
1289 1706 1493 1744 usesse
1510 1694 1706 1744 natum

1814 529 2044 600 rugiens
2062 538 2128 587 ut
2155 532 2264 601 leo,
2282 535 2490 605 quaerit
2515 549 2688 605 quem
2704 535 2941 590 devoret
2983 533 3106 589 Non
3131 536 3337 606 quierit
3359 536 3464 592 ho-

1815 619 2031 675 minem
2053 621 2495 690 inﬁdelem,non
2525 623 2893 688 iracundum,
2920 639 3032 678 non
3055 623 3182 678 illos
3207 623 3462 696 quiforis

1817 714 1979 778 sunt,
1995 711 2092 764 sed
2111 712 2643 782 quaarithumilern,
2663 712 3460 781 modestum,rationabilem,

1813 797 1900 852 vel
1923 799 2177 872 aliquem
2206 803 2276 856 de
2304 799 2558 856 Ecclesia
2591 801 2801 857 Christi
2825 802 3073 871 dejicere
3108 803 3329 858 nititur.
3348 803 3462 859 Iste

1812 888 2048 944 invidus
2082 891 2379 945 hominem
2405 892 2478 945 de
2509 892 2778 960 paradiso
2811 891 2909 947 Dei
2938 893 3186 962 ejectum
3219 893 3274 946 in
3310 892 3458 947 hanc

1814 979 2113 1034 miseriam
2133 986 2189 1034 et
2209 979 2530 1035 convallem
2555 980 2878 1052 lacrymaru
2892 997 2946 1034 ω
2965 981 3212 1045 misit,et
3227 983 3461 1037 beatum

1810 1065 1922 1122 Job
1954 1084 1987 1122 a
2014 1073 2130 1123 Deo
2153 1067 2324 1137 longe
2359 1069 2548 1124 facere
2578 1068 2778 1135 voluit,
2814 1085 2919 1124 nec
2954 1070 3460 1141 potuit.lpsienim

1814 1155 2191 1212 immaculato
2223 1163 2278 1212 et
2300 1157 2554 1228 simplici
2589 1159 2709 1214 viro
2741 1159 2958 1213 dicitur
2991 1175 3003 1212 :
3045 1159 3228 1214 l’irtus
3257 1163 3379 1232 ejus
3402 1164 3461 1216 in

1813 1245 2014 1300 lumbis
2044 1248 2186 1313 eius.
2218 1256 2269 1303 et
2305 1251 2541 1315 potestas
2573 1249 2632 1302 in
2666 1247 2928 1302 umbilico
2955 1248 3102 1315 eius.
3141 1248 3324 1319 Igitur
3365 1265 3466 1320 per

1813 1334 1986 1406 primi
2011 1334 2266 1390 hominis
2296 1335 2773 1398 inobedieutiam,
2797 1336 2854 1390 in
2890 1337 3176 1391 mundum
3221 1339 3460 1393 intravit

1817 1439 1972 1478 mors
1987 1429 2040 1478 et
2066 1423 2320 1479 miseria:
2349 1441 2448 1494 per
2474 1423 2722 1480 natalem
2757 1441 2889 1479 vero
2918 1426 3159 1480 secundi
3195 1426 3451 1482 hominis

1817 1511 2084 1584 ingressa
2115 1520 2204 1568 est
2223 1513 2385 1568 salus
2407 1519 2463 1568 et
2485 1512 2704 1569 laetitia.
2734 1513 2908 1568 Stella
2936 1513 3117 1568 solem
3144 1515 3455 1574 dedit:Vir-

1816 1617 1888 1674 go
1919 1602 2100 1657 Deum
2137 1601 2432 1657 hominem
2467 1603 2690 1674 absque
2739 1602 2975 1658 homine
3010 1621 3022 1670 ;
3060 1604 3222 1674 virga
3255 1604 3452 1660 ﬂorem

1819 1690 2151 1763 parturivit.
2179 1692 2233 1744 bii
2259 1691 2438 1746 Maria
2457 1693 2617 1763 virgo
2636 1709 2746 1747 non
2765 1693 3329 1764 permansisset,non
3352 1695 3463 1748 uti-

111 1782 384 1838 carnaliter.
419 1783 568 1835 Hinc
599 1781 667 1835 de
695 1796 763 1834 eo
792 1779 1002 1835 Paulus
1027 1778 1325 1850 apostolus
1361 1780 1428 1834 ad
1464 1780 1708 1834 Thessa-
1738 1790 1786 1856 Β
1818 1797 1931 1852 que
1950 1779 2156 1834 Filium
2176 1779 2612 1852 Deigenuisset.
2638 1781 2681 1835 0
2702 1797 2877 1851 quam
2904 1781 3197 1837 laudanda
3221 1783 3459 1854 virgini-

113 1871 384 1925 loniccnses
415 1869 686 1924 scribens
719 1868 802 1922 ait
833 1886 851 1922 :
886 1869 992 1938 Ipsi
1019 1869 1168 1922 enim
1210 1867 1277 1923 de
1308 1867 1452 1923 vobis
1482 1886 1708 1923 unmm-

107 1963 238 2026 liant,
264 1961 472 2030 qualem
499 1961 805 2013 introitum
839 1957 1192 2012 habuerimus
1223 1957 1367 2027 apud
1399 1962 1560 2020 ros,et
1583 1975 1710 2030 quo-

110 2051 232 2104 modo
255 2052 497 2104 conversi
512 2049 649 2104 estis
683 2049 751 2102 ad
773 2049 938 2102 Deum
971 2064 1001 2100 a
1035 2047 1588 2113 simulacris,servire
1609 2049 1710 2104 Deo

108 2141 203 2191 ria»
227 2149 269 2192 et
295 2155 428 2202 mro,
470 2145 522 2192 et
559 2141 846 2208 expectare
870 2136 1072 2191 Filium
1101 2137 1226 2206 ejus
1254 2138 1321 2190 de
1353 2138 1528 2201 caelis,
1551 2154 1712 2207 quem

108 2228 362 2290 suscitavit,
390 2229 600 2290 Iesum,
636 2225 737 2298 qui
763 2224 973 2295 eripuit
1001 2239 1097 2279 nos
1127 2242 1159 2276 ιι
1192 2229 1422 2278 tantum
1457 2228 1565 2280 ira.
1599 2228 1712 2279 Nos

109 2333 215 2387 ergo
242 2323 442 2371 sanctae
466 2317 652 2380 hujus
675 2314 809 2368 ﬁdei
833 2315 1105 2377 cultores,
1122 2312 1544 2387 acChristiana:
1567 2313 1713 2383 legis

109 2413 373 2461 sertatores
388 2406 534 2477 proli
548 2403 1146 2458 lcmursecundumsu
1159 2382 1468 2457 bstantiam
1481 2403 1719 2458 DciVer—

113 2498 222 2550 bum
240 2497 384 2551 carni
403 2496 662 2558 unitum,
683 2508 984 2563 unumque
1004 2491 1300 2548 Christum
1327 2493 1531 2561 Deum,
1551 2511 1715 2549 eum-

112 2588 323 2658 ἀρκτοᾳυθ
354 2587 652 2642 hominem
691 2603 824 2640 cum
861 2583 1094 2654 propria
1124 2599 1296 2638 carne
1329 2583 1712 2637 adorandum.

113 2681 512 2732 Testamurvero
539 2677 742 2741 corde,
761 2673 1136 2747 perhibemus
1155 2689 1301 2745 pura
1315 2673 1714 2739 mente,con(io

111 2771 269 2820 temur
299 2767 562 2821 modesto
596 2783 720 2830 ore,
753 2765 965 2819 Filium
1003 2764 1098 2819 Dei
1131 2762 1474 2819 crucifixum
1521 2777 1715 2828 carne,

113 2862 314 2910 mortem
339 2855 652 2926 pertulisse
673 2853 1216 2923 carne,lactumque
1233 2867 1297 2906 ex
1335 2850 1580 2905 mortuis
1613 2850 1723 2921 pri-

117 2942 807 3015 mogenitum,secundum
842 2941 998 3013 quod
1029 2941 1086 2995 in
1119 2940 1246 3011 ipso
1269 2944 1568 3010 permanet
1593 2955 1718 3010 per-

113 3034 228 3089 lecta
255 3034 361 3090 vita
388 3033 786 3098 credentium,
820 3032 919 3104 qui
973 3034 1038 3085 ut
1067 3029 1244 3098 Deus,
1279 3029 1546 3084 omnium
1577 3029 1718 3084 vivi-

116 3123 282 3178 ﬁcator
307 3127 390 3179 est
419 3121 715 3178 ﬁdelium.

169 3213 292 3282 Hec,
312 3212 710 3275 dilectissimi,
739 3209 952 3280 scribo,
971 3214 1037 3265 ut
1056 3226 1162 3280 pax
1195 3213 1252 3264 et
1281 3209 1596 3265 concordia
1621 3213 1719 3265 Ec-

122 3300 381 3358 clesiaruni
397 3305 810 3366 conservetur,
822 3305 880 3354 et
892 3297 1303 3354 indissolubile
1315 3297 1607 3355 claritatis
1620 3299 1716 3353 vin

117 3390 276 3446 culum
320 3394 686 3463 permaneat,
720 3388 994 3459 donaque
1039 3387 1251 3443 divinas
1284 3387 1576 3460 largitatis
1607 3404 1724 3443 non

120 3479 431 3536 minuantur.
447 3478 803 3536 Trinitatem
828 3477 886 3531 in
912 3476 1136 3532 unitate
1161 3491 1514 3532 veneramur
1532 3481 1590 3532 et
1607 3493 1725 3532 cre-

118 3569 274 3625 dimus
294 3574 511 3626 Patrem
529 3567 873 3639 Filiumque
888 3565 974 3622 sic
1005 3565 1173 3622 initio
1195 3566 1398 3631 fuisse,
1434 3571 1499 3621 ut
1531 3582 1728 3636 proce-

122 3658 307 3714 dentem
337 3661 407 3714 ab
444 3665 703 3729 utroque
736 3654 1098 3711 Paracletum
1131 3655 1479 3711 confitemur
1498 3659 1557 3710 et
1589 3655 1728 3710 coli-

120 3761 242 3811 mus,
263 3765 363 3803 non
387 3754 503 3803 tros
537 3747 706 3816 deos,
731 3745 832 3801 sed
869 3760 1046 3800 unum
1079 3745 1486 3800 tantummodo
1514 3745 1719 3800 Deum:

117 3835 187 3888 cui
212 3837 438 3892 ﬁdeliter
465 3835 880 3909 persolvamus
911 3834 1130 3899 debita,
1165 3839 1230 3888 ut
1262 3833 1430 3890 nobis
1463 3833 1722 3890 relaxare

116 3931 277 3981 nostra
293 3943 400 3982 non
426 3926 785 3997 dedignatur
805 3923 1055 3978 crimina
1071 3923 1360 3978 Dominus
1383 3938 1450 3978 ac
1474 3923 1718 3978 Redem-

116 4020 217 4079 ptor
231 4022 432 4082 noster,
466 4016 573 4087 qui
593 4019 760 4069 tanta
782 4013 841 4068 in
862 4011 1046 4068 servis
1072 4015 1200 4068 suis
1223 4011 1510 4068 miracula
1543 4012 1719 4068 mira-

114 4102 222 4159 bilis
233 4111 511 4177 operatur,
531 4111 594 4161 et
608 4104 836 4174 majora
851 4103 1056 4158 borum
1081 4102 1428 4169 videbimus,
1446 4103 1720 4173 adjuvan-

116 4197 158 4245 te
177 4193 260 4248 illo
286 4197 449 4264 cujus
481 4194 770 4265 majestas
800 4197 859 4247 et
888 4191 1282 4263 pulchritudo,
1315 4190 1712 4247 immarcesci-

115 4279 222 4338 bilis
246 4282 436 4354 gloria,
471 4285 668 4338 virtus
692 4286 751 4337 et
781 4280 964 4336 honor
1016 4279 1445 4336 inmstimabilis
1476 4296 1713 4352 perma—

117 4371 263 4427 netin
289 4373 496 4429 secula
529 4370 903 4428 seculorum.
936 4374 1144 4426 Amen.

373 4505 624 4564 SERMO
669 4504 754 4559 DE
796 4503 1062 4559 NATALI
1105 4502 1380 4560 DOMINI.

161 4636 282 4694 Ecce
301 4657 450 4698 nunc
473 4645 716 4711 tempus
736 4635 1112 4709 acceptabile,
1137 4652 1266 4693 esse
1297 4651 1455 4692 nunc
1477 4636 1601 4692 dies
1615 4653 1711 4692 sa-

107 4724 236 4782 lutis.
264 4730 397 4786 Ecce
426 4731 485 4785 in
523 4730 617 4784 his
651 4727 856 4784 diebus
877 4725 1185 4798 impletum
1218 4727 1518 4782 cernimus
1549 4725 1705 4796 quod

110 4829 216 4872 voce
243 4819 394 4875 Isaias
426 4818 729 4892 propheta
751 4816 972 4872 dicitur
994 4833 1008 4872 :
1031 4818 1166 4872 Ecce
1193 4817 1346 4887 virgo
1365 4815 1632 4884 concipiet
1653 4817 1704 4870 et

109 4908 246 4972 pariet
255 4908 446 4977 ﬁlium,
461 4913 517 4964 et
531 4907 818 4964 vocabitur
835 4921 1033 4962 nomen
1052 4905 1173 4976 ejus
1194 4901 1705 4961 Emmanuet.Ecce

113 4992 232 5065 virgo
248 4999 508 5068 concepit
533 4996 758 5066 absque
771 4993 1178 5058 virilisemine,
1209 4993 1371 5065 virgo
1396 4991 1704 5064 parturivit

111 5082 286 5154 absque
301 5085 497 5158 aliqua
516 5085 711 5140 carnis
730 5082 1400 5153 infestatione.Ejusdem
1417 5083 1574 5137 enim
1599 5080 1701 5136 filii

111 5173 362 5230 nativitale
378 5175 653 5230 humanas
671 5171 856 5245 plebis
873 5171 1701 5243 laetitiaaugmentaturwujus

109 5267 207 5314 ortu
233 5262 496 5319 inimicus
529 5268 740 5320 nostra!
773 5261 1121 5318 substantias
1157 5277 1368 5316 maror
1397 5260 1702 5316 confundi-

105 5349 513 5409 turllleetenim
530 5351 906 5409 adversarius
923 5351 1241 5423 noster,qui
1257 5349 1516 5405 diluculo
1535 5355 1702 5406 utLu-

118 5437 227 5494 siler
246 5443 658 5515 oriebatur,qui
688 5444 743 5497 in
769 5441 1046 5514 paradiso
1070 5441 1165 5498 Dei
1190 5439 1534 5498 deliciarum
1559 5442 1706 5498 cibis

115 5523 672 5598 delectabatur,cecidi
684 5534 787 5587 tde
801 5529 948 5586 ccelo
961 5534 1019 5584 et
1037 5531 1237 5587 audire
1254 5531 1595 5602 promeruit:
1611 5530 1701 5586 Si-

105 5619 628 5689 culaquitaexattatm
645 5618 1030 5693 [ueris,iudca
1047 5619 1274 5676 Omnino
1286 5619 1706 5691 turpiterdetra—

105 5699 238 5762 heris.
261 5706 354 5764 [Ile
375 5710 608 5780 quidam
629 5709 916 5768 inimicus
931 5708 1200 5766 humanis
1222 5709 1701 5782 substantloqui

1817 1869 1928 1925 tasl
1951 1869 2045 1924 Ait
2067 1869 2445 1924 beatissimus
2472 1869 2648 1924 Isaias
2673 1887 2686 1924 :
2712 1869 2861 1924 Exiit
2882 1873 3031 1936 virgo
3053 1873 3120 1925 de
3148 1872 3332 1926 radice
3349 1873 3460 1927 Jes-

1815 1975 1892 2023 se,
1925 1963 1974 2012 et
2005 1959 2108 2028 ﬂos
2133 1957 2196 2012 de
2226 1959 2422 2012 radice
2455 1958 2573 2027 ejus
2605 1957 2855 2013 ascendet
2885 1960 3036 2028 (lsai.
3068 1977 3148 2023 ιι,
3194 1964 3264 2030 1).
3297 1960 3466 2029 Virgo

1819 2052 2004 2103 mater
2029 2051 2118 2102 est
2149 2046 2391 2115 Christi,
2417 2045 2683 2118 simplex,
2710 2047 2952 2102 humilis
2982 2052 3037 2103 et
3070 2048 3464 2117 immaculata,

1824 2137 1988 2192 nullo
2001 2137 2264 2207 germine
2278 2136 2642 2190 extrinsecus
2658 2137 3002 2201 cohaerente,
3029 2142 3084 2191 et
3099 2138 3168 2192 ad
3193 2137 3293 2192 Dei
3318 2138 3464 2192 ima-

1820 2228 2016 2299 ginem
2049 2225 2299 2280 fecunda
2323 2225 2556 2280 unione.
2582 2225 2986 2281 Necessarium
3007 2243 3202 2281 revera
3216 2232 3339 2280 erat
3363 2227 3468 2281 ho-

1823 2316 2106 2379 minibus,
2128 2321 2188 2368 ut
2213 2313 2368 2384 virgo
2392 2314 2490 2368 Dei
2516 2315 2719 2369 Filium
2736 2316 3472 2387 conciperet,Satanasqui-

1823 2405 1953 2461 dem
1971 2403 2305 2468 molestum,
2325 2404 2490 2458 nobis
2507 2410 2698 2459 autem
2719 2404 3193 2460 tructuosum.De
3213 2403 3307 2459 illo
3325 2403 3462 2460 flore

1827 2511 2000 2565 quem
2038 2496 2192 2568 virga
2217 2503 2384 2554 Jesse
2415 2495 2680 2570 protulit,
2735 2494 3018 2564 scriptum
3054 2500 3144 2548 est
3179 2511 3191 2548 :
3231 2499 3336 2564 Ego
3374 2496 3473 2564 ﬂos

1824 2585 2008 2655 campi
2035 2591 2085 2641 et
2116 2589 2298 2643 tilium
2328 2587 2696 2642 convallium.
2720 2583 3097 2653 Sivirginitas
3124 2583 3331 2653 virgini
3361 2600 3472 2636 non

1828 2675 2746 2748 prodesset,prophetaVirginem
2768 2673 2837 2728 de
2854 2671 2918 2726 Vi
2932 2671 3091 2743 rgine
3108 2673 3470 2726 nasciturum

1826 2781 1940 2819 non
1967 2764 2380 2835 signiﬁcasset.
2407 2765 2642 2836 Optima
2665 2769 2854 2818 tamen
2888 2767 2977 2816 est
3008 2760 3372 2815 continentia
3391 2761 3472 2814 vi-

1827 2853 2043 2922 dualis,
2063 2854 2265 2910 melior
2277 2861 2468 2910 autem
2487 2854 2729 2909 castitas
2747 2850 3062 2923 virginalis.
3077 2851 3260 2904 Aliter
3279 2855 3472 2905 autem

1827 2940 1919 2996 lex
1950 2943 2131 3015 Moysi
2163 2945 2299 3000 data
2328 2949 2471 2999 erat.
2505 2943 2800 3014 Scriptum
2831 2946 2921 2995 est
2949 2941 3128 2994 enim:
3161 2940 3354 2994 Beatus
3372 2938 3470 3010 qui

1827 3034 1990 3089 habet
2028 3051 2215 3091 semen
2247 3037 2307 3090 in
2340 3035 2492 3091 Sion.
2521 3034 2592 3088 Et
2638 3032 2922 3088 Maledicta
2953 3029 3162 3085 sterilis
3192 3045 3320 3100 quas
3368 3046 3478 3084 non

1730 3151 1791 3218 Ic
1826 3127 2094 3218 parturit.
2121 3125 2190 3179 Et
2219 3123 2356 3180 alibi
2377 3141 2408 3218 ἑ
2433 3126 2547 3218 Novi
2575 3125 2696 3218 erat
2728 3120 3064 3218 ivi-tribubus
3092 3134 3283 3218 eorum
3313 3119 3473 3218 inﬁr-

1825 3229 1968 3270 mus.
1988 3213 2047 3268 In
2064 3213 2188 3284 lege
2219 3230 2352 3269 vero
2375 3212 2605 3268 Domini
2627 3212 2807 3266 nostri
2828 3209 2968 3265 Jesu
2992 3207 3202 3263 Christi
3228 3207 3475 3262 dicitur:

1828 3304 2040 3360 Laetare
2074 3303 2279 3359 sterilis
2315 3321 2327 3358 :
2364 3319 2467 3357 nec
2498 3306 2558 3356 te
2592 3301 2832 3372 lignum
2865 3297 3169 3354 arbitreris
3219 3296 3474 3353 aridum.

1831 3391 2085 3448 Habebis
2103 3392 2290 3448 locum
2313 3407 2414 3463 pro
2440 3389 2578 3444 ﬁliis
2601 3395 2658 3444 et
2678 3389 2915 3442 ﬁliabus
2937 3387 3056 3442 tuis
3080 3390 3138 3439 in
3169 3390 3476 3440 aeternum.

1847 3481 1931 3536 Nu
1945 3497 2012 3536 nc
2027 3481 2201 3536 etiam
2218 3480 2317 3552 qui
2333 3479 2597 3534 infernus
2609 3481 2717 3541 est,
2735 3476 2938 3530 fortior
2950 3475 3479 3543 eﬂicitur,testante

1835 3570 2134 3640 Apostolo,
2155 3569 2373 3641 quiait:
2391 3568 2643 3623 Libenter
2669 3565 2952 3636 gloriabor
2981 3564 3042 3619 in
3061 3565 3482 3634 inﬁrmitatibus

1829 3659 1990 3730 meis,
2023 3665 2081 3715 ut
2115 3660 2392 3715 inhabitet
2424 3677 2481 3714 ιη
2516 3675 2602 3713 me
2631 3659 2808 3712 virtus
2842 3655 3064 3711 Christi.
3107 3657 3294 3726 Igitur
3341 3654 3480 3726 quia

1829 3749 2093 3806 Christus
2117 3746 2707 3816 auteomniasaacula,
2735 3751 3027 3802 exeaterno
3063 3745 3228 3800 Patre
3246 3744 3482 3816 genitus

1828 3837 2151 3904 est,divinaa
2169 3839 2218 3892 vi
2231 3837 2401 3894 rtutis
2415 3837 2701 3893 ineffabile
2713 3840 3075 3891 sacramento
3089 3851 3141 3889 m
3159 3833 3477 3900 fuit.Quam

1825 3944 1962 3983 vero
1993 3944 2062 3983 ex
2096 3928 2319 4000 virgine
2352 3929 2522 3983 nobis
2554 3926 2824 3990 visibilis,
2860 3931 2920 3979 ut
2954 3925 3149 3988 homo,
3180 3923 3478 3993 apparuit,

1826 4016 2105 4074 humanas
2135 4018 2325 4089 gratia
2357 4016 2574 4073 salutis
2603 4017 2849 4072 exstitit.
2877 4014 3037 4069 Mors
3072 4013 3357 4068 mundum
3387 4012 3484 4065 in-

1824 4122 2026 4178 gressa
2046 4112 2136 4162 est
2171 4123 2270 4177 per
2299 4111 2467 4162 Evam
2495 4124 2510 4175 ;
2545 4107 2665 4161 vita
2695 4121 2825 4160 vero
2862 4104 3088 4175 perdita
3117 4103 3474 4156 restaurator

1825 4195 2532 4266 perMariam.Postquam
2550 4211 2684 4250 eum
2708 4192 2954 4262 Virgoin
2989 4197 3154 4244 utero
3185 4188 3469 4257 concepit,

1821 4283 1997 4356 Virgo
2011 4283 2208 4339 lumen
2225 4285 2379 4356 quod
2396 4283 2692 4338 illuminat
2705 4295 2924 4335 omnem
2939 4279 3234 4333 hominem
3248 4275 3474 4329 venien-

1821 4381 1936 4429 tem
1971 4374 2031 4429 in
2056 4374 2212 4428 hunc
2242 4373 2530 4428 mundum
2557 4369 2864 4441 parturivit
2889 4385 2902 4421 :
2928 4367 3097 4435 Cujus
3124 4363 3474 4435 principatus

1819 4480 1990 4534 super
2019 4463 2310 4518 humerum
2335 4465 2479 4531 ejus,
2506 4459 2604 4531 qui
2631 4463 2711 4514 est
2733 4464 2876 4515 Deus
2903 4455 3086 4526 (ortis,
3116 4467 3276 4524 pater
3287 4454 3474 4525 futuri

1739 4515 1789 4582 Β
1823 4552 2014 4610 saeculi
2044 4552 2194 4624 (Isai.
2234 4551 2393 4621 11,7).
2419 4547 2746 4604 Maledictio
2781 4547 3059 4602 adversus
3090 4560 3262 4600 omne
3281 4559 3471 4613 genus

1825 4643 2146 4698 humanum
2167 4640 2392 4711 prolata
2413 4638 2607 4694 soluta
2623 4637 2752 4692 fuit.
2769 4637 2908 4702 Quis
2924 4641 3118 4690 autem
3151 4633 3258 4689 hoc
3281 4632 3461 4687 divini

1814 4729 2044 4787 consilii
2079 4733 2280 4800 posset
2309 4727 2601 4783 aestimare
2634 4733 2951 4789 secretum,
3005 4724 3160 4795 quod
3199 4722 3364 4794 Virgo
3400 4723 3455 4776 in

1816 4825 1981 4876 utero
2017 4819 2320 4889 acciperet,
2351 4817 2528 4888 Virgo
2580 4816 2764 4872 Deum
2821 4820 2955 4870 ante
2986 4815 3184 4869 omnia
3226 4829 3258 4867 a
3290 4813 3458 4867 Patre

1812 4910 2080 4982 genitum
2104 4907 2229 4963 sine
2257 4911 2438 4962 matre
2461 4906 2772 4977 parturiret
2792 4904 2819 4959 ?
2856 4906 3121 4974 Deosque
3145 4901 3455 4956 invisibilis

1813 5015 1916 5070 per
1934 4997 2232 5054 hominem
2252 4996 2538 5051 visibilem
2559 4999 2881 5066 appareret,
2915 5001 2971 5048 et
2988 4991 3321 5047 conditione
3344 4989 3453 5043 hu-

1813 5103 2001 5143 manae
2024 5085 2399 5142 mortalitatis
2425 5089 2666 5140 mortem
2685 5082 3040 5152 suscipiens,
3063 5078 3223 5134 nulla
3244 5094 3449 5146 corpo-

1813 5193 1921 5233 rea:
1951 5175 2346 5249 generationis
2378 5174 2503 5245 lege
2537 5179 2855 5243 conceptus
2887 5172 2957 5224 de
2985 5165 3254 5238 originali
3291 5171 3454 5220 utero

1811 5266 2072 5323 humana
2101 5266 2213 5320 sub
2248 5265 2368 5336 lege
2402 5264 2682 5336 prodiret,
2710 5262 2953 5330 ipsaque
2979 5257 3240 5327 ejusdem
3275 5259 3456 5310 Mater

1812 5357 1971 5429 virgo
1984 5357 2322 5426 incorrupta
2339 5369 2494 5424 perm
2504 5351 2938 5421 aneret?ltaque
2951 5347 3220 5402 Christus
3232 5346 3454 5417 absque

1815 5453 2000 5502 matre
2017 5441 2566 5500 antesaaculanatus
2599 5437 2959 5496 deinvisibili
2996 5445 3288 5508 patro,nec
3319 5435 3455 5506 sibi,

1813 5537 1912 5592 sed
1948 5536 2208 5589 humano
2231 5530 2426 5601 generi
2457 5529 2876 5592 necessarium,
2899 5528 3026 5583 sine
3043 5524 3261 5582 carnali
3292 5530 3455 5596 patre

1811 5624 2073 5681 secundo
2097 5621 2356 5675 nascitur
2370 5635 2437 5673 ex
2463 5618 2674 5672 visibili
2697 5623 2899 5674 matre.
2926 5617 3143 5687 thuia
3163 5611 3452 5685 periclita-

1809 5713 2021 5770 bamur
2037 5725 2138 5782 per
2154 5708 2352 5781 primo
2367 5705 2635 5764 mulieris
2647 5703 3126 5771 inobedientiam,
3148 5701 3454 5775 oportebat
