4000 6222
475 514 3822 550 Μῌ

1829 661 1990 706 ANNO
2017 659 2239 707 DOHINI
2265 657 2520 703 DXXXHI.

768 823 1888 991 SANCTUS
2007 815 3564 987 FULGENTIUS

1503 1094 2118 1182 RUSPENSIS
2173 1090 2828 1181 EPISCOPUS.

1362 1420 1982 1516 EPISTOLA
2076 1420 2242 1514 DE
2259 1415 2978 1513 DICATORIA.

531 1745 938 1808 Illustrissimo
995 1746 1278 1807 Ecclesia
1330 1745 1605 1826 principi
1632 1749 1704 1808 D.
1764 1749 1837 1807 D.
1872 1747 2109 1807 Canum
2155 1748 2474 1807 Mwamo
2508 1743 2596 1804 LE
2651 1745 2939 1816 TELLIER,
2999 1742 3371 1805 Remensium
3427 1741 3825 1824 archiepiscopo

447 1855 517 1897 ac
585 1835 745 1908 duci,
801 1845 1026 1896 sancta
1079 1835 1232 1896 sedis
1287 1834 1620 1914 apostoliea
1680 1835 1869 1916 legato
1944 1844 2107 1909 nato,
2171 1835 2436 1914 Belgica
2488 1829 2756 1892 secunda
2804 1832 3080 1912 primati,
3137 1853 3333 1914 primo
3365 1834 3641 1896 Francia
3683 1828 3822 1912 pari,

445 1924 691 2004 capella
712 1925 871 2004 regis
897 1934 1206 2006 pra/ecta,
1241 1935 1348 1985 etc.

532 2014 606 2078 Ut
633 2013 798 2074 ratio
858 2013 1276 2093 beneﬁciorum
1333 2023 1531 2084 cesset,
1593 2033 1846 2095 quorum
1901 2012 2288 2073 nobilissima
2318 2022 2433 2073 tua
2476 2012 2644 2089 genti
2699 2009 2924 2070 debitor
2975 2031 3126 2089 sum,
3187 2031 3256 2072 ea
3313 2021 3449 2071 sunt
3489 2013 3551 2071 in
3604 2019 3673 2081 te,
3703 2008 3830 2095 illuf

445 2103 729 2163 strissime
775 2101 1190 2181 archiprasul,
1250 2111 1498 2182 prapter
1552 2094 1684 2182 qua
1737 2102 1890 2162 hanc
1945 2121 2190 2170 alterum
2247 2101 2451 2161 sancti
2503 2098 2818 2179 Fulgentzi
2869 2119 3080 2160 novam
3137 2099 3452 2162 editionem
3513 2098 3621 2159 tibi
3667 2094 3833 2158 dicari

441 2191 729 2271 oportuit.
793 2189 958 2252 Nam
1013 2211 1143 2250 cum
1203 2189 1490 2251 doctrina
1552 2202 1890 2252 sanctorum
1948 2189 2205 2250 Patrum
2266 2192 2555 2250 universa
2615 2199 2667 2248 te
2723 2191 3027 2266 fautorem
3085 2189 3370 2250 eximium
3432 2189 3632 2250 adhuc
3682 2185 3830 2247 exhi-

439 2280 638 2352 buisti,
702 2289 823 2340 tum
875 2278 1208 2360 prasertim
1266 2298 1468 2339 eorum
1523 2281 1758 2359 scriptis
1833 2279 2140 2358 indulgere
2210 2277 2406 2340 studio
2479 2287 2600 2350 tuo,
2659 2275 3120 2358 patrocinioque
3179 2280 3331 2338 visns
3385 2298 3468 2352 es,
3531 2278 3592 2337 in
3646 2273 3826 2358 quibus

439 2379 678 2430 exstant
731 2368 1060 2448 disciplina
1116 2371 1327 2429 veteris
1383 2381 1782 2430 monumenta.
1845 2368 2030 2450 quue
2076 2367 2222 2429 adeo
2278 2388 2394 2428 non
2452 2385 2704 2445 usurpas
2762 2364 2858 2427 vel
2909 2366 3222 2446 captanda
3271 2367 3703 2436 oblectationis,
3756 2363 3831 2426 vel

438 2459 640 2519 inanis
695 2459 968 2537 gloriola
1023 2461 1393 2538 aucupanda
1447 2458 1663 2532 studio,
1727 2468 1790 2518 ut
1869 2477 1944 2519 ex
2001 2477 2066 2518 eo
2121 2459 2400 2520 maxima
2479 2455 2768 2516 utilitates
2827 2455 2890 2514 in
2968 2454 3378 2518 Christianam
3438 2453 3826 2534 rempublicam

435 2546 854 2607 redundat-int.
919 2545 1074 2607 Nam
1132 2549 1402 2626 exemplo
1463 2558 1559 2607 tuo
1616 2558 1668 2608 et
1723 2567 2026 2610 sacrarum
2115 2548 2485 2608 Litterarum
2569 2559 2861 2605 amatores
2933 2545 3273 2626 excitavisti
3323 2544 3406 2605 ad
3460 2543 3829 2606 ecclesiastica

437 2630 817 2707 antiquitatis
871 2628 1218 2688 memoriam
1297 2623 1713 2704 vestigandam
1770 2629 2079 2702 attentius,
2140 2639 2194 2688 et
2267 2637 2533 2707 pastores
2616 2626 2958 2685 animarum
3043 2623 3347 2685 induxisti
3425 2626 3512 2686 ad
3585 2626 3834 2715 priorum

435 2715 726 2777 Ecclesia
778 2714 1124 2776 saculorum
1183 2715 1620 2776 consuetudines
1703 2719 1990 2777 curiosius
2073 2715 2488 2778 observandas.
2577 2712 2785 2794 Neque
2849 2732 3004 2773 enim
3056 2715 3202 2774 sasis
3257 2715 3586 2796 episcopali
3632 2712 3829 2773 muneri

431 2805 637 2882 fecisse
691 2803 1020 2865 arbitratus
1075 2823 1152 2875 es,
1212 2824 1316 2864 nec
1393 2807 1726 2884 provincia
1784 2817 1898 2865 tua
1952 2807 2117 2880 vicis,
2173 2805 2374 2885 pagis,
2437 2801 2708 2874 urbibus,
2772 2803 2912 2862 iocis
2966 2802 3236 2862 omnibus
3295 2804 3471 2864 toties
3522 2802 3827 2884 perlustra-

436 2897 528 2963 tis,
589 2903 646 2953 et
693 2892 1031 2974 pastoribus
1111 2893 1427 2972 avibusque
1501 2901 1580 2954 ad
1658 2894 2025 2974 exsequenda
2108 2895 2223 2954 rite
2281 2891 2646 2952 Christiana
2695 2889 2947 2972 pietaiis
3002 2891 3212 2969 ofﬁcia
3270 2911 3390 2972 qua
3449 2887 3827 2953 commonendo

430 2984 711 3054 suaviter,
773 3002 892 3061 qua
949 2981 1314 3042 vehementer
1369 2981 1741 3042 exhortando
1797 2983 2153 3062 compulsis;
2215 3001 2320 3042 nec
2351 2979 2642 3042 institudo
2705 2978 2869 3059 apud
2923 2979 3129 3040 Remos
3185 2979 3544 3042 clericorum
3596 2979 3827 3042 semina-

428 3072 544 3144 rio,
603 3090 747 3152 quos
803 3069 986 3131 aleres
1043 3069 1112 3130 de
1169 3079 1267 3130 tuo
1322 3070 1648 3131 maximam
1699 3085 1954 3150 partem,
2016 3083 2070 3132 et
2123 3072 2206 3132 ad
2261 3072 2349 3132 rei
2401 3087 2591 3130 sacra
2648 3069 3042 3128 ministerium
3090 3088 3205 3150 per
3263 3070 3416 3130 viros
3475 3071 3698 3131 idoneos
3739 3087 3827 3128 cu-

425 3179 592 3220 rares
649 3160 974 3238 informari
1031 3178 1045 3232 ;
1107 3177 1212 3218 nec
1264 3177 1575 3220 sacraram
1633 3161 1851 3219 aedium
1909 3180 2030 3220 exo:
2061 3162 2324 3231 natione,
2386 3158 2725 3237 refectione,
2783 3167 3138 3217 structura:
3196 3177 3299 3218 nec
3355 3158 3663 3220 sublevata
3707 3175 3826 3237 pas-

419 3251 528 3308 sim
611 3247 995 3325 familiaruuz
1080 3248 1376 3318 egentium
1454 3247 1794 3310 calamitate
1853 3269 1868 3323 ;
1928 3269 2032 3309 nec
2087 3248 2378 3309 subversis
2463 3246 2872 3306 hareticorum
2954 3247 3380 3310 Sedanensium
3468 3247 3703 3318 scholis,
3781 3247 3828 3304 ei

419 3339 842 3414 magistrorum
928 3336 992 3394 in
1049 3336 1131 3397 eis
1211 3335 1542 3397 docentium
1639 3339 1837 3416 regali
1912 3337 2224 3417 stipendio,
2314 3336 2382 3397 de
2467 3336 2646 3416 ipsius
2729 3333 2889 3412 regis
2973 3336 3352 3409 concessione,
3419 3338 3486 3396 in
3541 3337 3826 3398 doctorum

421 3426 850 3486 catholicorum
906 3425 1185 3486 alimenta
1241 3445 1521 3487 converso
1573 3450 1588 3503 ;
1649 3447 1754 3488 nec
1810 3427 2061 3509 denique
2114 3426 2382 3488 omnibus
2439 3425 2662 3502 officiis
2718 3423 3243 3504 archiepiscopalis
3296 3444 3460 3487 cura
3511 3425 3825 3508 plenissime

421 3514 818 3593 defungendis
876 3533 889 3574 :
949 3516 1070 3574 nisi
1116 3527 1280 3576 tuam
1358 3536 1474 3596 pro
1557 3516 1858 3577 commisso
1923 3536 2108 3596 grege
2187 3513 2649 3574 sollicitudinem
2704 3520 2932 3589 faceres
2986 3511 3415 3592 quodammodo
3473 3525 3828 3596 perpetuame

419 3613 476 3662 et
529 3603 610 3662 ad
661 3614 782 3662 tuos
837 3622 1190 3663 successores
1250 3604 1594 3665 imitandam
1681 3608 2129 3678 transmitteres,
2192 3603 2498 3683 descriptis
2553 3610 2608 3661 et
2665 3602 2986 3680 compactis
3043 3601 3110 3660 in
3167 3622 3346 3662 unum
3405 3622 3646 3684 corpus,
3715 3617 3828 3683 quae

421 3691 790 3750 Itemensium
845 3691 1075 3752 diacesi
1121 3710 1194 3751 ex
1249 3691 1517 3752 instituto
1574 3696 1845 3774 apprime
1905 3693 2253 3756 Christiano
2312 3690 2585 3770 regenda
2640 3710 2968 3752 necessaria
3029 3691 3334 3768 iudicasti.
3398 3691 3569 3755 Nam
3613 3701 3824 3764 catera,

417 3797 551 3861 qua
607 3799 668 3838 τη
727 3779 850 3839 luce
908 3781 1087 3839 totius
1142 3782 1322 3858 regni
1373 3783 1642 3860 quotidie
1696 3786 1940 3864 suscipis
2011 3781 2174 3864 apud
2227 3801 2420 3860 regem
2483 3779 3083 3852 Christianissimum,
3139 3799 3249 3860 per
3303 3801 3432 3842 eam
3490 3803 3614 3863 qua
3665 3779 3830 3861 polles

413 3887 828 3949 usquequaque
879 3869 1091 3947 gratia
1154 3887 1167 3939 ;
1229 3870 1397 3948 apud
1473 3869 1774 3931 hominum
1859 3871 2233 3930 eruditorum
2288 3878 2625 3929 conventus.
2685 3886 2831 3948 quos
2885 3869 3208 3947 sapisstme
3263 3887 3555 3931 convocas
3613 3888 3629 3944 ;
3690 3865 3831 3948 apud

415 3957 562 4018 cleri
615 3957 920 4020 Gallicani
973 3957 1210 4017 comitia
1263 3977 1376 4035 pro
1432 3958 1776 4019 divinarum
1834 3978 2031 4019 rerum
2091 3959 2307 4020 taenia
2363 3957 2694 4035 majestate,
2750 3976 2866 4037 pro
2897 3957 3228 4017 asserendis
3298 3958 3592 4022 Ecclesia
3653 3956 3828 4020 Galli-

413 4065 577 4106 cana
639 4045 907 4124 furibus,
995 4065 1110 4125 pro
1193 4045 1482 4107 doctrina
1561 4048 1830 4126 purioris
1886 4047 2242 4126 defensione,
2330 4046 2480 4127 quid
2531 4049 2744 4106 attinet
2815 4066 3288 4119 commemorare,
3350 4066 3483 4108 cum
3541 4049 3607 4109 in
3661 4045 3827 4108 oculis

412 4135 673 4194 omnium
729 4143 1031 4194 versentur
1089 4132 1120 4191 ?
1174 4133 1385 4214 Itaque
1440 4134 1580 4194 dum
1665 4135 2098 4198 illustrissimus
2185 4136 2518 4200 Galliarum
2602 4133 2992 4196 cancellarius
3043 4155 3264 4214 parens
3323 4147 3454 4196 tuus
3509 4139 3574 4198 in
3646 4136 3826 4197 mode-

409 4221 622 4284 randis
669 4243 783 4305 per
836 4225 1181 4284 universum
1239 4243 1482 4304 regnum
1537 4223 1804 4301 iudiciis,
1851 4226 2126 4307 principi
2175 4245 2246 4287 ac
2302 4225 2521 4286 civibus
2583 4223 2757 4296 fidem
2815 4224 3112 4306 approbat
3163 4244 3353 4299 suam,
3415 4246 3602 4307 quam
3658 4223 3829 4288 variis

407 4313 802 4393 maximisque
853 4311 1103 4393 publica
1159 4314 1256 4373 rei
1307 4314 1646 4374 ministeriis
1705 4325 1822 4375 toto
1856 4318 1990 4376 vita
2047 4316 2296 4376 decursu
2351 4315 2676 4374 exercitam
2734 4315 2949 4373 retinet
3001 4315 3322 4374 etiamnum
3375 4313 3598 4394 plenus
3655 4311 3834 4375 animi

408 4405 752 4483 roborisque
809 4403 871 4462 in
935 4413 1224 4464 senectute
1277 4422 1504 4464 summa
1566 4421 1580 4476 ;
1641 4404 1779 4464 dum
1839 4404 2278 4466 illustrissimus
2336 4402 2608 4464 marchio
2662 4403 2863 4482 frater
2920 4412 3051 4462 tuus
3109 4402 3249 4464 belli
3297 4405 3586 4484 pacisque
3643 4402 3825 4465 admi-

405 4493 730 4552 nistrandis
777 4491 953 4550 rebus
1006 4503 1322 4568 paternum
1381 4493 1443 4551 in
1497 4492 1831 4573 principem
1895 4495 2237 4576 obsequium
2321 4493 2661 4564 amulalur,
2752 4501 2815 4552 tu
2870 4511 3181 4553 sacrorum
3239 4493 3609 4554 continendis
3667 4494 3831 4553 ratio-

405 4578 582 4638 nibus
639 4577 936 4656 invigilas,
999 4599 1068 4639 ac
1121 4580 1500 4658 potissimum
1559 4581 1848 4643 institutis
1908 4584 2193 4645 Ecclesiae
2248 4581 2330 4643 ad
2383 4583 2649 4662 antiqua
2699 4582 2950 4662 pietatis
3004 4581 3275 4662 exempla
3304 4582 3678 4643 revocandis.
3715 4581 3831 4643 Hoc

407 4666 619 4744 agebas
672 4687 866 4746 nuper
929 4667 988 4725 in
1051 4668 1371 4730 Gallicana
1427 4671 1831 4751 episcOporum
1889 4682 2172 4732 conventu
2229 4671 2383 4732 alter
2431 4689 2647 4752 prases
2703 4671 3075 4742 constitutus,
3135 4689 3264 4731 cum
3315 4669 3590 4751 politica
3631 4681 3828 4733 aucto-

405 4755 603 4841 ritatis
646 4754 802 4831 jura
859 4755 940 4813 ad
993 4758 1398 4818 ecclesiastica
1454 4759 1760 4836 potestatis
1817 4769 2108 4822 momenta
2163 4779 2228 4820 eo
2285 4770 2736 4841 temperamento
2793 4757 3102 4838 dirigebas
3158 4761 3540 4840 aptabasque,
3607 4772 3692 4835 ut,
3725 4759 3826 4822 ad-

406 4840 618 4901 hibitis
674 4841 1060 4913 cautionibus,
1120 4863 1267 4923 quas
1324 4864 1460 4905 cum
1513 4867 1741 4908 summa
1795 4849 2035 4910 dicendi
2088 4840 2408 4928 gravitate
2441 4847 2755 4928 aﬂerebas,
2813 4861 3024 4910 neutra
3066 4847 3394 4930 qutdqnam
3447 4847 3641 4911 alteri
3691 4847 3830 4929 ofﬁ-

401 4949 550 4998 cere,
613 4931 798 4991 amba
853 4940 1054 5019 mutuo
1107 4942 1341 5012 possent
1397 4935 1686 5009 adjuvare
1742 4940 2296 5018 quamplurimum:
2333 4939 2392 4998 in
2448 4956 2629 5016 eoque
2684 4945 2737 4996 et
2792 4936 2918 5016 ﬁlii
2968 4939 3288 4997 reverentis
3343 4938 3406 4996 in
3460 4937 3657 4998 sedem‘
3680 4957 3829 5019 pon-

401 5018 678 5099 tiﬁcium,
737 5030 797 5080 et
848 5018 1075 5080 subditi
1124 5019 1490 5100 obsequentis
1551 5026 1612 5083 in
1669 5045 1865 5104 regem
1950 5030 2216 5088 animum
2296 5026 2628 5107 pratitisti.
2717 5024 2879 5086 Fave
2963 5026 3178 5105 igitur,
3267 5024 3570 5087 illustriss.
3636 5018 3831 5090 archi-

397 5109 642 5188 prasul,
703 5109 902 5169 labori
949 5118 1171 5179 nostra,
1234 5119 1290 5168 et
1346 5109 1468 5170 hac
1521 5131 1704 5190 apera
1757 5115 1952 5174 sancti
2007 5115 2324 5196 Fulgentii
2399 5115 2703 5176 emendata
2779 5132 2980 5175 recens
3036 5125 3213 5195 atque
3271 5115 3330 5173 in
3390 5113 3587 5175 lucem
3647 5117 3830 5176 denuo

394 5198 751 5276 prodeuntia
806 5199 1056 5258 nominis
1115 5198 1208 5256 tui
1249 5199 1592 5283 patrocinio
1649 5211 1830 5272 tuere,
1895 5201 2002 5264 hoc
2053 5215 2158 5275 est,
2223 5225 2413 5266 assere
2475 5205 2572 5265 tui
2619 5203 3054 5284 suffragatione
3109 5201 3348 5280 iudicii,
3412 5204 3543 5282 ejus
3607 5204 3828 5266 doctri-

396 5303 545 5374 nam,
588 5288 862 5374 episcopi,
921 5286 1092 5365 cujus
1174 5286 1563 5368 apostolicum
1645 5289 1905 5351 studium
1989 5292 2299 5372 religionis
2381 5291 2689 5374 augenda,
2752 5291 3091 5372 ﬁrmanda,
3150 5289 3503 5366 excolenda,
3568 5293 3824 5374 agendo,

395 5372 810 5453 sentiendoque
841 5373 1075 5436 imitari
1101 5375 1420 5437 contendis.

2320 5498 2458 5561 Tibi
2511 5497 2946 5560 addictissimus
3001 5507 3061 5558 et
3113 5493 3698 5577 obsequentissimus,

2755 5617 3141 5677 Gumuusos
3172 5612 3468 5677 Dnsmnz.
