  <div class='ocr_page' id='page_1' title='image "/cluster/home/n/w/nwhite01/storage/ocr_20150623/65-66/uva.x000827080/070.png"; bbox 0 0 3836 6334; ppageno 0'>
   <div class='ocr_carea' id='block_1_1' title="bbox 153 394 1729 460">
    <p class='ocr_par' dir='ltr' id='par_1_1' title="bbox 153 395 1729 460">
     <span class='ocr_line' id='line_1_1' title="bbox 153 395 1729 460; baseline -0.003 -2"><span class='ocrx_word' id='word_1_1' title='bbox 153 399 237 460; x_wconf 75' lang='grc'><strong>128</strong></span> <span class='ocrx_word' id='word_1_2' title='bbox 1258 446 1261 448; x_wconf 90' lang='grc'>.</span> <span class='ocrx_word' id='word_1_3' title='bbox 1510 395 1729 458; x_wconf 65' lang='grc' dir='ltr'><strong>ΡΒΟΒᾸ</strong></span> 
     </span>
    </p>
   </div>
   <div class='ocr_carea' id='block_1_2' title="bbox 1921 394 2125 460">
    <p class='ocr_par' dir='ltr' id='par_1_2' title="bbox 1921 395 2125 457">
     <span class='ocr_line' id='line_1_2' title="bbox 1921 395 2125 457; baseline -0.005 0"><span class='ocrx_word' id='word_1_4' title='bbox 1921 395 2125 457; x_wconf 81' lang='grc' dir='ltr'><strong>ΙΕΝΑ.</strong></span> 
     </span>
    </p>
   </div>
   <div class='ocr_carea' id='block_1_3' title="bbox 3408 401 3526 467">
    <p class='ocr_par' dir='ltr' id='par_1_3' title="bbox 3408 401 3526 467">
     <span class='ocr_line' id='line_1_3' title="bbox 3408 401 3526 467; baseline 0.034 -5"><span class='ocrx_word' id='word_1_5' title='bbox 3408 401 3526 467; x_wconf 71' lang='grc'><strong>126</strong></span> 
     </span>
    </p>
   </div>
   <div class='ocr_carea' id='block_1_4' title="bbox 150 529 3526 607">
    <p class='ocr_par' dir='ltr' id='par_1_4' title="bbox 150 529 3526 607">
     <span class='ocr_line' id='line_1_4' title="bbox 150 529 3526 607; baseline 0.001 -18"><span class='ocrx_word' id='word_1_6' title='bbox 150 549 335 602; x_wconf 87' lang='lat' dir='ltr'><strong>eorum,</strong></span> <span class='ocrx_word' id='word_1_7' title='bbox 363 533 566 589; x_wconf 86' lang='lat' dir='ltr'><strong>beatus</strong></span> <span class='ocrx_word' id='word_1_8' title='bbox 583 531 869 590; x_wconf 83' lang='lat' dir='ltr'><strong>videlicet</strong></span> <span class='ocrx_word' id='word_1_9' title='bbox 890 533 1254 606; x_wconf 79' lang='lat' dir='ltr'><strong>Fulgentius,</strong></span> <span class='ocrx_word' id='word_1_10' title='bbox 1275 531 1554 589; x_wconf 81' lang='lat' dir='ltr'><strong>docendis</strong></span> <span class='ocrx_word' id='word_1_11' title='bbox 1580 529 1770 586; x_wconf 84' lang='lat' dir='ltr'><strong>fratri—</strong></span> <span class='ocrx_word' id='word_1_12' title='bbox 1796 529 1851 597; x_wconf 74' lang='grc' dir='ltr'><strong>Α</strong></span> <span class='ocrx_word' id='word_1_13' title='bbox 1881 529 2072 586; x_wconf 90' lang='lat' dir='ltr'><strong>baturi</strong></span> <span class='ocrx_word' id='word_1_14' title='bbox 2095 531 2237 603; x_wconf 92' lang='lat' dir='ltr'><strong>quid</strong></span> <span class='ocrx_word' id='word_1_15' title='bbox 2258 530 2662 603; x_wconf 78' lang='lat' dir='ltr'><strong>profecissent,</strong></span> <span class='ocrx_word' id='word_1_16' title='bbox 2695 534 2743 590; x_wconf 89' lang='lat' dir='ltr'><strong>si</strong></span> <span class='ocrx_word' id='word_1_17' title='bbox 2768 532 3014 607; x_wconf 87' lang='lat' dir='ltr'><strong>ﬂagellis</strong></span> <span class='ocrx_word' id='word_1_18' title='bbox 3040 537 3305 592; x_wconf 89' lang='lat' dir='ltr'><strong>membra</strong></span> <span class='ocrx_word' id='word_1_19' title='bbox 3327 535 3526 595; x_wconf 90' lang='lat' dir='ltr'><strong>omnia</strong></span> 
     </span>
    </p>
   </div>
   <div class='ocr_carea' id='block_1_5' title="bbox 145 619 3525 696">
    <p class='ocr_par' dir='ltr' id='par_1_5' title="bbox 145 619 3525 696">
     <span class='ocr_line' id='line_1_5' title="bbox 145 619 3525 696; baseline 0.001 -18"><span class='ocrx_word' id='word_1_20' title='bbox 145 623 600 696; x_wconf 82' lang='lat' dir='ltr'><strong>bnspeculiariter</strong></span> <span class='ocrx_word' id='word_1_21' title='bbox 618 623 902 690; x_wconf 88' lang='lat' dir='ltr'><strong>vacabat,</strong></span> <span class='ocrx_word' id='word_1_22' title='bbox 921 624 1141 680; x_wconf 90' lang='lat' dir='ltr'><strong>alterin</strong></span> <span class='ocrx_word' id='word_1_23' title='bbox 1159 623 1502 696; x_wconf 91' lang='lat' dir='ltr'><strong>quotidiano</strong></span> <span class='ocrx_word' id='word_1_24' title='bbox 1519 620 1774 677; x_wconf 87' lang='lat' dir='ltr'><strong>ministe-</strong></span> <span class='ocrx_word' id='word_1_25' title='bbox 1876 619 2307 692; x_wconf 87' lang='lat' dir='ltr'><strong>dissipantibus</strong></span> <span class='ocrx_word' id='word_1_26' title='bbox 2339 639 2372 677; x_wconf 91' lang='lat' dir='ltr'><strong>a</strong></span> <span class='ocrx_word' id='word_1_27' title='bbox 2401 623 2512 678; x_wconf 82' lang='lat' dir='ltr'><strong>fide</strong></span> <span class='ocrx_word' id='word_1_28' title='bbox 2541 639 2676 680; x_wconf 90' lang='lat' dir='ltr'><strong>vera</strong></span> <span class='ocrx_word' id='word_1_29' title='bbox 2706 625 2948 679; x_wconf 90' lang='lat' dir='ltr'><strong>minime</strong></span> <span class='ocrx_word' id='word_1_30' title='bbox 2977 625 3350 682; x_wconf 83' lang='lat' dir='ltr'><strong>defecissent.</strong></span> <span class='ocrx_word' id='word_1_31' title='bbox 3403 626 3525 685; x_wconf 89' lang='lat' dir='ltr'><strong>Ne-</strong></span> 
     </span>
    </p>
   </div>
   <div class='ocr_carea' id='block_1_6' title="bbox 142 711 1770 787">
    <p class='ocr_par' dir='ltr' id='par_1_6' title="bbox 142 711 1770 787">
     <span class='ocr_line' id='line_1_6' title="bbox 142 711 1770 787; baseline -0.001 -19"><span class='ocrx_word' id='word_1_32' title='bbox 142 717 211 769; x_wconf 91' lang='lat' dir='ltr'><strong>rio</strong></span> <span class='ocrx_word' id='word_1_33' title='bbox 229 714 499 770; x_wconf 86' lang='lat' dir='ltr'><strong>sollicitus</strong></span> <span class='ocrx_word' id='word_1_34' title='bbox 517 713 857 771; x_wconf 81' lang='lat' dir='ltr'><strong>laborabat.</strong></span> <span class='ocrx_word' id='word_1_35' title='bbox 881 713 1446 787; x_wconf 89' lang='lat' dir='ltr'><strong>Supervenientibus</strong></span> <span class='ocrx_word' id='word_1_36' title='bbox 1469 711 1770 780; x_wconf 78' lang='lat' dir='ltr'><strong>fratribus,</strong></span> 
     </span>
    </p>
   </div>
   <div class='ocr_carea' id='block_1_7' title="bbox 135 802 1772 877">
    <p class='ocr_par' dir='ltr' id='par_1_7' title="bbox 135 802 1772 877">
     <span class='ocr_line' id='line_1_7' title="bbox 135 802 1772 877; baseline -0.001 -18"><span class='ocrx_word' id='word_1_37' title='bbox 135 821 269 860; x_wconf 87' lang='lat' dir='ltr'><strong>unus</strong></span> <span class='ocrx_word' id='word_1_38' title='bbox 298 804 535 860; x_wconf 84' lang='lat' dir='ltr'><strong>verbum</strong></span> <span class='ocrx_word' id='word_1_39' title='bbox 573 805 668 860; x_wconf 85' lang='lat' dir='ltr'><strong>Dei</strong></span> <span class='ocrx_word' id='word_1_40' title='bbox 708 804 1102 876; x_wconf 91' lang='lat' dir='ltr'><strong>singulariter</strong></span> <span class='ocrx_word' id='word_1_41' title='bbox 1124 803 1653 877; x_wconf 64' lang='lat' dir='ltr'><strong>praedicabat,alter</strong></span> <span class='ocrx_word' id='word_1_42' title='bbox 1672 802 1772 858; x_wconf 82' lang='lat' dir='ltr'><strong>bc-</strong></span> 
     </span>
    </p>
   </div>
   <div class='ocr_carea' id='block_1_8' title="bbox 132 891 1771 967">
    <p class='ocr_par' dir='ltr' id='par_1_8' title="bbox 132 891 1771 967">
     <span class='ocr_line' id='line_1_8' title="bbox 132 891 1771 967; baseline -0.001 -19"><span class='ocrx_word' id='word_1_43' title='bbox 132 894 482 966; x_wconf 77' lang='lat' dir='ltr'><strong>spitalitatem</strong></span> <span class='ocrx_word' id='word_1_44' title='bbox 514 893 839 964; x_wconf 83' lang='lat' dir='ltr'><strong>diligenter</strong></span> <span class='ocrx_word' id='word_1_45' title='bbox 871 895 1256 967; x_wconf 65' lang='lat' dir='ltr'><strong>praeparabat,</strong></span> <span class='ocrx_word' id='word_1_46' title='bbox 1275 898 1332 950; x_wconf 92' lang='lat' dir='ltr'><strong>et</strong></span> <span class='ocrx_word' id='word_1_47' title='bbox 1352 892 1617 948; x_wconf 79' lang='lat' dir='ltr'><strong>hilariter</strong></span> <span class='ocrx_word' id='word_1_48' title='bbox 1637 891 1771 947; x_wconf 70' lang='lat' dir='ltr'><strong>offe-</strong></span> 
     </span>
    </p>
   </div>
   <div class='ocr_carea' id='block_1_9' title="bbox 134 973 1766 1049">
    <p class='ocr_par' dir='ltr' id='par_1_9' title="bbox 134 973 1766 1049">
     <span class='ocr_line' id='line_1_9' title="bbox 134 973 1766 1049; baseline -0.002 -13"><span class='ocrx_word' id='word_1_49' title='bbox 134 979 454 1037; x_wconf 81' lang='lat' dir='ltr'><strong>rebat.Nibil</strong></span> <span class='ocrx_word' id='word_1_50' title='bbox 485 980 633 1037; x_wconf 80' lang='lat' dir='ltr'><strong>alter</strong></span> <span class='ocrx_word' id='word_1_51' title='bbox 663 980 795 1037; x_wconf 87' lang='lat' dir='ltr'><strong>sine</strong></span> <span class='ocrx_word' id='word_1_52' title='bbox 826 996 1112 1037; x_wconf 89' lang='lat' dir='ltr'><strong>consensu</strong></span> <span class='ocrx_word' id='word_1_53' title='bbox 1143 979 1389 1037; x_wconf 87' lang='lat' dir='ltr'><strong>alterius</strong></span> <span class='ocrx_word' id='word_1_54' title='bbox 1420 973 1766 1049; x_wconf 81' lang='lat' dir='ltr'><strong>faciens,sed</strong></span> 
     </span>
    </p>
   </div>
   <div class='ocr_carea' id='block_1_10' title="bbox 133 1067 1768 1142">
    <p class='ocr_par' dir='ltr' id='par_1_10' title="bbox 133 1067 1768 1142">
     <span class='ocr_line' id='line_1_10' title="bbox 133 1067 1768 1142; baseline -0.001 -16"><span class='ocrx_word' id='word_1_55' title='bbox 133 1071 205 1126; x_wconf 83' lang='lat' dir='ltr'><strong>sic</strong></span> <span class='ocrx_word' id='word_1_56' title='bbox 226 1071 391 1126; x_wconf 88' lang='lat' dir='ltr'><strong>ambo</strong></span> <span class='ocrx_word' id='word_1_57' title='bbox 421 1070 650 1126; x_wconf 70' lang='lat' dir='ltr'><strong>caeteris</strong></span> <span class='ocrx_word' id='word_1_58' title='bbox 680 1075 853 1126; x_wconf 89' lang='lat' dir='ltr'><strong>erant</strong></span> <span class='ocrx_word' id='word_1_59' title='bbox 882 1069 1261 1142; x_wconf 82' lang='lat' dir='ltr'><strong>imperantes,</strong></span> <span class='ocrx_word' id='word_1_60' title='bbox 1285 1074 1351 1125; x_wconf 92' lang='lat' dir='ltr'><strong>ut</strong></span> <span class='ocrx_word' id='word_1_61' title='bbox 1371 1069 1484 1125; x_wconf 85' lang='lat' dir='ltr'><strong>sub</strong></span> <span class='ocrx_word' id='word_1_62' title='bbox 1503 1067 1682 1125; x_wconf 90' lang='lat' dir='ltr'><strong>unius</strong></span> <span class='ocrx_word' id='word_1_63' title='bbox 1704 1083 1768 1124; x_wconf 85' lang='lat' dir='ltr'><strong>se</strong></span> 
     </span>
    </p>
   </div>
   <div class='ocr_carea' id='block_1_11' title="bbox 133 1157 1769 1234">
    <p class='ocr_par' dir='ltr' id='par_1_11' title="bbox 133 1157 1769 1234">
     <span class='ocr_line' id='line_1_11' title="bbox 133 1157 1769 1234; baseline -0.001 -19"><span class='ocrx_word' id='word_1_64' title='bbox 133 1159 312 1234; x_wconf 82' lang='lat' dir='ltr'><strong>regula</strong></span> <span class='ocrx_word' id='word_1_65' title='bbox 334 1161 637 1216; x_wconf 86' lang='lat' dir='ltr'><strong>crederent</strong></span> <span class='ocrx_word' id='word_1_66' title='bbox 668 1159 1046 1218; x_wconf 89' lang='lat' dir='ltr'><strong>constitutos.</strong></span> <span class='ocrx_word' id='word_1_67' title='bbox 1080 1160 1167 1215; x_wconf 91' lang='lat' dir='ltr'><strong>Ita</strong></span> <span class='ocrx_word' id='word_1_68' title='bbox 1196 1160 1337 1214; x_wconf 90' lang='lat' dir='ltr'><strong>dum</strong></span> <span class='ocrx_word' id='word_1_69' title='bbox 1371 1158 1617 1214; x_wconf 85' lang='lat' dir='ltr'><strong>timebat</strong></span> <span class='ocrx_word' id='word_1_70' title='bbox 1640 1157 1769 1214; x_wconf 89' lang='lat' dir='ltr'><strong>Ful-</strong></span> 
     </span>
    </p>
   </div>
   <div class='ocr_carea' id='block_1_12' title="bbox 134 1247 1764 1322">
    <p class='ocr_par' dir='ltr' id='par_1_12' title="bbox 134 1247 1764 1322">
     <span class='ocr_line' id='line_1_12' title="bbox 134 1247 1764 1322; baseline -0.001 -18"><span class='ocrx_word' id='word_1_71' title='bbox 134 1250 372 1322; x_wconf 80' lang='lat' dir='ltr'><strong>gentium</strong></span> <span class='ocrx_word' id='word_1_72' title='bbox 401 1249 698 1304; x_wconf 75' lang='lat' dir='ltr'><strong>offendere</strong></span> <span class='ocrx_word' id='word_1_73' title='bbox 745 1248 928 1318; x_wconf 80' lang='lat' dir='ltr'><strong>Felix,</strong></span> <span class='ocrx_word' id='word_1_74' title='bbox 978 1248 1348 1320; x_wconf 90' lang='lat' dir='ltr'><strong>Felicemque</strong></span> <span class='ocrx_word' id='word_1_75' title='bbox 1396 1247 1764 1319; x_wconf 81' lang='lat' dir='ltr'><strong>Fulgentius,</strong></span> 
     </span>
    </p>
   </div>
   <div class='ocr_carea' id='block_1_13' title="bbox 135 1336 1768 1410">
    <p class='ocr_par' dir='ltr' id='par_1_13' title="bbox 135 1336 1768 1410">
     <span class='ocr_line' id='line_1_13' title="bbox 135 1336 1768 1410; baseline -0.001 -17"><span class='ocrx_word' id='word_1_76' title='bbox 135 1337 470 1394; x_wconf 69' lang='lat' dir='ltr'><strong>modificatis</strong></span> <span class='ocrx_word' id='word_1_77' title='bbox 491 1337 899 1394; x_wconf 75' lang='lat' dir='ltr'><strong>voluntatibus</strong></span> <span class='ocrx_word' id='word_1_78' title='bbox 923 1337 1174 1410; x_wconf 82' lang='lat' dir='ltr'><strong>propriis</strong></span> <span class='ocrx_word' id='word_1_79' title='bbox 1194 1342 1443 1409; x_wconf 86' lang='lat' dir='ltr'><strong>uterque</strong></span> <span class='ocrx_word' id='word_1_80' title='bbox 1457 1336 1768 1405; x_wconf 88' lang='lat' dir='ltr'><strong>vivebat,et</strong></span> 
     </span>
    </p>
   </div>
   <div class='ocr_carea' id='block_1_14' title="bbox 131 1425 1764 1499">
    <p class='ocr_par' dir='ltr' id='par_1_14' title="bbox 131 1425 1764 1499">
     <span class='ocr_line' id='line_1_14' title="bbox 131 1425 1764 1499; baseline -0.001 -17"><span class='ocrx_word' id='word_1_81' title='bbox 131 1430 189 1482; x_wconf 87' lang='lat' dir='ltr'><strong>de</strong></span> <span class='ocrx_word' id='word_1_82' title='bbox 219 1428 450 1483; x_wconf 78' lang='lat' dir='ltr'><strong>fratrum</strong></span> <span class='ocrx_word' id='word_1_83' title='bbox 476 1427 698 1499; x_wconf 88' lang='lat' dir='ltr'><strong>quibus</strong></span> <span class='ocrx_word' id='word_1_84' title='bbox 725 1427 1396 1484; x_wconf 88' lang='lat' dir='ltr'><strong>consulebantutilitate</strong></span> <span class='ocrx_word' id='word_1_85' title='bbox 1418 1425 1764 1496; x_wconf 86' lang='lat' dir='ltr'><strong>laudabiles,</strong></span> 
     </span>
    </p>
   </div>
   <div class='ocr_carea' id='block_1_15' title="bbox 130 1515 1762 1587">
    <p class='ocr_par' dir='ltr' id='par_1_15' title="bbox 130 1515 1762 1587">
     <span class='ocr_line' id='line_1_15' title="bbox 130 1515 1762 1587; baseline -0.001 -15"><span class='ocrx_word' id='word_1_86' title='bbox 130 1524 180 1572; x_wconf 85' lang='lat' dir='ltr'><strong>et</strong></span> <span class='ocrx_word' id='word_1_87' title='bbox 206 1518 276 1572; x_wconf 90' lang='lat' dir='ltr'><strong>de</strong></span> <span class='ocrx_word' id='word_1_88' title='bbox 304 1523 506 1572; x_wconf 86' lang='lat' dir='ltr'><strong>mutua</strong></span> <span class='ocrx_word' id='word_1_89' title='bbox 538 1534 710 1587; x_wconf 88' lang='lat' dir='ltr'><strong>quam</strong></span> <span class='ocrx_word' id='word_1_90' title='bbox 745 1517 860 1573; x_wconf 85' lang='lat' dir='ltr'><strong>sibi</strong></span> <span class='ocrx_word' id='word_1_91' title='bbox 892 1517 1217 1573; x_wconf 86' lang='lat' dir='ltr'><strong>reddebant</strong></span> <span class='ocrx_word' id='word_1_92' title='bbox 1247 1516 1495 1572; x_wconf 90' lang='lat' dir='ltr'><strong>invicem</strong></span> <span class='ocrx_word' id='word_1_93' title='bbox 1529 1515 1762 1586; x_wconf 88' lang='lat' dir='ltr'><strong>subjec-</strong></span> 
     </span>
    </p>
   </div>
   <div class='ocr_carea' id='block_1_16' title="bbox 133 1604 1768 1678">
    <p class='ocr_par' dir='ltr' id='par_1_16' title="bbox 133 1604 1768 1678">
     <span class='ocr_line' id='line_1_16' title="bbox 133 1604 1768 1678; baseline 0 -18"><span class='ocrx_word' id='word_1_94' title='bbox 133 1609 276 1662; x_wconf 89' lang='lat' dir='ltr'><strong>tione</strong></span> <span class='ocrx_word' id='word_1_95' title='bbox 303 1605 757 1671; x_wconf 85' lang='lat' dir='ltr'><strong>sublimes.Quis</strong></span> <span class='ocrx_word' id='word_1_96' title='bbox 787 1606 964 1662; x_wconf 87' lang='lat' dir='ltr'><strong>istius</strong></span> <span class='ocrx_word' id='word_1_97' title='bbox 994 1607 1236 1662; x_wconf 71' lang='lat' dir='ltr'><strong>affectus</strong></span> <span class='ocrx_word' id='word_1_98' title='bbox 1268 1605 1557 1678; x_wconf 80' lang='lat' dir='ltr'><strong>explicare</strong></span> <span class='ocrx_word' id='word_1_99' title='bbox 1580 1604 1768 1676; x_wconf 82' lang='lat' dir='ltr'><strong>possit</strong></span> 
     </span>
    </p>
   </div>
   <div class='ocr_carea' id='block_1_17' title="bbox 132 1695 1762 1768">
    <p class='ocr_par' dir='ltr' id='par_1_17' title="bbox 132 1695 1762 1768">
     <span class='ocr_line' id='line_1_17' title="bbox 132 1695 1762 1768; baseline 0 -18"><span class='ocrx_word' id='word_1_100' title='bbox 132 1695 404 1768; x_wconf 87' lang='lat' dir='ltr'><strong>loquendo</strong></span> <span class='ocrx_word' id='word_1_101' title='bbox 435 1696 712 1751; x_wconf 86' lang='lat' dir='ltr'><strong>virtutem</strong></span> <span class='ocrx_word' id='word_1_102' title='bbox 738 1696 766 1751; x_wconf 75' lang='lat' dir='ltr'><strong>‘I</strong></span> <span class='ocrx_word' id='word_1_103' title='bbox 794 1697 950 1761; x_wconf 89' lang='lat' dir='ltr'><strong>Quos</strong></span> <span class='ocrx_word' id='word_1_104' title='bbox 983 1695 1183 1767; x_wconf 89' lang='lat' dir='ltr'><strong>quieta</strong></span> <span class='ocrx_word' id='word_1_105' title='bbox 1221 1711 1334 1766; x_wconf 90' lang='lat' dir='ltr'><strong>pax</strong></span> <span class='ocrx_word' id='word_1_106' title='bbox 1382 1695 1762 1762; x_wconf 88' lang='lat' dir='ltr'><strong>adunaverat,</strong></span> 
     </span>
    </p>
   </div>
   <div class='ocr_carea' id='block_1_18' title="bbox 130 1784 1299 1857">
    <p class='ocr_par' dir='ltr' id='par_1_18' title="bbox 130 1784 1299 1857">
     <span class='ocr_line' id='line_1_18' title="bbox 130 1784 1299 1857; baseline 0 -18"><span class='ocrx_word' id='word_1_107' title='bbox 130 1800 228 1841; x_wconf 85' lang='lat' dir='ltr'><strong>nec</strong></span> <span class='ocrx_word' id='word_1_108' title='bbox 256 1784 399 1840; x_wconf 88' lang='lat' dir='ltr'><strong>bella</strong></span> <span class='ocrx_word' id='word_1_109' title='bbox 431 1784 747 1840; x_wconf 85' lang='lat' dir='ltr'><strong>valuerunt</strong></span> <span class='ocrx_word' id='word_1_110' title='bbox 778 1784 982 1840; x_wconf 79' lang='lat' dir='ltr'><strong>feralia</strong></span> <span class='ocrx_word' id='word_1_111' title='bbox 1010 1800 1299 1857; x_wconf 86' lang='lat' dir='ltr'><strong>separare.</strong></span> 
     </span>
    </p>
   </div>
   <div class='ocr_carea' id='block_1_19' title="bbox 254 1871 1630 1938">
    <p class='ocr_par' dir='ltr' id='par_1_19' title="bbox 254 1871 1630 1938">
     <span class='ocr_line' id='line_1_19' title="bbox 254 1871 1630 1938; baseline -0.001 -15"><span class='ocrx_word' id='word_1_112' title='bbox 254 1872 414 1923; x_wconf 66' lang='lat' dir='ltr'><strong>Cum</strong></span> <span class='ocrx_word' id='word_1_113' title='bbox 441 1886 514 1922; x_wconf 80' lang='lat' dir='ltr'><strong>ix.</strong></span> <span class='ocrx_word' id='word_1_114' title='bbox 548 1871 776 1936; x_wconf 71' lang='lat' dir='ltr'><strong>Cogitur</strong></span> <span class='ocrx_word' id='word_1_115' title='bbox 800 1875 983 1938; x_wconf 76' lang='lat' dir='ltr'><strong>fugam</strong></span> <span class='ocrx_word' id='word_1_116' title='bbox 1012 1887 1274 1936; x_wconf 72' lang='lat' dir='ltr'><strong>capessere</strong></span> <span class='ocrx_word' id='word_1_117' title='bbox 1299 1887 1413 1924; x_wconf 84' lang='lat' dir='ltr'><strong>cum</strong></span> <span class='ocrx_word' id='word_1_118' title='bbox 1446 1871 1630 1922; x_wconf 73' lang='lat' dir='ltr'><strong>Felice.</strong></span> 
     </span>
    </p>
   </div>
   <div class='ocr_carea' id='block_1_20' title="bbox 191 1953 1760 2027">
    <p class='ocr_par' dir='ltr' id='par_1_20' title="bbox 191 1953 1760 2027">
     <span class='ocr_line' id='line_1_20' title="bbox 191 1953 1760 2027; baseline 0.001 -19"><span class='ocrx_word' id='word_1_119' title='bbox 191 1955 271 2008; x_wconf 76' lang='grc'><strong>17.</strong></span> <span class='ocrx_word' id='word_1_120' title='bbox 299 1954 409 2009; x_wconf 85' lang='lat' dir='ltr'><strong>Sed</strong></span> <span class='ocrx_word' id='word_1_121' title='bbox 427 1969 564 2010; x_wconf 89' lang='lat' dir='ltr'><strong>cum</strong></span> <span class='ocrx_word' id='word_1_122' title='bbox 588 1954 785 2010; x_wconf 87' lang='lat' dir='ltr'><strong>subito</strong></span> <span class='ocrx_word' id='word_1_123' title='bbox 810 1956 882 2026; x_wconf 84' lang='grc' dir='ltr'><strong>(α)</strong></span> <span class='ocrx_word' id='word_1_124' title='bbox 910 1954 1227 2010; x_wconf 67' lang='lat' dir='ltr'><strong>barbaricas</strong></span> <span class='ocrx_word' id='word_1_125' title='bbox 1248 1955 1444 2027; x_wconf 88' lang='lat' dir='ltr'><strong>gentis</strong></span> <span class='ocrx_word' id='word_1_126' title='bbox 1466 1953 1760 2026; x_wconf 87' lang='lat' dir='ltr'><strong>provincia</strong></span> 
     </span>
    </p>
   </div>
   <div class='ocr_carea' id='block_1_21' title="bbox 120 2041 1758 2115">
    <p class='ocr_par' dir='ltr' id='par_1_21' title="bbox 120 2041 1758 2115">
     <span class='ocr_line' id='line_1_21' title="bbox 120 2041 1758 2115; baseline 0.001 -17"><span class='ocrx_word' id='word_1_127' title='bbox 120 2044 444 2099; x_wconf 81' lang='lat' dir='ltr'><strong>turbaretur</strong></span> <span class='ocrx_word' id='word_1_128' title='bbox 475 2044 743 2112; x_wconf 89' lang='lat' dir='ltr'><strong>incursu,</strong></span> <span class='ocrx_word' id='word_1_129' title='bbox 776 2044 1041 2102; x_wconf 85' lang='lat' dir='ltr'><strong>videntes</strong></span> <span class='ocrx_word' id='word_1_130' title='bbox 1070 2044 1323 2101; x_wconf 87' lang='lat' dir='ltr'><strong>salutem</strong></span> <span class='ocrx_word' id='word_1_131' title='bbox 1374 2041 1758 2115; x_wconf 87' lang='lat' dir='ltr'><strong>temporalem</strong></span> 
     </span>
    </p>
   </div>
   <div class='ocr_carea' id='block_1_22' title="bbox 114 2133 1762 2206">
    <p class='ocr_par' dir='ltr' id='par_1_22' title="bbox 114 2133 1762 2206">
     <span class='ocr_line' id='line_1_22' title="bbox 114 2133 1762 2206; baseline 0.001 -17"><span class='ocrx_word' id='word_1_132' title='bbox 114 2136 258 2206; x_wconf 76' lang='lat' dir='ltr'><strong>fuga:</strong></span> <span class='ocrx_word' id='word_1_133' title='bbox 283 2135 558 2206; x_wconf 73' lang='lat' dir='ltr'><strong>praesidio</strong></span> <span class='ocrx_word' id='word_1_134' title='bbox 581 2134 1016 2205; x_wconf 86' lang='lat' dir='ltr'><strong>vindicandam,</strong></span> <span class='ocrx_word' id='word_1_135' title='bbox 1047 2135 1274 2191; x_wconf 89' lang='lat' dir='ltr'><strong>labores</strong></span> <span class='ocrx_word' id='word_1_136' title='bbox 1296 2133 1451 2190; x_wconf 90' lang='lat' dir='ltr'><strong>illico</strong></span> <span class='ocrx_word' id='word_1_137' title='bbox 1473 2135 1762 2206; x_wconf 89' lang='lat' dir='ltr'><strong>perferen-</strong></span> 
     </span>
    </p>
   </div>
   <div class='ocr_carea' id='block_1_23' title="bbox 113 2224 1758 2298">
    <p class='ocr_par' dir='ltr' id='par_1_23' title="bbox 113 2224 1758 2298">
     <span class='ocr_line' id='line_1_23' title="bbox 113 2224 1758 2298; baseline -0.001 -17"><span class='ocrx_word' id='word_1_138' title='bbox 113 2227 197 2281; x_wconf 72' lang='lat' dir='ltr'><strong>das</strong></span> <span class='ocrx_word' id='word_1_139' title='bbox 230 2226 723 2298; x_wconf 82' lang='lat' dir='ltr'><strong>peregrinationis</strong></span> <span class='ocrx_word' id='word_1_140' title='bbox 770 2226 1093 2298; x_wconf 89' lang='lat' dir='ltr'><strong>excipiunt,</strong></span> <span class='ocrx_word' id='word_1_141' title='bbox 1143 2225 1464 2298; x_wconf 87' lang='lat' dir='ltr'><strong>limatoque</strong></span> <span class='ocrx_word' id='word_1_142' title='bbox 1513 2224 1758 2282; x_wconf 88' lang='lat' dir='ltr'><strong>consilio</strong></span> 
     </span>
    </p>
   </div>
   <div class='ocr_carea' id='block_1_24' title="bbox 114 2317 1757 2388">
    <p class='ocr_par' dir='ltr' id='par_1_24' title="bbox 114 2317 1757 2388">
     <span class='ocr_line' id='line_1_24' title="bbox 114 2317 1757 2388; baseline -0.001 -16"><span class='ocrx_word' id='word_1_143' title='bbox 114 2317 307 2388; x_wconf 82' lang='lat' dir='ltr'><strong>procul</strong></span> <span class='ocrx_word' id='word_1_144' title='bbox 340 2317 688 2385; x_wconf 82' lang='lat' dir='ltr'><strong>abscedunt,</strong></span> <span class='ocrx_word' id='word_1_145' title='bbox 722 2318 823 2373; x_wconf 88' lang='lat' dir='ltr'><strong>ubi</strong></span> <span class='ocrx_word' id='word_1_146' title='bbox 855 2317 1018 2374; x_wconf 90' lang='lat' dir='ltr'><strong>nulla</strong></span> <span class='ocrx_word' id='word_1_147' title='bbox 1047 2317 1182 2374; x_wconf 88' lang='lat' dir='ltr'><strong>belli</strong></span> <span class='ocrx_word' id='word_1_148' title='bbox 1216 2317 1512 2375; x_wconf 89' lang='lat' dir='ltr'><strong>nascentis</strong></span> <span class='ocrx_word' id='word_1_149' title='bbox 1559 2317 1757 2388; x_wconf 91' lang='lat' dir='ltr'><strong>opinio</strong></span> 
     </span>
    </p>
   </div>
   <div class='ocr_carea' id='block_1_25' title="bbox 109 2407 1760 2480">
    <p class='ocr_par' dir='ltr' id='par_1_25' title="bbox 109 2407 1760 2480">
     <span class='ocr_line' id='line_1_25' title="bbox 109 2407 1760 2480; baseline 0.001 -18"><span class='ocrx_word' id='word_1_150' title='bbox 109 2407 484 2462; x_wconf 84' lang='lat' dir='ltr'><strong>construendi</strong></span> <span class='ocrx_word' id='word_1_151' title='bbox 514 2407 856 2464; x_wconf 87' lang='lat' dir='ltr'><strong>monasterii</strong></span> <span class='ocrx_word' id='word_1_152' title='bbox 892 2408 1173 2480; x_wconf 67' lang='lat' dir='ltr'><strong>praberet</strong></span> <span class='ocrx_word' id='word_1_153' title='bbox 1203 2409 1489 2480; x_wconf 83' lang='lat' dir='ltr'><strong>integram</strong></span> <span class='ocrx_word' id='word_1_154' title='bbox 1525 2407 1760 2463; x_wconf 80' lang='lat' dir='ltr'><strong>faculta-</strong></span> 
     </span>
    </p>
   </div>
   <div class='ocr_carea' id='block_1_26' title="bbox 110 2495 1759 2568">
    <p class='ocr_par' dir='ltr' id='par_1_26' title="bbox 110 2495 1759 2568">
     <span class='ocr_line' id='line_1_26' title="bbox 110 2495 1759 2568; baseline 0.002 -20"><span class='ocrx_word' id='word_1_155' title='bbox 110 2499 606 2550; x_wconf 87' lang='lat' dir='ltr'><strong>tem.Promovent</strong></span> <span class='ocrx_word' id='word_1_156' title='bbox 638 2495 820 2566; x_wconf 88' lang='lat' dir='ltr'><strong>igitur</strong></span> <span class='ocrx_word' id='word_1_157' title='bbox 840 2501 1035 2551; x_wconf 90' lang='lat' dir='ltr'><strong>castra</strong></span> <span class='ocrx_word' id='word_1_158' title='bbox 1057 2495 1345 2567; x_wconf 88' lang='lat' dir='ltr'><strong>spiritalia</strong></span> <span class='ocrx_word' id='word_1_159' title='bbox 1366 2496 1543 2552; x_wconf 87' lang='lat' dir='ltr'><strong>duces</strong></span> <span class='ocrx_word' id='word_1_160' title='bbox 1559 2495 1759 2568; x_wconf 84' lang='lat' dir='ltr'><strong>inclyti</strong></span> 
     </span>
    </p>
   </div>
   <div class='ocr_carea' id='block_1_27' title="bbox 105 2583 1758 2656">
    <p class='ocr_par' dir='ltr' id='par_1_27' title="bbox 105 2583 1758 2656">
     <span class='ocr_line' id='line_1_27' title="bbox 105 2583 1758 2656; baseline 0.002 -18"><span class='ocrx_word' id='word_1_161' title='bbox 105 2583 354 2639; x_wconf 63' lang='lat' dir='ltr'><strong>caelestis</strong></span> <span class='ocrx_word' id='word_1_162' title='bbox 384 2585 699 2652; x_wconf 88' lang='lat' dir='ltr'><strong>exercitus,</strong></span> <span class='ocrx_word' id='word_1_163' title='bbox 729 2589 789 2640; x_wconf 87' lang='lat' dir='ltr'><strong>et</strong></span> <span class='ocrx_word' id='word_1_164' title='bbox 819 2601 922 2656; x_wconf 90' lang='lat' dir='ltr'><strong>per</strong></span> <span class='ocrx_word' id='word_1_165' title='bbox 963 2586 1189 2656; x_wconf 86' lang='lat' dir='ltr'><strong>ignotas</strong></span> <span class='ocrx_word' id='word_1_166' title='bbox 1239 2585 1444 2641; x_wconf 65' lang='lat' dir='ltr'><strong>Africae</strong></span> <span class='ocrx_word' id='word_1_167' title='bbox 1494 2586 1758 2656; x_wconf 88' lang='lat' dir='ltr'><strong>regiones</strong></span> 
     </span>
    </p>
   </div>
   <div class='ocr_carea' id='block_1_28' title="bbox 106 2672 1761 2746">
    <p class='ocr_par' dir='ltr' id='par_1_28' title="bbox 106 2672 1761 2746">
     <span class='ocr_line' id='line_1_28' title="bbox 106 2672 1761 2746; baseline 0.002 -20"><span class='ocrx_word' id='word_1_168' title='bbox 106 2672 528 2728; x_wconf 83' lang='lat' dir='ltr'><strong>monachorum</strong></span> <span class='ocrx_word' id='word_1_169' title='bbox 597 2687 845 2728; x_wconf 87' lang='lat' dir='ltr'><strong>suorum</strong></span> <span class='ocrx_word' id='word_1_170' title='bbox 904 2679 1136 2729; x_wconf 88' lang='lat' dir='ltr'><strong>caterva</strong></span> <span class='ocrx_word' id='word_1_171' title='bbox 1182 2673 1496 2730; x_wconf 87' lang='lat' dir='ltr'><strong>comitante</strong></span> <span class='ocrx_word' id='word_1_172' title='bbox 1545 2674 1761 2746; x_wconf 86' lang='lat' dir='ltr'><strong>pariter</strong></span> 
     </span>
    </p>
   </div>
   <div class='ocr_carea' id='block_1_29' title="bbox 107 2761 1759 2836">
    <p class='ocr_par' dir='ltr' id='par_1_29' title="bbox 107 2761 1759 2836">
     <span class='ocr_line' id='line_1_29' title="bbox 107 2761 1759 2836; baseline 0.002 -22"><span class='ocrx_word' id='word_1_173' title='bbox 107 2762 477 2832; x_wconf 82' lang='lat' dir='ltr'><strong>gradiuntur,</strong></span> <span class='ocrx_word' id='word_1_174' title='bbox 510 2761 733 2835; x_wconf 89' lang='lat' dir='ltr'><strong>ubique</strong></span> <span class='ocrx_word' id='word_1_175' title='bbox 765 2761 1042 2819; x_wconf 85' lang='lat' dir='ltr'><strong>facientes</strong></span> <span class='ocrx_word' id='word_1_176' title='bbox 1071 2762 1353 2836; x_wconf 86' lang='lat' dir='ltr'><strong>gaudium</strong></span> <span class='ocrx_word' id='word_1_177' title='bbox 1387 2763 1574 2831; x_wconf 88' lang='lat' dir='ltr'><strong>bonis,</strong></span> <span class='ocrx_word' id='word_1_178' title='bbox 1607 2763 1759 2818; x_wconf 88' lang='lat' dir='ltr'><strong>invi-</strong></span> 
     </span>
    </p>
   </div>
   <div class='ocr_carea' id='block_1_30' title="bbox 111 2850 1756 2925">
    <p class='ocr_par' dir='ltr' id='par_1_30' title="bbox 111 2850 1756 2925">
     <span class='ocr_line' id='line_1_30' title="bbox 111 2850 1756 2925; baseline 0.004 -22"><span class='ocrx_word' id='word_1_179' title='bbox 111 2853 262 2907; x_wconf 83' lang='lat' dir='ltr'><strong>diam</strong></span> <span class='ocrx_word' id='word_1_180' title='bbox 296 2850 555 2907; x_wconf 75' lang='lat' dir='ltr'><strong>iualian</strong></span> <span class='ocrx_word' id='word_1_181' title='bbox 587 2852 882 2909; x_wconf 88' lang='lat' dir='ltr'><strong>territorio</strong></span> <span class='ocrx_word' id='word_1_182' title='bbox 913 2852 1164 2925; x_wconf 89' lang='lat' dir='ltr'><strong>denique</strong></span> <span class='ocrx_word' id='word_1_183' title='bbox 1195 2853 1449 2909; x_wconf 88' lang='lat' dir='ltr'><strong>Siccensi</strong></span> <span class='ocrx_word' id='word_1_184' title='bbox 1483 2855 1623 2908; x_wconf 89' lang='lat' dir='ltr'><strong>dum</strong></span> <span class='ocrx_word' id='word_1_185' title='bbox 1656 2871 1756 2909; x_wconf 87' lang='lat' dir='ltr'><strong>cc-</strong></span> 
     </span>
    </p>
   </div>
   <div class='ocr_carea' id='block_1_31' title="bbox 112 2942 1758 3016">
    <p class='ocr_par' dir='ltr' id='par_1_31' title="bbox 112 2942 1758 3016">
     <span class='ocr_line' id='line_1_31' title="bbox 112 2942 1758 3016; baseline 0.002 -22"><span class='ocrx_word' id='word_1_186' title='bbox 112 2942 301 3010; x_wconf 75' lang='lat' dir='ltr'><strong>gitact</strong></span> <span class='ocrx_word' id='word_1_187' title='bbox 345 2948 529 2998; x_wconf 86' lang='lat' dir='ltr'><strong>certas</strong></span> <span class='ocrx_word' id='word_1_188' title='bbox 559 2943 727 2997; x_wconf 83' lang='lat' dir='ltr'><strong>aedes</strong></span> <span class='ocrx_word' id='word_1_189' title='bbox 775 2947 1054 3013; x_wconf 85' lang='lat' dir='ltr'><strong>statuere,</strong></span> <span class='ocrx_word' id='word_1_190' title='bbox 1104 2943 1360 3016; x_wconf 90' lang='lat' dir='ltr'><strong>regionis</strong></span> <span class='ocrx_word' id='word_1_191' title='bbox 1405 2943 1758 2998; x_wconf 78' lang='lat' dir='ltr'><strong>fecunditate</strong></span> 
     </span>
    </p>
   </div>
   <div class='ocr_carea' id='block_1_32' title="bbox 115 3029 1761 3102">
    <p class='ocr_par' dir='ltr' id='par_1_32' title="bbox 115 3029 1761 3102">
     <span class='ocr_line' id='line_1_32' title="bbox 115 3029 1761 3102; baseline 0.001 -19"><span class='ocrx_word' id='word_1_192' title='bbox 115 3030 666 3097; x_wconf 85' lang='lat' dir='ltr'><strong>delectati,virorum</strong></span> <span class='ocrx_word' id='word_1_193' title='bbox 698 3032 876 3087; x_wconf 90' lang='lat' dir='ltr'><strong>etiam</strong></span> <span class='ocrx_word' id='word_1_194' title='bbox 910 3029 1170 3086; x_wconf 82' lang='lat' dir='ltr'><strong>ﬁdelium</strong></span> <span class='ocrx_word' id='word_1_195' title='bbox 1201 3031 1280 3102; x_wconf 82' lang='lat' dir='ltr'><strong>(b)</strong></span> <span class='ocrx_word' id='word_1_196' title='bbox 1311 3030 1614 3086; x_wconf 88' lang='lat' dir='ltr'><strong>devotione</strong></span> <span class='ocrx_word' id='word_1_197' title='bbox 1635 3047 1761 3086; x_wconf 88' lang='lat' dir='ltr'><strong>sus-</strong></span> 
     </span>
    </p>
   </div>
   <div class='ocr_carea' id='block_1_33' title="bbox 113 3119 1761 3192">
    <p class='ocr_par' dir='ltr' id='par_1_33' title="bbox 113 3119 1761 3192">
     <span class='ocr_line' id='line_1_33' title="bbox 113 3119 1761 3192; baseline 0.002 -21"><span class='ocrx_word' id='word_1_198' title='bbox 113 3120 492 3191; x_wconf 80' lang='lat' dir='ltr'><strong>cepti,presby</strong></span> <span class='ocrx_word' id='word_1_199' title='bbox 503 3127 592 3177; x_wconf 88' lang='lat' dir='ltr'><strong>ter</strong></span> <span class='ocrx_word' id='word_1_200' title='bbox 608 3121 839 3192; x_wconf 78' lang='lat' dir='ltr'><strong>quidam</strong></span> <span class='ocrx_word' id='word_1_201' title='bbox 853 3124 1024 3176; x_wconf 61' lang='lat' dir='ltr'><strong>secta</strong></span> <span class='ocrx_word' id='word_1_202' title='bbox 1035 3121 1263 3175; x_wconf 74' lang='lat' dir='ltr'><strong>Arianaa</strong></span> <span class='ocrx_word' id='word_1_203' title='bbox 1277 3121 1335 3176; x_wconf 91' lang='lat' dir='ltr'><strong>in</strong></span> <span class='ocrx_word' id='word_1_204' title='bbox 1353 3121 1532 3175; x_wconf 90' lang='lat' dir='ltr'><strong>fundo</strong></span> <span class='ocrx_word' id='word_1_205' title='bbox 1546 3119 1761 3176; x_wconf 88' lang='lat' dir='ltr'><strong>Gabar-</strong></span> 
     </span>
    </p>
   </div>
   <div class='ocr_carea' id='block_1_34' title="bbox 112 3200 1772 3282">
    <p class='ocr_par' dir='ltr' id='par_1_34' title="bbox 112 3200 1772 3282">
     <span class='ocr_line' id='line_1_34' title="bbox 112 3200 1772 3282; baseline 0.001 -19"><span class='ocrx_word' id='word_1_206' title='bbox 112 3209 251 3264; x_wconf 86' lang='lat' dir='ltr'><strong>dilla</strong></span> <span class='ocrx_word' id='word_1_207' title='bbox 285 3211 588 3281; x_wconf 75' lang='lat' dir='ltr'><strong>perfidiam</strong></span> <span class='ocrx_word' id='word_1_208' title='bbox 625 3211 976 3281; x_wconf 72' lang='lat' dir='ltr'><strong>praedicans,</strong></span> <span class='ocrx_word' id='word_1_209' title='bbox 1005 3211 1096 3265; x_wconf 89' lang='lat' dir='ltr'><strong>cui</strong></span> <span class='ocrx_word' id='word_1_210' title='bbox 1134 3226 1346 3265; x_wconf 88' lang='lat' dir='ltr'><strong>nomen</strong></span> <span class='ocrx_word' id='word_1_211' title='bbox 1379 3209 1615 3282; x_wconf 90' lang='lat' dir='ltr'><strong>quidem</strong></span> <span class='ocrx_word' id='word_1_212' title='bbox 1650 3200 1772 3264; x_wconf 21' lang='lat' dir='ltr'><strong>fuit.</strong></span> 
     </span>
    </p>
   </div>
   <div class='ocr_carea' id='block_1_35' title="bbox 1791 1893 1840 1960">
    <p class='ocr_par' dir='ltr' id='par_1_35' title="bbox 1791 1893 1840 1960">
     <span class='ocr_line' id='line_1_35' title="bbox 1791 1893 1840 1960; baseline 0 0"><span class='ocrx_word' id='word_1_213' title='bbox 1791 1893 1840 1960; x_wconf 86' lang='grc' dir='ltr'><strong>Β</strong></span> 
     </span>
    </p>
   </div>
   <div class='ocr_carea' id='block_1_36' title="bbox 1874 709 3528 786">
    <p class='ocr_par' dir='ltr' id='par_1_36' title="bbox 1874 709 3528 786">
     <span class='ocr_line' id='line_1_36' title="bbox 1874 709 3528 786; baseline 0.005 -22"><span class='ocrx_word' id='word_1_214' title='bbox 1874 709 2125 765; x_wconf 89' lang='lat' dir='ltr'><strong>scientes</strong></span> <span class='ocrx_word' id='word_1_215' title='bbox 2142 727 2276 782; x_wconf 87' lang='lat' dir='ltr'><strong>ergo</strong></span> <span class='ocrx_word' id='word_1_216' title='bbox 2298 712 2677 782; x_wconf 88' lang='lat' dir='ltr'><strong>cogitationes</strong></span> <span class='ocrx_word' id='word_1_217' title='bbox 2700 713 2944 785; x_wconf 89' lang='lat' dir='ltr'><strong>maligni</strong></span> <span class='ocrx_word' id='word_1_218' title='bbox 2972 715 3286 786; x_wconf 86' lang='lat' dir='ltr'><strong>serpentis,</strong></span> <span class='ocrx_word' id='word_1_219' title='bbox 3312 715 3528 772; x_wconf 87' lang='lat' dir='ltr'><strong>baben-</strong></span> 
     </span>
    </p>
   </div>
   <div class='ocr_carea' id='block_1_37' title="bbox 1873 799 3526 872">
    <p class='ocr_par' dir='ltr' id='par_1_37' title="bbox 1873 799 3526 872">
     <span class='ocr_line' id='line_1_37' title="bbox 1873 799 3526 872; baseline 0.005 -19"><span class='ocrx_word' id='word_1_220' title='bbox 1873 801 2079 870; x_wconf 87' lang='lat' dir='ltr'><strong>tesque</strong></span> <span class='ocrx_word' id='word_1_221' title='bbox 2111 799 2382 856; x_wconf 88' lang='lat' dir='ltr'><strong>fiduciam</strong></span> <span class='ocrx_word' id='word_1_222' title='bbox 2415 803 2809 870; x_wconf 63' lang='lat' dir='ltr'><strong>conscientias,</strong></span> <span class='ocrx_word' id='word_1_223' title='bbox 2845 801 2992 858; x_wconf 87' lang='lat' dir='ltr'><strong>nihil</strong></span> <span class='ocrx_word' id='word_1_224' title='bbox 3023 804 3320 872; x_wconf 85' lang='lat' dir='ltr'><strong>timentes,</strong></span> <span class='ocrx_word' id='word_1_225' title='bbox 3353 806 3526 861; x_wconf 73' lang='lat' dir='ltr'><strong>ambo</strong></span> 
     </span>
    </p>
   </div>
   <div class='ocr_carea' id='block_1_38' title="bbox 1873 887 3095 965">
    <p class='ocr_par' dir='ltr' id='par_1_38' title="bbox 1873 887 3095 965">
     <span class='ocr_line' id='line_1_38' title="bbox 1873 887 3095 965; baseline 0.004 -22"><span class='ocrx_word' id='word_1_226' title='bbox 1873 887 2052 943; x_wconf 90' lang='lat' dir='ltr'><strong>simul</strong></span> <span class='ocrx_word' id='word_1_227' title='bbox 2079 889 2497 961; x_wconf 89' lang='lat' dir='ltr'><strong>gradiebantur</strong></span> <span class='ocrx_word' id='word_1_228' title='bbox 2528 905 2726 946; x_wconf 87' lang='lat' dir='ltr'><strong>secum</strong></span> <span class='ocrx_word' id='word_1_229' title='bbox 2761 889 3095 965; x_wconf 87' lang='lat' dir='ltr'><strong>loquentes.</strong></span> 
     </span>
    </p>
   </div>
   <div class='ocr_carea' id='block_1_39' title="bbox 1872 995 3526 1062">
    <p class='ocr_par' dir='ltr' id='par_1_39' title="bbox 1872 995 3526 1062">
     <span class='ocr_line' id='line_1_39' title="bbox 1872 995 3526 1062; baseline 0.002 -16"><span class='ocrx_word' id='word_1_230' title='bbox 1872 995 2040 1048; x_wconf 67' lang='lat' dir='ltr'><strong>Caper</strong></span> <span class='ocrx_word' id='word_1_231' title='bbox 2066 1009 2122 1046; x_wconf 85' lang='lat' dir='ltr'><strong>x.</strong></span> <span class='ocrx_word' id='word_1_232' title='bbox 2150 995 2434 1046; x_wconf 73' lang='lat' dir='ltr'><strong>Sistunlur</strong></span> <span class='ocrx_word' id='word_1_233' title='bbox 2460 997 2655 1047; x_wconf 80' lang='lat' dir='ltr'><strong>Ariona</strong></span> <span class='ocrx_word' id='word_1_234' title='bbox 2698 997 3021 1062; x_wconf 75' lang='lat' dir='ltr'><strong>presbytero.</strong></span> <span class='ocrx_word' id='word_1_235' title='bbox 3053 998 3192 1048; x_wconf 79' lang='lat' dir='ltr'><strong>Mira</strong></span> <span class='ocrx_word' id='word_1_236' title='bbox 3244 998 3526 1050; x_wconf 79' lang='lat' dir='ltr'><strong>crudelitas</strong></span> 
     </span>
    </p>
   </div>
   <div class='ocr_carea' id='block_1_40' title="bbox 1935 1069 3528 1124">
    <p class='ocr_par' dir='ltr' id='par_1_40' title="bbox 1935 1069 3528 1124">
     <span class='ocr_line' id='line_1_40' title="bbox 1935 1069 3528 1124; baseline 0.001 -6"><span class='ocrx_word' id='word_1_237' title='bbox 1935 1069 2144 1118; x_wconf 77' lang='lat' dir='ltr'><strong>Ariani.</strong></span> <span class='ocrx_word' id='word_1_238' title='bbox 2196 1069 2472 1119; x_wconf 77' lang='lat' dir='ltr'><strong>Vehemens</strong></span> <span class='ocrx_word' id='word_1_239' title='bbox 2526 1069 2726 1122; x_wconf 75' lang='lat' dir='ltr'><strong>caritas</strong></span> <span class='ocrx_word' id='word_1_240' title='bbox 2780 1071 2963 1120; x_wconf 72' lang='lat' dir='ltr'><strong>Felicis</strong></span> <span class='ocrx_word' id='word_1_241' title='bbox 3019 1070 3242 1123; x_wconf 66' lang='lat' dir='ltr'><strong>abbatis.</strong></span> <span class='ocrx_word' id='word_1_242' title='bbox 3289 1073 3528 1124; x_wconf 76' lang='lat' dir='ltr'><strong>Caeditur</strong></span> 
     </span>
    </p>
   </div>
   <div class='ocr_carea' id='block_1_41' title="bbox 1936 1139 2101 1191">
    <p class='ocr_par' dir='ltr' id='par_1_41' title="bbox 1936 1139 2101 1191">
     <span class='ocr_line' id='line_1_41' title="bbox 1936 1139 2101 1191; baseline 0.006 -1"><span class='ocrx_word' id='word_1_243' title='bbox 1936 1139 2101 1191; x_wconf 71' lang='lat' dir='ltr'><strong>Felix.</strong></span> 
     </span>
    </p>
   </div>
   <div class='ocr_carea' id='block_1_42' title="bbox 1946 1239 3524 1316">
    <p class='ocr_par' dir='ltr' id='par_1_42' title="bbox 1946 1239 3524 1316">
     <span class='ocr_line' id='line_1_42' title="bbox 1946 1239 3524 1316; baseline 0.003 -22"><span class='ocrx_word' id='word_1_244' title='bbox 1946 1240 2015 1294; x_wconf 87' lang='lat' dir='ltr'><strong>Et</strong></span> <span class='ocrx_word' id='word_1_245' title='bbox 2044 1255 2175 1295; x_wconf 89' lang='lat' dir='ltr'><strong>ecce</strong></span> <span class='ocrx_word' id='word_1_246' title='bbox 2205 1239 2402 1296; x_wconf 89' lang='lat' dir='ltr'><strong>subito</strong></span> <span class='ocrx_word' id='word_1_247' title='bbox 2435 1240 2606 1313; x_wconf 90' lang='lat' dir='ltr'><strong>quasi</strong></span> <span class='ocrx_word' id='word_1_248' title='bbox 2637 1239 2916 1297; x_wconf 85' lang='lat' dir='ltr'><strong>violentia</strong></span> <span class='ocrx_word' id='word_1_249' title='bbox 2945 1241 3279 1298; x_wconf 62' lang='lat' dir='ltr'><strong>saevissimae</strong></span> <span class='ocrx_word' id='word_1_250' title='bbox 3310 1246 3524 1316; x_wconf 89' lang='lat' dir='ltr'><strong>tempe-</strong></span> 
     </span>
    </p>
   </div>
   <div class='ocr_carea' id='block_1_43' title="bbox 1875 1328 3522 1404">
    <p class='ocr_par' dir='ltr' id='par_1_43' title="bbox 1875 1328 3522 1404">
     <span class='ocr_line' id='line_1_43' title="bbox 1875 1328 3522 1404; baseline 0.003 -21"><span class='ocrx_word' id='word_1_251' title='bbox 1875 1328 2040 1384; x_wconf 86' lang='lat' dir='ltr'><strong>statis</strong></span> <span class='ocrx_word' id='word_1_252' title='bbox 2063 1329 2590 1398; x_wconf 89' lang='lat' dir='ltr'><strong>invaditincautos,</strong></span> <span class='ocrx_word' id='word_1_253' title='bbox 2617 1329 3103 1402; x_wconf 88' lang='lat' dir='ltr'><strong>dividitjunctos,</strong></span> <span class='ocrx_word' id='word_1_254' title='bbox 3121 1331 3262 1404; x_wconf 89' lang='lat' dir='ltr'><strong>ligat</strong></span> <span class='ocrx_word' id='word_1_255' title='bbox 3279 1332 3522 1401; x_wconf 90' lang='lat' dir='ltr'><strong>divisos,</strong></span> 
     </span>
    </p>
   </div>
   <div class='ocr_carea' id='block_1_44' title="bbox 1873 1417 3523 1494">
    <p class='ocr_par' dir='ltr' id='par_1_44' title="bbox 1873 1417 3523 1494">
     <span class='ocr_line' id='line_1_44' title="bbox 1873 1417 3523 1494; baseline 0.002 -20"><span class='ocrx_word' id='word_1_256' title='bbox 1873 1422 1925 1474; x_wconf 89' lang='lat' dir='ltr'><strong>et</strong></span> <span class='ocrx_word' id='word_1_257' title='bbox 1952 1417 2228 1474; x_wconf 82' lang='lat' dir='ltr'><strong>feralibus</strong></span> <span class='ocrx_word' id='word_1_258' title='bbox 2258 1419 2508 1475; x_wconf 88' lang='lat' dir='ltr'><strong>vinculis</strong></span> <span class='ocrx_word' id='word_1_259' title='bbox 2530 1424 2801 1476; x_wconf 91' lang='lat' dir='ltr'><strong>oneratos</strong></span> <span class='ocrx_word' id='word_1_260' title='bbox 2828 1421 3094 1492; x_wconf 87' lang='lat' dir='ltr'><strong>perducit</strong></span> <span class='ocrx_word' id='word_1_261' title='bbox 3125 1419 3195 1476; x_wconf 90' lang='lat' dir='ltr'><strong>ad</strong></span> <span class='ocrx_word' id='word_1_262' title='bbox 3223 1420 3523 1494; x_wconf 84' lang='lat' dir='ltr'><strong>presbyte-</strong></span> 
     </span>
    </p>
   </div>
   <div class='ocr_carea' id='block_1_45' title="bbox 1871 1508 3522 1580">
    <p class='ocr_par' dir='ltr' id='par_1_45' title="bbox 1871 1508 3522 1580">
     <span class='ocr_line' id='line_1_45' title="bbox 1871 1508 3522 1580; baseline 0.002 -18"><span class='ocrx_word' id='word_1_263' title='bbox 1871 1523 2002 1562; x_wconf 89' lang='lat' dir='ltr'><strong>rum</strong></span> <span class='ocrx_word' id='word_1_264' title='bbox 2018 1508 2266 1564; x_wconf 84' lang='lat' dir='ltr'><strong>vinctos.</strong></span> <span class='ocrx_word' id='word_1_265' title='bbox 2290 1509 2643 1565; x_wconf 82' lang='lat' dir='ltr'><strong>Efﬂciuutur</strong></span> <span class='ocrx_word' id='word_1_266' title='bbox 2658 1509 2853 1566; x_wconf 90' lang='lat' dir='ltr'><strong>subito</strong></span> <span class='ocrx_word' id='word_1_267' title='bbox 2882 1509 3009 1566; x_wconf 84' lang='lat' dir='ltr'><strong>sine</strong></span> <span class='ocrx_word' id='word_1_268' title='bbox 3025 1509 3268 1566; x_wconf 90' lang='lat' dir='ltr'><strong>crimine</strong></span> <span class='ocrx_word' id='word_1_269' title='bbox 3283 1510 3522 1580; x_wconf 90' lang='lat' dir='ltr'><strong>rei,sine</strong></span> 
     </span>
    </p>
   </div>
   <div class='ocr_carea' id='block_1_46' title="bbox 1872 1595 3520 1672">
    <p class='ocr_par' dir='ltr' id='par_1_46' title="bbox 1872 1595 3520 1672">
     <span class='ocr_line' id='line_1_46' title="bbox 1872 1595 3520 1672; baseline 0.002 -21"><span class='ocrx_word' id='word_1_270' title='bbox 1872 1595 2008 1652; x_wconf 90' lang='lat' dir='ltr'><strong>belli</strong></span> <span class='ocrx_word' id='word_1_271' title='bbox 2032 1602 2187 1654; x_wconf 88' lang='lat' dir='ltr'><strong>sorte</strong></span> <span class='ocrx_word' id='word_1_272' title='bbox 2209 1599 2442 1671; x_wconf 89' lang='lat' dir='ltr'><strong>captivi.</strong></span> <span class='ocrx_word' id='word_1_273' title='bbox 2463 1598 2682 1663; x_wconf 90' lang='lat' dir='ltr'><strong>Quibus</strong></span> <span class='ocrx_word' id='word_1_274' title='bbox 2695 1599 2848 1654; x_wconf 90' lang='lat' dir='ltr'><strong>enim</strong></span> <span class='ocrx_word' id='word_1_275' title='bbox 2870 1599 3227 1672; x_wconf 85' lang='lat' dir='ltr'><strong>fugientibus</strong></span> <span class='ocrx_word' id='word_1_276' title='bbox 3249 1597 3396 1654; x_wconf 88' lang='lat' dir='ltr'><strong>nihil</strong></span> <span class='ocrx_word' id='word_1_277' title='bbox 3417 1617 3520 1655; x_wconf 80' lang='lat' dir='ltr'><strong>no-</strong></span> 
     </span>
    </p>
   </div>
   <div class='ocr_carea' id='block_1_47' title="bbox 1872 1689 3520 1761">
    <p class='ocr_par' dir='ltr' id='par_1_47' title="bbox 1872 1689 3520 1761">
     <span class='ocr_line' id='line_1_47' title="bbox 1872 1689 3520 1761; baseline 0.002 -20"><span class='ocrx_word' id='word_1_278' title='bbox 1872 1701 2001 1742; x_wconf 89' lang='lat' dir='ltr'><strong>cere</strong></span> <span class='ocrx_word' id='word_1_279' title='bbox 2033 1689 2570 1760; x_wconf 81' lang='lat' dir='ltr'><strong>potueruntMauri,</strong></span> <span class='ocrx_word' id='word_1_280' title='bbox 2599 1705 2801 1761; x_wconf 68' lang='lat' dir='ltr'><strong>pinnas</strong></span> <span class='ocrx_word' id='word_1_281' title='bbox 2825 1689 3100 1760; x_wconf 89' lang='lat' dir='ltr'><strong>ingerunt</strong></span> <span class='ocrx_word' id='word_1_282' title='bbox 3125 1689 3520 1745; x_wconf 87' lang='lat' dir='ltr'><strong>Ariani.Tunc</strong></span> 
     </span>
    </p>
   </div>
   <div class='ocr_carea' id='block_1_48' title="bbox 1873 1777 3520 1849">
    <p class='ocr_par' dir='ltr' id='par_1_48' title="bbox 1873 1777 3520 1849">
     <span class='ocr_line' id='line_1_48' title="bbox 1873 1777 3520 1849; baseline 0.002 -19"><span class='ocrx_word' id='word_1_283' title='bbox 1873 1780 2187 1846; x_wconf 88' lang='lat' dir='ltr'><strong>antequam</strong></span> <span class='ocrx_word' id='word_1_284' title='bbox 2223 1781 2577 1846; x_wconf 89' lang='lat' dir='ltr'><strong>tenerentur,</strong></span> <span class='ocrx_word' id='word_1_285' title='bbox 2611 1778 2769 1833; x_wconf 84' lang='lat' dir='ltr'><strong>Felix</strong></span> <span class='ocrx_word' id='word_1_286' title='bbox 2802 1778 2984 1833; x_wconf 89' lang='lat' dir='ltr'><strong>abbas</strong></span> <span class='ocrx_word' id='word_1_287' title='bbox 3029 1793 3246 1849; x_wconf 90' lang='lat' dir='ltr'><strong>paucos</strong></span> <span class='ocrx_word' id='word_1_288' title='bbox 3277 1777 3520 1844; x_wconf 89' lang='lat' dir='ltr'><strong>solidos,</strong></span> 
     </span>
    </p>
   </div>
   <div class='ocr_carea' id='block_1_49' title="bbox 1872 1865 3518 1938">
    <p class='ocr_par' dir='ltr' id='par_1_49' title="bbox 1872 1865 3518 1938">
     <span class='ocr_line' id='line_1_49' title="bbox 1872 1865 3518 1938; baseline 0.002 -18"><span class='ocrx_word' id='word_1_289' title='bbox 1872 1865 2026 1922; x_wconf 89' lang='lat' dir='ltr'><strong>unde</strong></span> <span class='ocrx_word' id='word_1_290' title='bbox 2055 1865 2301 1922; x_wconf 87' lang='lat' dir='ltr'><strong>fratrum</strong></span> <span class='ocrx_word' id='word_1_291' title='bbox 2335 1867 2781 1922; x_wconf 87' lang='lat' dir='ltr'><strong>sustentabatur</strong></span> <span class='ocrx_word' id='word_1_292' title='bbox 2808 1865 3026 1938; x_wconf 88' lang='lat' dir='ltr'><strong>inopia,</strong></span> <span class='ocrx_word' id='word_1_293' title='bbox 3046 1865 3391 1938; x_wconf 88' lang='lat' dir='ltr'><strong>simpliciter</strong></span> <span class='ocrx_word' id='word_1_294' title='bbox 3421 1867 3518 1923; x_wconf 92' lang='lat' dir='ltr'><strong>ubi</strong></span> 
     </span>
    </p>
   </div>
   <div class='ocr_carea' id='block_1_50' title="bbox 1873 1955 3523 2028">
    <p class='ocr_par' dir='ltr' id='par_1_50' title="bbox 1873 1955 3523 2028">
     <span class='ocr_line' id='line_1_50' title="bbox 1873 1955 3523 2028; baseline -0.001 -17"><span class='ocrx_word' id='word_1_295' title='bbox 1873 1959 2063 2011; x_wconf 90' lang='lat' dir='ltr'><strong>metus</strong></span> <span class='ocrx_word' id='word_1_296' title='bbox 2095 1961 2363 2011; x_wconf 90' lang='lat' dir='ltr'><strong>suaserat</strong></span> <span class='ocrx_word' id='word_1_297' title='bbox 2382 1955 2480 2028; x_wconf 88' lang='lat' dir='ltr'><strong>(al.</strong></span> <span class='ocrx_word' id='word_1_298' title='bbox 2501 1956 2814 2027; x_wconf 88' lang='lat' dir='ltr'><strong>invaserat)</strong></span> <span class='ocrx_word' id='word_1_299' title='bbox 2837 1955 3164 2027; x_wconf 77' lang='lat' dir='ltr'><strong>projecit,et</strong></span> <span class='ocrx_word' id='word_1_300' title='bbox 3189 1956 3523 2011; x_wconf 88' lang='lat' dir='ltr'><strong>custodien-</strong></span> 
     </span>
    </p>
   </div>
   <div class='ocr_carea' id='block_1_51' title="bbox 1871 2043 3516 2116">
    <p class='ocr_par' dir='ltr' id='par_1_51' title="bbox 1871 2043 3516 2116">
     <span class='ocr_line' id='line_1_51' title="bbox 1871 2043 3516 2116; baseline 0 -18"><span class='ocrx_word' id='word_1_301' title='bbox 1871 2045 1977 2100; x_wconf 91' lang='lat' dir='ltr'><strong>dos</strong></span> <span class='ocrx_word' id='word_1_302' title='bbox 2012 2045 2105 2100; x_wconf 90' lang='lat' dir='ltr'><strong>Dei</strong></span> <span class='ocrx_word' id='word_1_303' title='bbox 2139 2043 2345 2116; x_wconf 89' lang='lat' dir='ltr'><strong>servis,</strong></span> <span class='ocrx_word' id='word_1_304' title='bbox 2375 2043 2488 2116; x_wconf 88' lang='lat' dir='ltr'><strong>ipsi</strong></span> <span class='ocrx_word' id='word_1_305' title='bbox 2521 2043 2636 2100; x_wconf 91' lang='lat' dir='ltr'><strong>Deo</strong></span> <span class='ocrx_word' id='word_1_306' title='bbox 2667 2045 3000 2101; x_wconf 88' lang='lat' dir='ltr'><strong>committit.</strong></span> <span class='ocrx_word' id='word_1_307' title='bbox 3034 2045 3077 2101; x_wconf 95' lang='grc' dir='ltr'>Ο</span> <span class='ocrx_word' id='word_1_308' title='bbox 3108 2044 3287 2099; x_wconf 88' lang='lat' dir='ltr'><strong>divini</strong></span> <span class='ocrx_word' id='word_1_309' title='bbox 3310 2044 3516 2116; x_wconf 91' lang='lat' dir='ltr'><strong>singu-</strong></span> 
     </span>
    </p>
   </div>
   <div class='ocr_carea' id='block_1_52' title="bbox 1868 2131 3517 2206">
    <p class='ocr_par' dir='ltr' id='par_1_52' title="bbox 1868 2131 3517 2206">
     <span class='ocr_line' id='line_1_52' title="bbox 1868 2131 3517 2206; baseline 0.001 -17"><span class='ocrx_word' id='word_1_310' title='bbox 1868 2131 2010 2191; x_wconf 89' lang='lat' dir='ltr'><strong>laris</strong></span> <span class='ocrx_word' id='word_1_311' title='bbox 2039 2135 2297 2206; x_wconf 90' lang='lat' dir='ltr'><strong>potentia</strong></span> <span class='ocrx_word' id='word_1_312' title='bbox 2335 2135 2601 2190; x_wconf 87' lang='lat' dir='ltr'><strong>miraculi</strong></span> <span class='ocrx_word' id='word_1_313' title='bbox 2640 2135 2652 2190; x_wconf 91' lang='lat' dir='ltr'><strong>l</strong></span> <span class='ocrx_word' id='word_1_314' title='bbox 2687 2134 2868 2191; x_wconf 89' lang='lat' dir='ltr'><strong>Nemo</strong></span> <span class='ocrx_word' id='word_1_315' title='bbox 2920 2134 3104 2190; x_wconf 89' lang='lat' dir='ltr'><strong>valuit</strong></span> <span class='ocrx_word' id='word_1_316' title='bbox 3133 2134 3352 2190; x_wconf 89' lang='lat' dir='ltr'><strong>solidos</strong></span> <span class='ocrx_word' id='word_1_317' title='bbox 3382 2134 3517 2190; x_wconf 87' lang='lat' dir='ltr'><strong>illos</strong></span> 
     </span>
    </p>
   </div>
   <div class='ocr_carea' id='block_1_53' title="bbox 1870 2222 3519 2296">
    <p class='ocr_par' dir='ltr' id='par_1_53' title="bbox 1870 2222 3519 2296">
     <span class='ocr_line' id='line_1_53' title="bbox 1870 2222 3519 2296; baseline 0 -18"><span class='ocrx_word' id='word_1_318' title='bbox 1870 2225 2158 2296; x_wconf 88' lang='lat' dir='ltr'><strong>projectos</strong></span> <span class='ocrx_word' id='word_1_319' title='bbox 2180 2224 2458 2296; x_wconf 85' lang='lat' dir='ltr'><strong>aspicere,</strong></span> <span class='ocrx_word' id='word_1_320' title='bbox 2477 2222 2676 2278; x_wconf 90' lang='lat' dir='ltr'><strong>nullus</strong></span> <span class='ocrx_word' id='word_1_321' title='bbox 2697 2223 3022 2295; x_wconf 87' lang='lat' dir='ltr'><strong>permissus</strong></span> <span class='ocrx_word' id='word_1_322' title='bbox 3039 2222 3356 2279; x_wconf 89' lang='lat' dir='ltr'><strong>estvictum</strong></span> <span class='ocrx_word' id='word_1_323' title='bbox 3377 2239 3519 2296; x_wconf 88' lang='lat' dir='ltr'><strong>pau-</strong></span> 
     </span>
    </p>
   </div>
   <div class='ocr_carea' id='block_1_54' title="bbox 1868 2311 3519 2386">
    <p class='ocr_par' dir='ltr' id='par_1_54' title="bbox 1868 2311 3519 2386">
     <span class='ocr_line' id='line_1_54' title="bbox 1868 2311 3519 2386; baseline -0.001 -17"><span class='ocrx_word' id='word_1_324' title='bbox 1868 2329 2073 2384; x_wconf 89' lang='lat' dir='ltr'><strong>perum</strong></span> <span class='ocrx_word' id='word_1_325' title='bbox 2108 2313 2464 2386; x_wconf 89' lang='lat' dir='ltr'><strong>pauperibus</strong></span> <span class='ocrx_word' id='word_1_326' title='bbox 2485 2313 2689 2368; x_wconf 91' lang='lat' dir='ltr'><strong>tollere</strong></span> <span class='ocrx_word' id='word_1_327' title='bbox 2715 2327 2727 2367; x_wconf 92' lang='lat'>:</span> <span class='ocrx_word' id='word_1_328' title='bbox 2757 2313 2857 2368; x_wconf 88' lang='lat' dir='ltr'><strong>sed</strong></span> <span class='ocrx_word' id='word_1_329' title='bbox 2891 2312 2974 2368; x_wconf 90' lang='lat' dir='ltr'><strong>illi</strong></span> <span class='ocrx_word' id='word_1_330' title='bbox 3009 2311 3116 2369; x_wconf 87' lang='lat' dir='ltr'><strong>soli</strong></span> <span class='ocrx_word' id='word_1_331' title='bbox 3151 2313 3251 2386; x_wconf 86' lang='lat' dir='ltr'><strong>qui</strong></span> <span class='ocrx_word' id='word_1_332' title='bbox 3283 2313 3367 2369; x_wconf 89' lang='lat' dir='ltr'><strong>sic</strong></span> <span class='ocrx_word' id='word_1_333' title='bbox 3391 2329 3519 2384; x_wconf 87' lang='lat' dir='ltr'><strong>pro-</strong></span> 
     </span>
    </p>
   </div>
   <div class='ocr_carea' id='block_1_55' title="bbox 1869 2401 3514 2475">
    <p class='ocr_par' dir='ltr' id='par_1_55' title="bbox 1869 2401 3514 2475">
     <span class='ocr_line' id='line_1_55' title="bbox 1869 2401 3514 2475; baseline -0.001 -17"><span class='ocrx_word' id='word_1_334' title='bbox 1869 2401 2046 2459; x_wconf 90' lang='lat' dir='ltr'><strong>bandi</strong></span> <span class='ocrx_word' id='word_1_335' title='bbox 2078 2403 2309 2458; x_wconf 86' lang='lat' dir='ltr'><strong>fuerant</strong></span> <span class='ocrx_word' id='word_1_336' title='bbox 2340 2406 2632 2467; x_wconf 90' lang='lat' dir='ltr'><strong>tenentur,</strong></span> <span class='ocrx_word' id='word_1_337' title='bbox 2669 2401 2947 2474; x_wconf 87' lang='lat' dir='ltr'><strong>ligantur,</strong></span> <span class='ocrx_word' id='word_1_338' title='bbox 2988 2401 3062 2458; x_wconf 89' lang='lat' dir='ltr'><strong>ad</strong></span> <span class='ocrx_word' id='word_1_339' title='bbox 3106 2401 3514 2475; x_wconf 83' lang='lat' dir='ltr'><strong>presbyterum</strong></span> 
     </span>
    </p>
   </div>
   <div class='ocr_carea' id='block_1_56' title="bbox 1871 2491 3518 2564">
    <p class='ocr_par' dir='ltr' id='par_1_56' title="bbox 1871 2491 3518 2564">
     <span class='ocr_line' id='line_1_56' title="bbox 1871 2491 3518 2564; baseline -0.002 -16"><span class='ocrx_word' id='word_1_340' title='bbox 1871 2493 2286 2564; x_wconf 87' lang='lat' dir='ltr'><strong>perducuntur.</strong></span> <span class='ocrx_word' id='word_1_341' title='bbox 2302 2493 2524 2559; x_wconf 90' lang='lat' dir='ltr'><strong>Quibus</strong></span> <span class='ocrx_word' id='word_1_342' title='bbox 2538 2509 2636 2548; x_wconf 89' lang='lat' dir='ltr'><strong>ore</strong></span> <span class='ocrx_word' id='word_1_343' title='bbox 2650 2492 2894 2548; x_wconf 90' lang='lat' dir='ltr'><strong>terribili</strong></span> <span class='ocrx_word' id='word_1_344' title='bbox 2913 2491 3200 2547; x_wconf 88' lang='lat' dir='ltr'><strong>violentus</strong></span> <span class='ocrx_word' id='word_1_345' title='bbox 3217 2491 3518 2562; x_wconf 83' lang='lat' dir='ltr'><strong>presbyter</strong></span> 
     </span>
    </p>
   </div>
   <div class='ocr_carea' id='block_1_57' title="bbox 1868 2578 3517 2655">
    <p class='ocr_par' dir='ltr' id='par_1_57' title="bbox 1868 2578 3517 2655">
     <span class='ocr_line' id='line_1_57' title="bbox 1868 2578 3517 2655; baseline -0.001 -19"><span class='ocrx_word' id='word_1_346' title='bbox 1868 2581 2116 2646; x_wconf 87' lang='lat' dir='ltr'><strong>intonat,</strong></span> <span class='ocrx_word' id='word_1_347' title='bbox 2143 2586 2256 2638; x_wconf 89' lang='lat' dir='ltr'><strong>Cur</strong></span> <span class='ocrx_word' id='word_1_348' title='bbox 2285 2599 2352 2638; x_wconf 79' lang='lat' dir='ltr'><strong>ex</strong></span> <span class='ocrx_word' id='word_1_349' title='bbox 2381 2585 2588 2638; x_wconf 86' lang='lat' dir='ltr'><strong>vestris</strong></span> <span class='ocrx_word' id='word_1_350' title='bbox 2617 2582 2952 2655; x_wconf 88' lang='lat' dir='ltr'><strong>regionibus</strong></span> <span class='ocrx_word' id='word_1_351' title='bbox 3001 2579 3224 2636; x_wconf 88' lang='lat' dir='ltr'><strong>occulte</strong></span> <span class='ocrx_word' id='word_1_352' title='bbox 3273 2578 3517 2636; x_wconf 87' lang='lat' dir='ltr'><strong>venistis</strong></span> 
     </span>
    </p>
   </div>
   <div class='ocr_carea' id='block_1_58' title="bbox 1868 2667 3528 2745">
    <p class='ocr_par' dir='ltr' id='par_1_58' title="bbox 1868 2667 3528 2745">
     <span class='ocr_line' id='line_1_58' title="bbox 1868 2667 3528 2745; baseline -0.003 -19"><span class='ocrx_word' id='word_1_353' title='bbox 1868 2670 2230 2727; x_wconf 84' lang='lat' dir='ltr'><strong>Cbrislianos</strong></span> <span class='ocrx_word' id='word_1_354' title='bbox 2263 2688 2427 2745; x_wconf 89' lang='lat' dir='ltr'><strong>reges</strong></span> <span class='ocrx_word' id='word_1_355' title='bbox 2458 2677 2712 2728; x_wconf 86' lang='lat' dir='ltr'><strong>evertere</strong></span> <span class='ocrx_word' id='word_1_356' title='bbox 2732 2675 2760 2726; x_wconf 86' lang='lat'><em>?</em></span> <span class='ocrx_word' id='word_1_357' title='bbox 2789 2671 2940 2727; x_wconf 87' lang='lat' dir='ltr'><strong>Bene</strong></span> <span class='ocrx_word' id='word_1_358' title='bbox 2969 2670 3125 2726; x_wconf 89' lang='lat' dir='ltr'><strong>enim</strong></span> <span class='ocrx_word' id='word_1_359' title='bbox 3160 2669 3338 2725; x_wconf 90' lang='lat' dir='ltr'><strong>miser</strong></span> <span class='ocrx_word' id='word_1_360' title='bbox 3362 2667 3528 2723; x_wconf 89' lang='lat' dir='ltr'><strong>Chri-</strong></span> 
     </span>
    </p>
   </div>
   <div class='ocr_carea' id='block_1_59' title="bbox 1868 2757 3522 2833">
    <p class='ocr_par' dir='ltr' id='par_1_59' title="bbox 1868 2757 3522 2833">
     <span class='ocr_line' id='line_1_59' title="bbox 1868 2757 3522 2833; baseline -0.004 -16"><span class='ocrx_word' id='word_1_361' title='bbox 1868 2762 2092 2817; x_wconf 88' lang='lat' dir='ltr'><strong>stianos</strong></span> <span class='ocrx_word' id='word_1_362' title='bbox 2125 2777 2291 2833; x_wconf 84' lang='lat' dir='ltr'><strong>reges</strong></span> <span class='ocrx_word' id='word_1_363' title='bbox 2321 2777 2449 2817; x_wconf 89' lang='lat' dir='ltr'><strong>esse</strong></span> <span class='ocrx_word' id='word_1_364' title='bbox 2480 2759 2732 2829; x_wconf 89' lang='lat' dir='ltr'><strong>dicebat,</strong></span> <span class='ocrx_word' id='word_1_365' title='bbox 2756 2761 2813 2815; x_wconf 91' lang='lat' dir='ltr'><strong>in</strong></span> <span class='ocrx_word' id='word_1_366' title='bbox 2847 2759 3062 2833; x_wconf 90' lang='lat' dir='ltr'><strong>quibus</strong></span> <span class='ocrx_word' id='word_1_367' title='bbox 3089 2758 3386 2814; x_wconf 88' lang='lat' dir='ltr'><strong>Christum</strong></span> <span class='ocrx_word' id='word_1_368' title='bbox 3416 2757 3522 2812; x_wconf 83' lang='lat' dir='ltr'><strong>Re-</strong></span> 
     </span>
    </p>
   </div>
   <div class='ocr_carea' id='block_1_60' title="bbox 1867 2847 3522 2923">
    <p class='ocr_par' dir='ltr' id='par_1_60' title="bbox 1867 2847 3522 2923">
     <span class='ocr_line' id='line_1_60' title="bbox 1867 2847 3522 2923; baseline -0.002 -17"><span class='ocrx_word' id='word_1_369' title='bbox 1867 2868 1997 2923; x_wconf 85' lang='lat' dir='ltr'><strong>gem</strong></span> <span class='ocrx_word' id='word_1_370' title='bbox 2033 2868 2235 2922; x_wconf 89' lang='lat' dir='ltr'><strong>regum</strong></span> <span class='ocrx_word' id='word_1_371' title='bbox 2270 2851 2678 2907; x_wconf 87' lang='lat' dir='ltr'><strong>miserabiliter</strong></span> <span class='ocrx_word' id='word_1_372' title='bbox 2707 2850 3137 2918; x_wconf 85' lang='lat' dir='ltr'><strong>exsufflaverat,</strong></span> <span class='ocrx_word' id='word_1_373' title='bbox 3169 2854 3227 2904; x_wconf 89' lang='lat' dir='ltr'><strong>et</strong></span> <span class='ocrx_word' id='word_1_374' title='bbox 3257 2865 3401 2919; x_wconf 88' lang='lat' dir='ltr'><strong>quos</strong></span> <span class='ocrx_word' id='word_1_375' title='bbox 3435 2847 3522 2903; x_wconf 84' lang='lat' dir='ltr'><strong>Fi-</strong></span> 
     </span>
    </p>
   </div>
   <div class='ocr_carea' id='block_1_61' title="bbox 1865 2936 3525 3013">
    <p class='ocr_par' dir='ltr' id='par_1_61' title="bbox 1865 2936 3525 3013">
     <span class='ocr_line' id='line_1_61' title="bbox 1865 2936 3525 3013; baseline -0.002 -17"><span class='ocrx_word' id='word_1_376' title='bbox 1865 2940 2009 2997; x_wconf 81' lang='lat' dir='ltr'><strong>lium</strong></span> <span class='ocrx_word' id='word_1_377' title='bbox 2046 2941 2198 2996; x_wconf 87' lang='lat' dir='ltr'><strong>Patri</strong></span> <span class='ocrx_word' id='word_1_378' title='bbox 2231 2939 2513 3013; x_wconf 85' lang='lat' dir='ltr'><strong>aequalem</strong></span> <span class='ocrx_word' id='word_1_379' title='bbox 2548 2957 2760 3013; x_wconf 89' lang='lat' dir='ltr'><strong>negare</strong></span> <span class='ocrx_word' id='word_1_380' title='bbox 2792 2937 3005 2995; x_wconf 91' lang='lat' dir='ltr'><strong>similis</strong></span> <span class='ocrx_word' id='word_1_381' title='bbox 3039 2936 3394 2993; x_wconf 79' lang='lat' dir='ltr'><strong>Antichristo</strong></span> <span class='ocrx_word' id='word_1_382' title='bbox 3421 2937 3525 2992; x_wconf 86' lang='lat' dir='ltr'><strong>do-</strong></span> 
     </span>
    </p>
   </div>
   <div class='ocr_carea' id='block_1_62' title="bbox 1868 3026 3520 3102">
    <p class='ocr_par' dir='ltr' id='par_1_62' title="bbox 1868 3026 3520 3102">
     <span class='ocr_line' id='line_1_62' title="bbox 1868 3026 3520 3102; baseline -0.002 -18"><span class='ocrx_word' id='word_1_383' title='bbox 1868 3035 2087 3085; x_wconf 90' lang='lat' dir='ltr'><strong>cuerat.</strong></span> <span class='ocrx_word' id='word_1_384' title='bbox 2124 3030 2248 3085; x_wconf 91' lang='lat' dir='ltr'><strong>lllis</strong></span> <span class='ocrx_word' id='word_1_385' title='bbox 2279 3029 2350 3102; x_wconf 70' lang='grc' dir='ltr'><strong>(η</strong></span> <span class='ocrx_word' id='word_1_386' title='bbox 2382 3030 2450 3084; x_wconf 90' lang='lat' dir='ltr'><strong>ad</strong></span> <span class='ocrx_word' id='word_1_387' title='bbox 2505 3029 2624 3085; x_wconf 72' lang='lat' dir='ltr'><strong>haec</strong></span> <span class='ocrx_word' id='word_1_388' title='bbox 2677 3027 3066 3084; x_wconf 68' lang='lat' dir='ltr'><strong>veracissimas</strong></span> <span class='ocrx_word' id='word_1_389' title='bbox 3118 3026 3520 3099; x_wconf 88' lang='lat' dir='ltr'><strong>responsionis</strong></span> 
     </span>
    </p>
   </div>
   <div class='ocr_carea' id='block_1_63' title="bbox 1865 3116 3517 3192">
    <p class='ocr_par' dir='ltr' id='par_1_63' title="bbox 1865 3116 3517 3192">
     <span class='ocr_line' id='line_1_63' title="bbox 1865 3116 3517 3192; baseline -0.003 -17"><span class='ocrx_word' id='word_1_390' title='bbox 1865 3119 2042 3175; x_wconf 88' lang='lat' dir='ltr'><strong>verba</strong></span> <span class='ocrx_word' id='word_1_391' title='bbox 2091 3120 2458 3192; x_wconf 88' lang='lat' dir='ltr'><strong>parantibus,</strong></span> <span class='ocrx_word' id='word_1_392' title='bbox 2510 3119 2711 3175; x_wconf 89' lang='lat' dir='ltr'><strong>inferri</strong></span> <span class='ocrx_word' id='word_1_393' title='bbox 2762 3117 3034 3192; x_wconf 65' lang='lat' dir='ltr'><strong>praecepit</strong></span> <span class='ocrx_word' id='word_1_394' title='bbox 3085 3117 3324 3173; x_wconf 90' lang='lat' dir='ltr'><strong>verbera</strong></span> <span class='ocrx_word' id='word_1_395' title='bbox 3389 3116 3517 3190; x_wconf 89' lang='lat' dir='ltr'><strong>pri-</strong></span> 
     </span>
    </p>
   </div>
   <div class='ocr_carea' id='block_1_64' title="bbox 1876 3209 2077 3265">
    <p class='ocr_par' dir='ltr' id='par_1_64' title="bbox 1876 3209 2077 3265">
     <span class='ocr_line' id='line_1_64' title="bbox 1876 3209 2077 3265; baseline 0.01 -2"><span class='ocrx_word' id='word_1_396' title='bbox 1876 3209 2077 3265; x_wconf 88' lang='lat' dir='ltr'><strong>mitus.</strong></span> 
     </span>
    </p>
   </div>
   <div class='ocr_carea' id='block_1_65' title="bbox 109 3261 3523 3370">
    <p class='ocr_par' dir='ltr' id='par_1_65' title="bbox 109 3261 3523 3370">
     <span class='ocr_line' id='line_1_65' title="bbox 109 3261 3523 3370; baseline -0.001 -19"><span class='ocrx_word' id='word_1_397' title='bbox 109 3298 260 3354; x_wconf 89' lang='lat' dir='ltr'><strong>inter</strong></span> <span class='ocrx_word' id='word_1_398' title='bbox 285 3261 560 3355; x_wconf 64' lang='lat' dir='ltr'><strong>homines</strong></span> <span class='ocrx_word' id='word_1_399' title='bbox 591 3261 772 3367; x_wconf 49' lang='lat' dir='ltr'><strong>Plialix,</strong></span> <span class='ocrx_word' id='word_1_400' title='bbox 807 3299 911 3355; x_wconf 90' lang='lat' dir='ltr'><strong>sed</strong></span> <span class='ocrx_word' id='word_1_401' title='bbox 939 3261 1203 3354; x_wconf 64' lang='lat' dir='ltr'><strong>voluntas</strong></span> <span class='ocrx_word' id='word_1_402' title='bbox 1247 3261 1529 3355; x_wconf 41' lang='lat' dir='ltr'><strong>advejrsus</strong></span> <span class='ocrx_word' id='word_1_403' title='bbox 1583 3300 1756 3354; x_wconf 88' lang='lat' dir='ltr'><strong>Deum</strong></span> <span class='ocrx_word' id='word_1_404' title='bbox 1791 3261 1834 3330; x_wconf 66' lang='grc' dir='ltr'>ο</span> <span class='ocrx_word' id='word_1_405' title='bbox 1945 3300 2030 3353; x_wconf 84' lang='grc'><strong>19.</strong></span> <span class='ocrx_word' id='word_1_406' title='bbox 2067 3298 2250 3370; x_wconf 88' lang='lat' dir='ltr'><strong>Igitur</strong></span> <span class='ocrx_word' id='word_1_407' title='bbox 2281 3297 2438 3353; x_wconf 85' lang='lat' dir='ltr'><strong>Felix</strong></span> <span class='ocrx_word' id='word_1_408' title='bbox 2468 3297 2647 3353; x_wconf 87' lang='lat' dir='ltr'><strong>abbas</strong></span> <span class='ocrx_word' id='word_1_409' title='bbox 2697 3295 3027 3352; x_wconf 89' lang='lat' dir='ltr'><strong>vehementi</strong></span> <span class='ocrx_word' id='word_1_410' title='bbox 3080 3296 3319 3350; x_wconf 88' lang='lat' dir='ltr'><strong>caritate</strong></span> <span class='ocrx_word' id='word_1_411' title='bbox 3352 3311 3523 3350; x_wconf 89' lang='lat' dir='ltr'><strong>com-</strong></span> 
     </span>
    </p>
   </div>
   <div class='ocr_carea' id='block_1_66' title="bbox 110 3389 1763 3462">
    <p class='ocr_par' dir='ltr' id='par_1_66' title="bbox 110 3389 1763 3462">
     <span class='ocr_line' id='line_1_66' title="bbox 110 3389 1763 3462; baseline 0.002 -19"><span class='ocrx_word' id='word_1_412' title='bbox 110 3405 344 3462; x_wconf 83' lang='lat' dir='ltr'><strong>semper</strong></span> <span class='ocrx_word' id='word_1_413' title='bbox 372 3391 612 3458; x_wconf 86' lang='lat' dir='ltr'><strong>infelix;</strong></span> <span class='ocrx_word' id='word_1_414' title='bbox 639 3391 876 3446; x_wconf 89' lang='lat' dir='ltr'><strong>natione</strong></span> <span class='ocrx_word' id='word_1_415' title='bbox 908 3390 1218 3458; x_wconf 90' lang='lat' dir='ltr'><strong>barbarus,</strong></span> <span class='ocrx_word' id='word_1_416' title='bbox 1251 3389 1518 3445; x_wconf 89' lang='lat' dir='ltr'><strong>moribus</strong></span> <span class='ocrx_word' id='word_1_417' title='bbox 1549 3405 1763 3460; x_wconf 62' lang='lat' dir='ltr'><strong>savus,</strong></span> 
     </span>
    </p>
   </div>
   <div class='ocr_carea' id='block_1_67' title="bbox 114 3477 1767 3553">
    <p class='ocr_par' dir='ltr' id='par_1_67' title="bbox 114 3477 1767 3553">
     <span class='ocr_line' id='line_1_67' title="bbox 114 3477 1767 3553; baseline 0.002 -22"><span class='ocrx_word' id='word_1_418' title='bbox 114 3479 489 3536; x_wconf 84' lang='lat' dir='ltr'><strong>facultatibus</strong></span> <span class='ocrx_word' id='word_1_419' title='bbox 523 3479 1179 3553; x_wconf 88' lang='lat' dir='ltr'><strong>potens,catbolicorum</strong></span> <span class='ocrx_word' id='word_1_420' title='bbox 1204 3483 1538 3551; x_wconf 90' lang='lat' dir='ltr'><strong>persecutor</strong></span> <span class='ocrx_word' id='word_1_421' title='bbox 1561 3477 1767 3534; x_wconf 89' lang='lat' dir='ltr'><strong>acerri-</strong></span> 
     </span>
    </p>
   </div>
   <div class='ocr_carea' id='block_1_68' title="bbox 116 3568 1763 3642">
    <p class='ocr_par' dir='ltr' id='par_1_68' title="bbox 116 3568 1763 3642">
     <span class='ocr_line' id='line_1_68' title="bbox 116 3568 1763 3642; baseline 0.001 -20"><span class='ocrx_word' id='word_1_422' title='bbox 116 3584 270 3635; x_wconf 89' lang='lat' dir='ltr'><strong>mus,</strong></span> <span class='ocrx_word' id='word_1_423' title='bbox 311 3571 385 3642; x_wconf 89' lang='lat' dir='ltr'><strong>(c)</strong></span> <span class='ocrx_word' id='word_1_424' title='bbox 439 3571 589 3625; x_wconf 89' lang='lat' dir='ltr'><strong>beati</strong></span> <span class='ocrx_word' id='word_1_425' title='bbox 625 3569 917 3642; x_wconf 84' lang='lat' dir='ltr'><strong>Fulgentii</strong></span> <span class='ocrx_word' id='word_1_426' title='bbox 944 3585 1152 3626; x_wconf 89' lang='lat' dir='ltr'><strong>nomen</strong></span> <span class='ocrx_word' id='word_1_427' title='bbox 1185 3569 1244 3623; x_wconf 91' lang='lat' dir='ltr'><strong>in</strong></span> <span class='ocrx_word' id='word_1_428' title='bbox 1278 3568 1394 3624; x_wconf 89' lang='lat' dir='ltr'><strong>illis</strong></span> <span class='ocrx_word' id='word_1_429' title='bbox 1427 3568 1763 3641; x_wconf 89' lang='lat' dir='ltr'><strong>regionibus</strong></span> 
     </span>
    </p>
   </div>
   <div class='ocr_carea' id='block_1_69' title="bbox 114 3657 1764 3731">
    <p class='ocr_par' dir='ltr' id='par_1_69' title="bbox 114 3657 1764 3731">
     <span class='ocr_line' id='line_1_69' title="bbox 114 3657 1764 3731; baseline 0.001 -19"><span class='ocrx_word' id='word_1_430' title='bbox 114 3657 336 3715; x_wconf 84' lang='lat' dir='ltr'><strong>clarum</strong></span> <span class='ocrx_word' id='word_1_431' title='bbox 369 3660 494 3716; x_wconf 83' lang='lat' dir='ltr'><strong>fieri</strong></span> <span class='ocrx_word' id='word_1_432' title='bbox 530 3661 815 3728; x_wconf 87' lang='lat' dir='ltr'><strong>sentiens,</strong></span> <span class='ocrx_word' id='word_1_433' title='bbox 849 3659 1315 3716; x_wconf 87' lang='lat' dir='ltr'><strong>reconciliandos</strong></span> <span class='ocrx_word' id='word_1_434' title='bbox 1348 3658 1568 3715; x_wconf 88' lang='lat' dir='ltr'><strong>multos</strong></span> <span class='ocrx_word' id='word_1_435' title='bbox 1616 3674 1764 3731; x_wconf 89' lang='lat' dir='ltr'><strong>quos</strong></span> 
     </span>
    </p>
   </div>
   <div class='ocr_carea' id='block_1_70' title="bbox 116 3747 1761 3821">
    <p class='ocr_par' dir='ltr' id='par_1_70' title="bbox 116 3747 1761 3821">
     <span class='ocr_line' id='line_1_70' title="bbox 116 3747 1761 3821; baseline 0.001 -19"><span class='ocrx_word' id='word_1_436' title='bbox 116 3748 338 3805; x_wconf 88' lang='lat' dir='ltr'><strong>occulte</strong></span> <span class='ocrx_word' id='word_1_437' title='bbox 367 3750 695 3820; x_wconf 86' lang='lat' dir='ltr'><strong>deceperat,</strong></span> <span class='ocrx_word' id='word_1_438' title='bbox 730 3748 1090 3821; x_wconf 86' lang='lat' dir='ltr'><strong>suspicatur.</strong></span> <span class='ocrx_word' id='word_1_439' title='bbox 1123 3748 1238 3804; x_wconf 89' lang='lat' dir='ltr'><strong>Nec</strong></span> <span class='ocrx_word' id='word_1_440' title='bbox 1277 3748 1467 3804; x_wconf 89' lang='lat' dir='ltr'><strong>virum</strong></span> <span class='ocrx_word' id='word_1_441' title='bbox 1517 3747 1761 3820; x_wconf 91' lang='lat' dir='ltr'><strong>dignum</strong></span> 
     </span>
    </p>
   </div>
   <div class='ocr_carea' id='block_1_71' title="bbox 112 3837 1760 3910">
    <p class='ocr_par' dir='ltr' id='par_1_71' title="bbox 112 3837 1760 3910">
     <span class='ocr_line' id='line_1_71' title="bbox 112 3837 1760 3910; baseline -0.002 -16"><span class='ocrx_word' id='word_1_442' title='bbox 112 3839 460 3910; x_wconf 73' lang='lat' dir='ltr'><strong>sacerdotio,</strong></span> <span class='ocrx_word' id='word_1_443' title='bbox 478 3855 615 3895; x_wconf 90' lang='lat' dir='ltr'><strong>vere</strong></span> <span class='ocrx_word' id='word_1_444' title='bbox 637 3837 831 3895; x_wconf 87' lang='lat' dir='ltr'><strong>adhuc</strong></span> <span class='ocrx_word' id='word_1_445' title='bbox 853 3854 983 3895; x_wconf 88' lang='lat' dir='ltr'><strong>esse</strong></span> <span class='ocrx_word' id='word_1_446' title='bbox 1005 3837 1359 3894; x_wconf 88' lang='lat' dir='ltr'><strong>monachum</strong></span> <span class='ocrx_word' id='word_1_447' title='bbox 1383 3837 1760 3904; x_wconf 87' lang='lat' dir='ltr'><strong>credidit,sed</strong></span> 
     </span>
    </p>
   </div>
   <div class='ocr_carea' id='block_1_72' title="bbox 110 3926 1765 3990">
    <p class='ocr_par' dir='ltr' id='par_1_72' title="bbox 110 3926 1765 3990">
     <span class='ocr_line' id='line_1_72' title="bbox 110 3926 1765 3990; baseline 0.001 -9"><span class='ocrx_word' id='word_1_448' title='bbox 110 3943 242 3984; x_wconf 86' lang='lat' dir='ltr'><strong>eum</strong></span> <span class='ocrx_word' id='word_1_449' title='bbox 275 3931 388 3985; x_wconf 88' lang='lat' dir='ltr'><strong>sub</strong></span> <span class='ocrx_word' id='word_1_450' title='bbox 421 3930 626 3985; x_wconf 88' lang='lat' dir='ltr'><strong>habitu</strong></span> <span class='ocrx_word' id='word_1_451' title='bbox 661 3929 956 3990; x_wconf 82' lang='lat' dir='ltr'><strong>monachi.</strong></span> <span class='ocrx_word' id='word_1_452' title='bbox 1009 3927 1330 3984; x_wconf 85' lang='lat' dir='ltr'><strong>sacerdotis</strong></span> <span class='ocrx_word' id='word_1_453' title='bbox 1361 3927 1620 3984; x_wconf 86' lang='lat' dir='ltr'><strong>officium</strong></span> <span class='ocrx_word' id='word_1_454' title='bbox 1650 3926 1765 3983; x_wconf 87' lang='lat' dir='ltr'><strong>im-</strong></span> 
     </span>
    </p>
   </div>
   <div class='ocr_carea' id='block_1_73' title="bbox 108 4015 1765 4091">
    <p class='ocr_par' dir='ltr' id='par_1_73' title="bbox 108 4015 1765 4091">
     <span class='ocr_line' id='line_1_73' title="bbox 108 4015 1765 4091; baseline 0.001 -21"><span class='ocrx_word' id='word_1_455' title='bbox 108 4016 264 4086; x_wconf 87' lang='lat' dir='ltr'><strong>plere</strong></span> <span class='ocrx_word' id='word_1_456' title='bbox 277 4024 462 4091; x_wconf 88' lang='lat' dir='ltr'><strong>putat.</strong></span> <span class='ocrx_word' id='word_1_457' title='bbox 474 4020 541 4074; x_wconf 84' lang='lat' dir='ltr'><strong>Et</strong></span> <span class='ocrx_word' id='word_1_458' title='bbox 555 4034 754 4074; x_wconf 90' lang='lat' dir='ltr'><strong>revera</strong></span> <span class='ocrx_word' id='word_1_459' title='bbox 773 4016 1094 4074; x_wconf 88' lang='lat' dir='ltr'><strong>sacerdotis</strong></span> <span class='ocrx_word' id='word_1_460' title='bbox 1114 4015 1309 4072; x_wconf 80' lang='lat' dir='ltr'><strong>officia</strong></span> <span class='ocrx_word' id='word_1_461' title='bbox 1321 4034 1372 4071; x_wconf 82' lang='grc' dir='ltr'>ω</span> <span class='ocrx_word' id='word_1_462' title='bbox 1388 4016 1765 4072; x_wconf 89' lang='lat' dir='ltr'><strong>laudabiliter</strong></span> 
     </span>
    </p>
   </div>
   <div class='ocr_carea' id='block_1_74' title="bbox 110 4106 1760 4180">
    <p class='ocr_par' dir='ltr' id='par_1_74' title="bbox 110 4106 1760 4180">
     <span class='ocr_line' id='line_1_74' title="bbox 110 4106 1760 4180; baseline 0.002 -21"><span class='ocrx_word' id='word_1_463' title='bbox 110 4107 276 4166; x_wconf 81' lang='lat' dir='ltr'><strong>etiam</strong></span> <span class='ocrx_word' id='word_1_464' title='bbox 309 4115 451 4164; x_wconf 88' lang='lat' dir='ltr'><strong>tunc</strong></span> <span class='ocrx_word' id='word_1_465' title='bbox 480 4108 782 4178; x_wconf 89' lang='lat' dir='ltr'><strong>implebat,</strong></span> <span class='ocrx_word' id='word_1_466' title='bbox 807 4107 886 4180; x_wconf 77' lang='grc' dir='ltr'><strong>(ά)</strong></span> <span class='ocrx_word' id='word_1_467' title='bbox 911 4123 1026 4163; x_wconf 90' lang='lat' dir='ltr'><strong>non</strong></span> <span class='ocrx_word' id='word_1_468' title='bbox 1049 4107 1276 4177; x_wconf 88' lang='lat' dir='ltr'><strong>aliquos</strong></span> <span class='ocrx_word' id='word_1_469' title='bbox 1309 4106 1760 4174; x_wconf 88' lang='lat' dir='ltr'><strong>reconciliando,</strong></span> 
     </span>
    </p>
   </div>
   <div class='ocr_carea' id='block_1_75' title="bbox 109 4194 1765 4270">
    <p class='ocr_par' dir='ltr' id='par_1_75' title="bbox 109 4194 1765 4270">
     <span class='ocr_line' id='line_1_75' title="bbox 109 4194 1765 4270; baseline 0 -20"><span class='ocrx_word' id='word_1_470' title='bbox 109 4197 211 4250; x_wconf 83' lang='lat' dir='ltr'><strong>sed</strong></span> <span class='ocrx_word' id='word_1_471' title='bbox 239 4213 445 4253; x_wconf 88' lang='lat' dir='ltr'><strong>omnes</strong></span> <span class='ocrx_word' id='word_1_472' title='bbox 474 4214 626 4270; x_wconf 89' lang='lat' dir='ltr'><strong>quos</strong></span> <span class='ocrx_word' id='word_1_473' title='bbox 649 4197 940 4268; x_wconf 88' lang='lat' dir='ltr'><strong>attingere</strong></span> <span class='ocrx_word' id='word_1_474' title='bbox 966 4200 1211 4267; x_wconf 90' lang='lat' dir='ltr'><strong>poterat,</strong></span> <span class='ocrx_word' id='word_1_475' title='bbox 1245 4195 1314 4251; x_wconf 90' lang='lat' dir='ltr'><strong>ad</strong></span> <span class='ocrx_word' id='word_1_476' title='bbox 1346 4194 1765 4250; x_wconf 84' lang='lat' dir='ltr'><strong>reconciliatio-</strong></span> 
     </span>
    </p>
   </div>
   <div class='ocr_carea' id='block_1_76' title="bbox 113 4285 1761 4355">
    <p class='ocr_par' dir='ltr' id='par_1_76' title="bbox 113 4285 1761 4355">
     <span class='ocr_line' id='line_1_76' title="bbox 113 4285 1761 4355; baseline 0.001 -18"><span class='ocrx_word' id='word_1_477' title='bbox 113 4300 243 4341; x_wconf 83' lang='lat' dir='ltr'><strong>nem</strong></span> <span class='ocrx_word' id='word_1_478' title='bbox 275 4286 638 4344; x_wconf 87' lang='lat' dir='ltr'><strong>salutaribus</strong></span> <span class='ocrx_word' id='word_1_479' title='bbox 691 4285 935 4341; x_wconf 89' lang='lat' dir='ltr'><strong>monitis</strong></span> <span class='ocrx_word' id='word_1_480' title='bbox 983 4285 1304 4341; x_wconf 87' lang='lat' dir='ltr'><strong>invitando.</strong></span> <span class='ocrx_word' id='word_1_481' title='bbox 1339 4285 1521 4355; x_wconf 89' lang='lat' dir='ltr'><strong>Cujus</strong></span> <span class='ocrx_word' id='word_1_482' title='bbox 1569 4299 1761 4339; x_wconf 89' lang='lat' dir='ltr'><strong>sermo</strong></span> 
     </span>
    </p>
   </div>
   <div class='ocr_carea' id='block_1_77' title="bbox 112 4371 1760 4446">
    <p class='ocr_par' dir='ltr' id='par_1_77' title="bbox 112 4371 1760 4446">
     <span class='ocr_line' id='line_1_77' title="bbox 112 4371 1760 4446; baseline 0 -20"><span class='ocrx_word' id='word_1_483' title='bbox 112 4375 300 4431; x_wconf 89' lang='lat' dir='ltr'><strong>dulcis</strong></span> <span class='ocrx_word' id='word_1_484' title='bbox 330 4383 388 4432; x_wconf 89' lang='lat' dir='ltr'><strong>et</strong></span> <span class='ocrx_word' id='word_1_485' title='bbox 417 4376 785 4446; x_wconf 84' lang='lat' dir='ltr'><strong>rectus,quia</strong></span> <span class='ocrx_word' id='word_1_486' title='bbox 817 4376 964 4429; x_wconf 90' lang='lat' dir='ltr'><strong>dura</strong></span> <span class='ocrx_word' id='word_1_487' title='bbox 987 4391 1221 4446; x_wconf 90' lang='lat' dir='ltr'><strong>quoque</strong></span> <span class='ocrx_word' id='word_1_488' title='bbox 1242 4375 1418 4428; x_wconf 89' lang='lat' dir='ltr'><strong>corda</strong></span> <span class='ocrx_word' id='word_1_489' title='bbox 1445 4371 1760 4440; x_wconf 88' lang='lat' dir='ltr'><strong>molliebat,</strong></span> 
     </span>
    </p>
   </div>
   <div class='ocr_carea' id='block_1_78' title="bbox 114 4464 1763 4537">
    <p class='ocr_par' dir='ltr' id='par_1_78' title="bbox 114 4464 1763 4537">
     <span class='ocr_line' id='line_1_78' title="bbox 114 4464 1763 4537; baseline 0.001 -21"><span class='ocrx_word' id='word_1_490' title='bbox 114 4479 217 4517; x_wconf 84' lang='lat' dir='ltr'><strong>nec</strong></span> <span class='ocrx_word' id='word_1_491' title='bbox 248 4466 535 4523; x_wconf 87' lang='lat' dir='ltr'><strong>immerito</strong></span> <span class='ocrx_word' id='word_1_492' title='bbox 568 4465 726 4520; x_wconf 88' lang='lat' dir='ltr'><strong>hunc</strong></span> <span class='ocrx_word' id='word_1_493' title='bbox 759 4465 1160 4537; x_wconf 72' lang='lat' dir='ltr'><strong>presbyterum</strong></span> <span class='ocrx_word' id='word_1_494' title='bbox 1197 4464 1280 4518; x_wconf 89' lang='lat' dir='ltr'><strong>sic</strong></span> <span class='ocrx_word' id='word_1_495' title='bbox 1306 4464 1508 4517; x_wconf 80' lang='lat' dir='ltr'><strong>timere</strong></span> <span class='ocrx_word' id='word_1_496' title='bbox 1533 4479 1634 4534; x_wconf 91' lang='lat' dir='ltr'><strong>pro</strong></span> <span class='ocrx_word' id='word_1_497' title='bbox 1657 4478 1763 4517; x_wconf 89' lang='lat' dir='ltr'><strong>sua</strong></span> 
     </span>
    </p>
   </div>
   <div class='ocr_carea' id='block_1_79' title="bbox 116 4553 797 4628">
    <p class='ocr_par' dir='ltr' id='par_1_79' title="bbox 116 4553 797 4628">
     <span class='ocr_line' id='line_1_79' title="bbox 116 4553 797 4628; baseline 0.007 -23"><span class='ocrx_word' id='word_1_498' title='bbox 116 4553 353 4621; x_wconf 78' lang='lat' dir='ltr'><strong>perfidia</strong></span> <span class='ocrx_word' id='word_1_499' title='bbox 381 4554 797 4628; x_wconf 90' lang='lat' dir='ltr'><strong>compellebat.</strong></span> 
     </span>
    </p>
   </div>
   <div class='ocr_carea' id='block_1_80' title="bbox 1873 3384 3525 3457">
    <p class='ocr_par' dir='ltr' id='par_1_80' title="bbox 1873 3384 3525 3457">
     <span class='ocr_line' id='line_1_80' title="bbox 1873 3384 3525 3457; baseline -0.003 -14"><span class='ocrx_word' id='word_1_500' title='bbox 1873 3393 2090 3455; x_wconf 88' lang='lat' dir='ltr'><strong>motus,</strong></span> <span class='ocrx_word' id='word_1_501' title='bbox 2125 3387 2368 3453; x_wconf 88' lang='lat' dir='ltr'><strong>Parcite,</strong></span> <span class='ocrx_word' id='word_1_502' title='bbox 2402 3388 2502 3456; x_wconf 89' lang='lat' dir='ltr'><strong>ait,</strong></span> <span class='ocrx_word' id='word_1_503' title='bbox 2528 3386 2690 3441; x_wconf 86' lang='lat' dir='ltr'><strong>fratri</strong></span> <span class='ocrx_word' id='word_1_504' title='bbox 2715 3384 3042 3457; x_wconf 86' lang='lat' dir='ltr'><strong>Fulgentio,</strong></span> <span class='ocrx_word' id='word_1_505' title='bbox 3066 3384 3165 3455; x_wconf 92' lang='lat' dir='ltr'><strong>qui</strong></span> <span class='ocrx_word' id='word_1_506' title='bbox 3190 3400 3304 3438; x_wconf 90' lang='lat' dir='ltr'><strong>non</strong></span> <span class='ocrx_word' id='word_1_507' title='bbox 3333 3386 3525 3454; x_wconf 87' lang='lat' dir='ltr'><strong>potest</strong></span> 
     </span>
    </p>
   </div>
   <div class='ocr_carea' id='block_1_81' title="bbox 1872 3472 3516 3548">
    <p class='ocr_par' dir='ltr' id='par_1_81' title="bbox 1872 3472 3516 3548">
     <span class='ocr_line' id='line_1_81' title="bbox 1872 3472 3516 3548; baseline -0.004 -15"><span class='ocrx_word' id='word_1_508' title='bbox 1872 3481 2161 3534; x_wconf 85' lang='lat' dir='ltr'><strong>tormenta</strong></span> <span class='ocrx_word' id='word_1_509' title='bbox 2194 3478 2462 3548; x_wconf 87' lang='lat' dir='ltr'><strong>perferre.</strong></span> <span class='ocrx_word' id='word_1_510' title='bbox 2498 3474 2684 3531; x_wconf 87' lang='lat' dir='ltr'><strong>Nolite</strong></span> <span class='ocrx_word' id='word_1_511' title='bbox 2717 3475 2898 3529; x_wconf 83' lang='lat' dir='ltr'><strong>istum</strong></span> <span class='ocrx_word' id='word_1_512' title='bbox 2951 3473 3170 3529; x_wconf 62' lang='lat' dir='ltr'><strong>caedere</strong></span> <span class='ocrx_word' id='word_1_513' title='bbox 3217 3472 3364 3527; x_wconf 90' lang='lat' dir='ltr'><strong>inter</strong></span> <span class='ocrx_word' id='word_1_514' title='bbox 3412 3487 3516 3527; x_wconf 80' lang='lat' dir='ltr'><strong>ve-</strong></span> 
     </span>
    </p>
   </div>
   <div class='ocr_carea' id='block_1_82' title="bbox 1873 3560 3519 3625">
    <p class='ocr_par' dir='ltr' id='par_1_82' title="bbox 1873 3560 3519 3625">
     <span class='ocr_line' id='line_1_82' title="bbox 1873 3560 3519 3625; baseline -0.004 0"><span class='ocrx_word' id='word_1_515' title='bbox 1873 3573 2026 3625; x_wconf 87' lang='lat' dir='ltr'><strong>stras</strong></span> <span class='ocrx_word' id='word_1_516' title='bbox 2047 3581 2254 3622; x_wconf 87' lang='lat' dir='ltr'><strong>manus</strong></span> <span class='ocrx_word' id='word_1_517' title='bbox 2278 3565 2522 3623; x_wconf 86' lang='lat' dir='ltr'><strong>forsitan</strong></span> <span class='ocrx_word' id='word_1_518' title='bbox 2547 3564 2917 3620; x_wconf 90' lang='lat' dir='ltr'><strong>moriturum.</strong></span> <span class='ocrx_word' id='word_1_519' title='bbox 2938 3564 3316 3618; x_wconf 89' lang='lat' dir='ltr'><strong>Couvertatur</strong></span> <span class='ocrx_word' id='word_1_520' title='bbox 3339 3560 3398 3615; x_wconf 90' lang='lat' dir='ltr'><strong>in</strong></span> <span class='ocrx_word' id='word_1_521' title='bbox 3425 3578 3519 3618; x_wconf 90' lang='lat' dir='ltr'><strong>me</strong></span> 
     </span>
    </p>
   </div>
   <div class='ocr_carea' id='block_1_83' title="bbox 1869 3652 3520 3728">
    <p class='ocr_par' dir='ltr' id='par_1_83' title="bbox 1869 3652 3520 3728">
     <span class='ocr_line' id='line_1_83' title="bbox 1869 3652 3520 3728; baseline -0.005 -14"><span class='ocrx_word' id='word_1_522' title='bbox 1869 3662 2064 3714; x_wconf 88' lang='lat' dir='ltr'><strong>vestra</strong></span> <span class='ocrx_word' id='word_1_523' title='bbox 2086 3657 2402 3713; x_wconf 89' lang='lat' dir='ltr'><strong>crudelitas</strong></span> <span class='ocrx_word' id='word_1_524' title='bbox 2428 3673 2442 3713; x_wconf 89' lang='lat'><strong>:</strong></span> <span class='ocrx_word' id='word_1_525' title='bbox 2471 3672 2575 3728; x_wconf 91' lang='lat' dir='ltr'><strong>ego</strong></span> <span class='ocrx_word' id='word_1_526' title='bbox 2599 3655 2719 3710; x_wconf 92' lang='lat' dir='ltr'><strong>scio</strong></span> <span class='ocrx_word' id='word_1_527' title='bbox 2742 3653 2882 3726; x_wconf 91' lang='lat' dir='ltr'><strong>quid</strong></span> <span class='ocrx_word' id='word_1_528' title='bbox 2905 3653 3204 3720; x_wconf 87' lang='lat' dir='ltr'><strong>confitear,</strong></span> <span class='ocrx_word' id='word_1_529' title='bbox 3228 3652 3288 3706; x_wconf 90' lang='lat' dir='ltr'><strong>in</strong></span> <span class='ocrx_word' id='word_1_530' title='bbox 3316 3667 3408 3706; x_wconf 91' lang='lat' dir='ltr'><strong>me</strong></span> <span class='ocrx_word' id='word_1_531' title='bbox 3430 3654 3520 3706; x_wconf 89' lang='lat' dir='ltr'><strong>est</strong></span> 
     </span>
    </p>
   </div>
   <div class='ocr_carea' id='block_1_84' title="bbox 1871 3741 3518 3813">
    <p class='ocr_par' dir='ltr' id='par_1_84' title="bbox 1871 3741 3518 3813">
     <span class='ocr_line' id='line_1_84' title="bbox 1871 3741 3518 3813; baseline -0.005 -9"><span class='ocrx_word' id='word_1_532' title='bbox 1871 3747 2064 3804; x_wconf 89' lang='lat' dir='ltr'><strong>omnis</strong></span> <span class='ocrx_word' id='word_1_533' title='bbox 2096 3764 2294 3803; x_wconf 88' lang='lat' dir='ltr'><strong>causa.</strong></span> <span class='ocrx_word' id='word_1_534' title='bbox 2315 3746 2476 3802; x_wconf 89' lang='lat' dir='ltr'><strong>Tunc</strong></span> <span class='ocrx_word' id='word_1_535' title='bbox 2498 3742 2830 3800; x_wconf 89' lang='lat' dir='ltr'><strong>dilectionis</strong></span> <span class='ocrx_word' id='word_1_536' title='bbox 2854 3741 3241 3798; x_wconf 87' lang='lat' dir='ltr'><strong>admiratione</strong></span> <span class='ocrx_word' id='word_1_537' title='bbox 3263 3741 3518 3813; x_wconf 86' lang='lat' dir='ltr'><strong>stupefa-</strong></span> 
     </span>
    </p>
   </div>
   <div class='ocr_carea' id='block_1_85' title="bbox 1871 3831 3522 3908">
    <p class='ocr_par' dir='ltr' id='par_1_85' title="bbox 1871 3831 3522 3908">
     <span class='ocr_line' id='line_1_85' title="bbox 1871 3831 3522 3908; baseline -0.005 -15"><span class='ocrx_word' id='word_1_538' title='bbox 1871 3842 2020 3905; x_wconf 89' lang='lat' dir='ltr'><strong>ctus,</strong></span> <span class='ocrx_word' id='word_1_539' title='bbox 2046 3834 2326 3893; x_wconf 89' lang='lat' dir='ltr'><strong>removeri</strong></span> <span class='ocrx_word' id='word_1_540' title='bbox 2349 3835 2649 3908; x_wconf 88' lang='lat' dir='ltr'><strong>paulisper</strong></span> <span class='ocrx_word' id='word_1_541' title='bbox 2669 3834 2908 3889; x_wconf 91' lang='lat' dir='ltr'><strong>beatum</strong></span> <span class='ocrx_word' id='word_1_542' title='bbox 2938 3831 3306 3904; x_wconf 81' lang='lat' dir='ltr'><strong>Fulgentium</strong></span> <span class='ocrx_word' id='word_1_543' title='bbox 3327 3831 3522 3902; x_wconf 84' lang='lat' dir='ltr'><strong>jubet,</strong></span> 
     </span>
    </p>
   </div>
   <div class='ocr_carea' id='block_1_86' title="bbox 1870 3920 3522 4000">
    <p class='ocr_par' dir='ltr' id='par_1_86' title="bbox 1870 3920 3522 4000">
     <span class='ocr_line' id='line_1_86' title="bbox 1870 3920 3522 4000; baseline -0.005 -16"><span class='ocrx_word' id='word_1_544' title='bbox 1870 3932 2044 4000; x_wconf 86' lang='lat' dir='ltr'><strong>atque</strong></span> <span class='ocrx_word' id='word_1_545' title='bbox 2062 3927 2228 3983; x_wconf 90' lang='lat' dir='ltr'><strong>illum</strong></span> <span class='ocrx_word' id='word_1_546' title='bbox 2247 3925 2483 4000; x_wconf 88' lang='lat' dir='ltr'><strong>gravius</strong></span> <span class='ocrx_word' id='word_1_547' title='bbox 2505 3925 2646 3981; x_wconf 69' lang='lat' dir='ltr'><strong>caedi</strong></span> <span class='ocrx_word' id='word_1_548' title='bbox 2668 3922 2956 3980; x_wconf 86' lang='lat' dir='ltr'><strong>ministris</strong></span> <span class='ocrx_word' id='word_1_549' title='bbox 2980 3921 3312 3978; x_wconf 70' lang='lat' dir='ltr'><strong>saevissimis</strong></span> <span class='ocrx_word' id='word_1_550' title='bbox 3338 3920 3522 3992; x_wconf 91' lang='lat' dir='ltr'><strong>impe-</strong></span> 
     </span>
    </p>
   </div>
   <div class='ocr_carea' id='block_1_87' title="bbox 1870 4009 3515 4074">
    <p class='ocr_par' dir='ltr' id='par_1_87' title="bbox 1870 4009 3515 4074">
     <span class='ocr_line' id='line_1_87' title="bbox 1870 4009 3515 4074; baseline -0.005 -1"><span class='ocrx_word' id='word_1_551' title='bbox 1870 4017 2148 4074; x_wconf 88' lang='lat' dir='ltr'><strong>rat.Tunc</strong></span> <span class='ocrx_word' id='word_1_552' title='bbox 2179 4015 2350 4072; x_wconf 88' lang='lat' dir='ltr'><strong>hilari</strong></span> <span class='ocrx_word' id='word_1_553' title='bbox 2368 4014 2560 4071; x_wconf 87' lang='lat' dir='ltr'><strong>animo</strong></span> <span class='ocrx_word' id='word_1_554' title='bbox 2576 4013 2925 4070; x_wconf 84' lang='lat' dir='ltr'><strong>Felixabbas</strong></span> <span class='ocrx_word' id='word_1_555' title='bbox 2949 4011 3289 4068; x_wconf 88' lang='lat' dir='ltr'><strong>verberibus</strong></span> <span class='ocrx_word' id='word_1_556' title='bbox 3311 4009 3515 4066; x_wconf 86' lang='lat' dir='ltr'><strong>subdi-</strong></span> 
     </span>
    </p>
   </div>
   <div class='ocr_carea' id='block_1_88' title="bbox 1867 4098 3516 4176">
    <p class='ocr_par' dir='ltr' id='par_1_88' title="bbox 1867 4098 3516 4176">
     <span class='ocr_line' id='line_1_88' title="bbox 1867 4098 3516 4176; baseline -0.004 -16"><span class='ocrx_word' id='word_1_557' title='bbox 1867 4109 1982 4162; x_wconf 87' lang='lat' dir='ltr'><strong>tur.</strong></span> <span class='ocrx_word' id='word_1_558' title='bbox 2015 4103 2284 4161; x_wconf 90' lang='lat' dir='ltr'><strong>Dolorem</strong></span> <span class='ocrx_word' id='word_1_559' title='bbox 2317 4105 2533 4176; x_wconf 88' lang='lat' dir='ltr'><strong>quippe</strong></span> <span class='ocrx_word' id='word_1_560' title='bbox 2564 4121 2695 4158; x_wconf 90' lang='lat' dir='ltr'><strong>cum</strong></span> <span class='ocrx_word' id='word_1_561' title='bbox 2726 4103 2940 4174; x_wconf 82' lang='lat' dir='ltr'><strong>gaudio</strong></span> <span class='ocrx_word' id='word_1_562' title='bbox 2974 4099 3326 4167; x_wconf 87' lang='lat' dir='ltr'><strong>sustinebat,</strong></span> <span class='ocrx_word' id='word_1_563' title='bbox 3375 4098 3516 4170; x_wconf 87' lang='lat' dir='ltr'><strong>quia</strong></span> 
     </span>
    </p>
   </div>
   <div class='ocr_carea' id='block_1_89' title="bbox 1869 4187 3514 4266">
    <p class='ocr_par' dir='ltr' id='par_1_89' title="bbox 1869 4187 3514 4266">
     <span class='ocr_line' id='line_1_89' title="bbox 1869 4187 3514 4266; baseline -0.005 -16"><span class='ocrx_word' id='word_1_564' title='bbox 1869 4189 2105 4252; x_wconf 88' lang='lat' dir='ltr'><strong>beatum</strong></span> <span class='ocrx_word' id='word_1_565' title='bbox 2141 4194 2513 4266; x_wconf 87' lang='lat' dir='ltr'><strong>Fulgentium</strong></span> <span class='ocrx_word' id='word_1_566' title='bbox 2548 4193 2693 4248; x_wconf 88' lang='lat' dir='ltr'><strong>nihil</strong></span> <span class='ocrx_word' id='word_1_567' title='bbox 2726 4192 2915 4246; x_wconf 90' lang='lat' dir='ltr'><strong>adhuc</strong></span> <span class='ocrx_word' id='word_1_568' title='bbox 2949 4191 3065 4261; x_wconf 89' lang='lat' dir='ltr'><strong>pati</strong></span> <span class='ocrx_word' id='word_1_569' title='bbox 3096 4189 3346 4244; x_wconf 90' lang='lat' dir='ltr'><strong>videbat.</strong></span> <span class='ocrx_word' id='word_1_570' title='bbox 3369 4187 3514 4243; x_wconf 88' lang='lat' dir='ltr'><strong>Ecce</strong></span> 
     </span>
    </p>
   </div>
   <div class='ocr_carea' id='block_1_90' title="bbox 1870 4278 3516 4358">
    <p class='ocr_par' dir='ltr' id='par_1_90' title="bbox 1870 4278 3516 4358">
     <span class='ocr_line' id='line_1_90' title="bbox 1870 4278 3516 4358; baseline -0.007 -17"><span class='ocrx_word' id='word_1_571' title='bbox 1870 4285 2064 4358; x_wconf 86' lang='lat' dir='ltr'><strong>qualis</strong></span> <span class='ocrx_word' id='word_1_572' title='bbox 2089 4283 2197 4339; x_wconf 89' lang='lat' dir='ltr'><strong>fuit</strong></span> <span class='ocrx_word' id='word_1_573' title='bbox 2220 4285 2425 4339; x_wconf 90' lang='lat' dir='ltr'><strong>beatus</strong></span> <span class='ocrx_word' id='word_1_574' title='bbox 2447 4281 2787 4353; x_wconf 85' lang='lat' dir='ltr'><strong>Fulgentius</strong></span> <span class='ocrx_word' id='word_1_575' title='bbox 2807 4279 2958 4334; x_wconf 89' lang='lat' dir='ltr'><strong>circa</strong></span> <span class='ocrx_word' id='word_1_576' title='bbox 2980 4278 3220 4346; x_wconf 90' lang='lat' dir='ltr'><strong>amicos,</strong></span> <span class='ocrx_word' id='word_1_577' title='bbox 3244 4282 3309 4331; x_wconf 90' lang='lat' dir='ltr'><strong>ut</strong></span> <span class='ocrx_word' id='word_1_578' title='bbox 3330 4292 3516 4346; x_wconf 90' lang='lat' dir='ltr'><strong>usque</strong></span> 
     </span>
    </p>
   </div>
   <div class='ocr_carea' id='block_1_91' title="bbox 1870 4364 3520 4442">
    <p class='ocr_par' dir='ltr' id='par_1_91' title="bbox 1870 4364 3520 4442">
     <span class='ocr_line' id='line_1_91' title="bbox 1870 4364 3520 4442; baseline -0.007 -12"><span class='ocrx_word' id='word_1_579' title='bbox 1870 4376 1936 4430; x_wconf 90' lang='lat' dir='ltr'><strong>ad</strong></span> <span class='ocrx_word' id='word_1_580' title='bbox 1977 4379 2220 4430; x_wconf 76' lang='lat' dir='ltr'><strong>mortem</strong></span> <span class='ocrx_word' id='word_1_581' title='bbox 2269 4370 2434 4442; x_wconf 90' lang='lat' dir='ltr'><strong>diligi</strong></span> <span class='ocrx_word' id='word_1_582' title='bbox 2480 4373 2818 4424; x_wconf 84' lang='lat' dir='ltr'><strong>mereretur.</strong></span> <span class='ocrx_word' id='word_1_583' title='bbox 2878 4368 2993 4420; x_wconf 87' lang='lat' dir='ltr'><strong>Ista</strong></span> <span class='ocrx_word' id='word_1_584' title='bbox 3042 4366 3259 4436; x_wconf 89' lang='lat' dir='ltr'><strong>quippe</strong></span> <span class='ocrx_word' id='word_1_585' title='bbox 3307 4364 3520 4418; x_wconf 90' lang='lat' dir='ltr'><strong>caritas</strong></span> 
     </span>
    </p>
   </div>
   <div class='ocr_carea' id='block_1_92' title="bbox 1869 4451 3524 4528">
    <p class='ocr_par' dir='ltr' id='par_1_92' title="bbox 1869 4451 3524 4528">
     <span class='ocr_line' id='line_1_92' title="bbox 1869 4451 3524 4528; baseline -0.008 -10"><span class='ocrx_word' id='word_1_586' title='bbox 1869 4463 2020 4519; x_wconf 88' lang='lat' dir='ltr'><strong>beati</strong></span> <span class='ocrx_word' id='word_1_587' title='bbox 2039 4458 2821 4528; x_wconf 74' lang='lat' dir='ltr'><strong>Felicis,vitmilliussanctm</strong></span> <span class='ocrx_word' id='word_1_588' title='bbox 2853 4470 3128 4524; x_wconf 88' lang='lat' dir='ltr'><strong>magnum</strong></span> <span class='ocrx_word' id='word_1_589' title='bbox 3155 4451 3422 4524; x_wconf 89' lang='lat' dir='ltr'><strong>perhibet</strong></span> <span class='ocrx_word' id='word_1_590' title='bbox 3444 4457 3524 4506; x_wconf 88' lang='lat' dir='ltr'><strong>te-</strong></span> 
     </span>
    </p>
   </div>
   <div class='ocr_carea' id='block_1_93' title="bbox 1871 4539 3517 4620">
    <p class='ocr_par' dir='ltr' id='par_1_93' title="bbox 1871 4539 3517 4620">
     <span class='ocr_line' id='line_1_93' title="bbox 1871 4539 3517 4620; baseline -0.007 -13"><span class='ocrx_word' id='word_1_591' title='bbox 1871 4551 2238 4607; x_wconf 88' lang='lat' dir='ltr'><strong>stimonium.</strong></span> <span class='ocrx_word' id='word_1_592' title='bbox 2271 4550 2469 4620; x_wconf 88' lang='lat' dir='ltr'><strong>Neque</strong></span> <span class='ocrx_word' id='word_1_593' title='bbox 2485 4545 2641 4601; x_wconf 91' lang='lat' dir='ltr'><strong>enim</strong></span> <span class='ocrx_word' id='word_1_594' title='bbox 2659 4544 2908 4601; x_wconf 82' lang='lat' dir='ltr'><strong>salutem</strong></span> <span class='ocrx_word' id='word_1_595' title='bbox 2935 4559 3104 4598; x_wconf 88' lang='lat' dir='ltr'><strong>suam</strong></span> <span class='ocrx_word' id='word_1_596' title='bbox 3127 4559 3228 4614; x_wconf 90' lang='lat' dir='ltr'><strong>pro</strong></span> <span class='ocrx_word' id='word_1_597' title='bbox 3250 4539 3411 4596; x_wconf 89' lang='lat' dir='ltr'><strong>illius</strong></span> <span class='ocrx_word' id='word_1_598' title='bbox 3428 4557 3517 4596; x_wconf 87' lang='lat' dir='ltr'><strong>sa-</strong></span> 
     </span>
    </p>
   </div>
   <div class='ocr_carea' id='block_1_94' title="bbox 187 4627 3516 4716">
    <p class='ocr_par' dir='ltr' id='par_1_94' title="bbox 187 4627 3516 4716">
     <span class='ocr_line' id='line_1_94' title="bbox 187 4627 3516 4716; baseline -0.003 -20"><span class='ocrx_word' id='word_1_599' title='bbox 187 4643 485 4716; x_wconf 70' lang='lat' dir='ltr'><strong>18.Arripit</strong></span> <span class='ocrx_word' id='word_1_600' title='bbox 510 4627 696 4716; x_wconf 88' lang='lat' dir='ltr'><strong>igitur</strong></span> <span class='ocrx_word' id='word_1_601' title='bbox 712 4644 1034 4715; x_wconf 80' lang='lat' dir='ltr'><strong>presbyter,</strong></span> <span class='ocrx_word' id='word_1_602' title='bbox 1056 4641 1252 4697; x_wconf 87' lang='lat' dir='ltr'><strong>insani</strong></span> <span class='ocrx_word' id='word_1_603' title='bbox 1272 4641 1484 4697; x_wconf 89' lang='lat' dir='ltr'><strong>furoris</strong></span> <span class='ocrx_word' id='word_1_604' title='bbox 1507 4639 1762 4696; x_wconf 88' lang='lat' dir='ltr'><strong>stimulis</strong></span> <span class='ocrx_word' id='word_1_605' title='bbox 1790 4627 1842 4695; x_wconf 83' lang='grc' dir='ltr'><strong>Ι)</strong></span> <span class='ocrx_word' id='word_1_606' title='bbox 1876 4643 1995 4696; x_wconf 89' lang='lat' dir='ltr'><strong>lute</strong></span> <span class='ocrx_word' id='word_1_607' title='bbox 2026 4641 2368 4711; x_wconf 86' lang='lat' dir='ltr'><strong>despiceret,</strong></span> <span class='ocrx_word' id='word_1_608' title='bbox 2404 4635 2517 4692; x_wconf 91' lang='lat' dir='ltr'><strong>nisi</strong></span> <span class='ocrx_word' id='word_1_609' title='bbox 2552 4634 2666 4690; x_wconf 86' lang='lat' dir='ltr'><strong>sibi</strong></span> <span class='ocrx_word' id='word_1_610' title='bbox 2688 4633 2987 4707; x_wconf 87' lang='lat' dir='ltr'><strong>primitus,</strong></span> <span class='ocrx_word' id='word_1_611' title='bbox 3009 4636 3066 4688; x_wconf 89' lang='lat' dir='ltr'><strong>et</strong></span> <span class='ocrx_word' id='word_1_612' title='bbox 3087 4631 3288 4690; x_wconf 77' lang='lat' dir='ltr'><strong>multis</strong></span> <span class='ocrx_word' id='word_1_613' title='bbox 3313 4630 3516 4686; x_wconf 92' lang='lat' dir='ltr'><strong>utilem</strong></span> 
     </span>
    </p>
   </div>
   <div class='ocr_carea' id='block_1_95' title="bbox 117 4718 3516 4802">
    <p class='ocr_par' dir='ltr' id='par_1_95' title="bbox 117 4718 3516 4802">
     <span class='ocr_line' id='line_1_95' title="bbox 117 4718 3516 4802; baseline -0.003 -19"><span class='ocrx_word' id='word_1_614' title='bbox 117 4733 452 4802; x_wconf 85' lang='lat' dir='ltr'><strong>concitatus,</strong></span> <span class='ocrx_word' id='word_1_615' title='bbox 486 4750 688 4789; x_wconf 88' lang='lat' dir='ltr'><strong>servos</strong></span> <span class='ocrx_word' id='word_1_616' title='bbox 719 4731 818 4788; x_wconf 90' lang='lat' dir='ltr'><strong>Dei</strong></span> <span class='ocrx_word' id='word_1_617' title='bbox 852 4732 1168 4787; x_wconf 83' lang='lat' dir='ltr'><strong>crudeliter</strong></span> <span class='ocrx_word' id='word_1_618' title='bbox 1215 4731 1508 4802; x_wconf 88' lang='lat' dir='ltr'><strong>persequi,</strong></span> <span class='ocrx_word' id='word_1_619' title='bbox 1556 4733 1612 4784; x_wconf 88' lang='lat' dir='ltr'><strong>et</strong></span> <span class='ocrx_word' id='word_1_620' title='bbox 1661 4745 1760 4800; x_wconf 90' lang='lat' dir='ltr'><strong>per</strong></span> <span class='ocrx_word' id='word_1_621' title='bbox 1862 4729 2310 4802; x_wconf 86' lang='lat' dir='ltr'><strong>jocundumque</strong></span> <span class='ocrx_word' id='word_1_622' title='bbox 2343 4724 2606 4782; x_wconf 87' lang='lat' dir='ltr'><strong>sentiret.</strong></span> <span class='ocrx_word' id='word_1_623' title='bbox 2643 4723 2951 4779; x_wconf 87' lang='lat' dir='ltr'><strong>Imitentur</strong></span> <span class='ocrx_word' id='word_1_624' title='bbox 2974 4727 3247 4792; x_wconf 87' lang='lat' dir='ltr'><strong>utrosque</strong></span> <span class='ocrx_word' id='word_1_625' title='bbox 3268 4718 3369 4792; x_wconf 87' lang='lat' dir='ltr'><strong>qui</strong></span> <span class='ocrx_word' id='word_1_626' title='bbox 3392 4719 3516 4792; x_wconf 86' lang='lat' dir='ltr'><strong>pla-</strong></span> 
     </span>
    </p>
   </div>
   <div class='ocr_carea' id='block_1_96' title="bbox 115 4818 1755 4890">
    <p class='ocr_par' dir='ltr' id='par_1_96' title="bbox 115 4818 1755 4890">
     <span class='ocr_line' id='line_1_96' title="bbox 115 4818 1755 4890; baseline -0.001 -18"><span class='ocrx_word' id='word_1_627' title='bbox 115 4833 310 4878; x_wconf 85' lang='lat' dir='ltr'><strong>omnes</strong></span> <span class='ocrx_word' id='word_1_628' title='bbox 338 4824 457 4879; x_wconf 88' lang='lat' dir='ltr'><strong>vias</strong></span> <span class='ocrx_word' id='word_1_629' title='bbox 479 4821 832 4878; x_wconf 89' lang='lat' dir='ltr'><strong>custodibus</strong></span> <span class='ocrx_word' id='word_1_630' title='bbox 865 4820 936 4890; x_wconf 88' lang='lat' dir='ltr'><strong>(e)</strong></span> <span class='ocrx_word' id='word_1_631' title='bbox 962 4819 1297 4876; x_wconf 88' lang='lat' dir='ltr'><strong>distributis</strong></span> <span class='ocrx_word' id='word_1_632' title='bbox 1325 4818 1755 4873; x_wconf 88' lang='lat' dir='ltr'><strong>ambulantium</strong></span> 
     </span>
    </p>
   </div>
   <div class='ocr_carea' id='block_1_97' title="bbox 122 4909 1762 4984">
    <p class='ocr_par' dir='ltr' id='par_1_97' title="bbox 122 4909 1762 4984">
     <span class='ocr_line' id='line_1_97' title="bbox 122 4909 1762 4984; baseline -0.004 -16"><span class='ocrx_word' id='word_1_633' title='bbox 122 4909 1562 4984; x_wconf 75' lang='lat' dir='ltr'><strong>simpliciterobsidetitincra.Necessariumquippe</strong></span> <span class='ocrx_word' id='word_1_634' title='bbox 1575 4910 1762 4963; x_wconf 89' lang='lat' dir='ltr'><strong>fuerat</strong></span> 
     </span>
    </p>
   </div>
   <div class='ocr_carea' id='block_1_98' title="bbox 122 4998 1757 5061">
    <p class='ocr_par' dir='ltr' id='par_1_98' title="bbox 122 4998 1757 5061">
     <span class='ocr_line' id='line_1_98' title="bbox 122 4998 1757 5061; baseline -0.001 -7"><span class='ocrx_word' id='word_1_635' title='bbox 122 5001 354 5061; x_wconf 80' lang='lat' dir='ltr'><strong>athletas</strong></span> <span class='ocrx_word' id='word_1_636' title='bbox 381 5004 732 5060; x_wconf 86' lang='lat' dir='ltr'><strong>fortissimos</strong></span> <span class='ocrx_word' id='word_1_637' title='bbox 765 5001 1113 5056; x_wconf 90' lang='lat' dir='ltr'><strong>voluntariis</strong></span> <span class='ocrx_word' id='word_1_638' title='bbox 1147 4998 1512 5056; x_wconf 67' lang='lat' dir='ltr'><strong>abstinentia:</strong></span> <span class='ocrx_word' id='word_1_639' title='bbox 1542 4998 1757 5054; x_wconf 90' lang='lat' dir='ltr'><strong>labori-</strong></span> 
     </span>
    </p>
   </div>
   <div class='ocr_carea' id='block_1_99' title="bbox 123 5091 1762 5163">
    <p class='ocr_par' dir='ltr' id='par_1_99' title="bbox 123 5091 1762 5163">
     <span class='ocr_line' id='line_1_99' title="bbox 123 5091 1762 5163; baseline 0.001 -18"><span class='ocrx_word' id='word_1_640' title='bbox 123 5091 220 5148; x_wconf 88' lang='lat' dir='ltr'><strong>bus</strong></span> <span class='ocrx_word' id='word_1_641' title='bbox 235 5096 304 5150; x_wconf 89' lang='lat' dir='ltr'><strong>ad</strong></span> <span class='ocrx_word' id='word_1_642' title='bbox 320 5093 915 5152; x_wconf 87' lang='lat' dir='ltr'><strong>omnemtolerantiam</strong></span> <span class='ocrx_word' id='word_1_643' title='bbox 927 5095 1272 5163; x_wconf 76' lang='lat' dir='ltr'><strong>praaparatos</strong></span> <span class='ocrx_word' id='word_1_644' title='bbox 1291 5091 1762 5163; x_wconf 86' lang='lat' dir='ltr'><strong>persequentium</strong></span> 
     </span>
    </p>
   </div>
   <div class='ocr_carea' id='block_1_100' title="bbox 121 5180 1757 5256">
    <p class='ocr_par' dir='ltr' id='par_1_100' title="bbox 121 5180 1757 5256">
     <span class='ocr_line' id='line_1_100' title="bbox 121 5180 1757 5256; baseline 0.002 -24"><span class='ocrx_word' id='word_1_645' title='bbox 121 5183 258 5236; x_wconf 81' lang='lat' dir='ltr'><strong>tradi</strong></span> <span class='ocrx_word' id='word_1_646' title='bbox 292 5184 595 5256; x_wconf 88' lang='lat' dir='ltr'><strong>paululum</strong></span> <span class='ocrx_word' id='word_1_647' title='bbox 631 5182 1000 5248; x_wconf 88' lang='lat' dir='ltr'><strong>manibus,ut</strong></span> <span class='ocrx_word' id='word_1_648' title='bbox 1026 5180 1382 5252; x_wconf 85' lang='lat' dir='ltr'><strong>martyrialis</strong></span> <span class='ocrx_word' id='word_1_649' title='bbox 1404 5181 1608 5252; x_wconf 79' lang='lat' dir='ltr'><strong>agonia</strong></span> <span class='ocrx_word' id='word_1_650' title='bbox 1633 5198 1757 5252; x_wconf 88' lang='lat' dir='ltr'><strong>par-</strong></span> 
     </span>
    </p>
   </div>
   <div class='ocr_carea' id='block_1_101' title="bbox 119 5269 1760 5345">
    <p class='ocr_par' dir='ltr' id='par_1_101' title="bbox 119 5269 1760 5345">
     <span class='ocr_line' id='line_1_101' title="bbox 119 5269 1760 5345; baseline 0.003 -23"><span class='ocrx_word' id='word_1_651' title='bbox 119 5269 307 5342; x_wconf 80' lang='lat' dir='ltr'><strong>ticipes</strong></span> <span class='ocrx_word' id='word_1_652' title='bbox 319 5271 1006 5345; x_wconf 71' lang='lat' dir='ltr'><strong>effecti,illatadiscerent</strong></span> <span class='ocrx_word' id='word_1_653' title='bbox 1036 5269 1329 5342; x_wconf 87' lang='lat' dir='ltr'><strong>supplicia</strong></span> <span class='ocrx_word' id='word_1_654' title='bbox 1348 5269 1594 5326; x_wconf 88' lang='lat' dir='ltr'><strong>tolerare</strong></span> <span class='ocrx_word' id='word_1_655' title='bbox 1611 5287 1760 5341; x_wconf 88' lang='lat' dir='ltr'><strong>;pro-</strong></span> 
     </span>
    </p>
   </div>
   <div class='ocr_carea' id='block_1_102' title="bbox 187 5417 1754 5490">
    <p class='ocr_par' dir='ltr' id='par_1_102' title="bbox 187 5417 1754 5490">
     <span class='ocr_line' id='line_1_102' title="bbox 187 5417 1754 5490; baseline 0.003 -18"><span class='ocrx_word' id='word_1_656' title='bbox 187 5417 264 5490; x_wconf 75' lang='lat' dir='ltr'><strong>(a)</strong></span> <span class='ocrx_word' id='word_1_657' title='bbox 290 5421 378 5477; x_wconf 92' lang='lat' dir='ltr'><strong>Sic</strong></span> <span class='ocrx_word' id='word_1_658' title='bbox 406 5424 544 5478; x_wconf 82' lang='lat' dir='ltr'><strong>Ant.</strong></span> <span class='ocrx_word' id='word_1_659' title='bbox 579 5418 800 5486; x_wconf 88' lang='lat' dir='ltr'><strong>Chiffl.,</strong></span> <span class='ocrx_word' id='word_1_660' title='bbox 835 5417 1146 5475; x_wconf 70' lang='lat' dir='ltr'><strong>barbaricae</strong></span> <span class='ocrx_word' id='word_1_661' title='bbox 1186 5417 1597 5489; x_wconf 66' lang='lat' dir='ltr'><strong>multitudinis;</strong></span> <span class='ocrx_word' id='word_1_662' title='bbox 1645 5437 1754 5480; x_wconf 86' lang='lat' dir='ltr'><strong>ms.</strong></span> 
     </span>
    </p>
   </div>
   <div class='ocr_carea' id='block_1_103' title="bbox 121 5491 634 5552">
    <p class='ocr_par' dir='ltr' id='par_1_103' title="bbox 121 5491 634 5552">
     <span class='ocr_line' id='line_1_103' title="bbox 121 5491 634 5552; baseline 0.012 -12"><span class='ocrx_word' id='word_1_663' title='bbox 121 5503 266 5552; x_wconf 84' lang='lat' dir='ltr'><strong>vero,</strong></span> <span class='ocrx_word' id='word_1_664' title='bbox 294 5491 634 5548; x_wconf 65' lang='lat' dir='ltr'><strong>Maurorum.</strong></span> 
     </span>
    </p>
   </div>
   <div class='ocr_carea' id='block_1_104' title="bbox 188 5560 1759 5636">
    <p class='ocr_par' dir='ltr' id='par_1_104' title="bbox 188 5560 1759 5636">
     <span class='ocr_line' id='line_1_104' title="bbox 188 5560 1759 5636; baseline -0.002 -12"><span class='ocrx_word' id='word_1_665' title='bbox 188 5564 256 5634; x_wconf 57' lang='grc' dir='ltr'><strong>(ὁ)</strong></span> <span class='ocrx_word' id='word_1_666' title='bbox 286 5569 388 5620; x_wconf 79' lang='lat' dir='ltr'><strong>Ms.</strong></span> <span class='ocrx_word' id='word_1_667' title='bbox 425 5569 628 5619; x_wconf 89' lang='lat' dir='ltr'><strong>noster</strong></span> <span class='ocrx_word' id='word_1_668' title='bbox 653 5578 787 5618; x_wconf 90' lang='lat' dir='ltr'><strong>cum</strong></span> <span class='ocrx_word' id='word_1_669' title='bbox 820 5562 1044 5635; x_wconf 87' lang='lat' dir='ltr'><strong>aliquot</strong></span> <span class='ocrx_word' id='word_1_670' title='bbox 1069 5562 1201 5636; x_wconf 88' lang='lat' dir='ltr'><strong>aliis</strong></span> <span class='ocrx_word' id='word_1_671' title='bbox 1232 5578 1264 5636; x_wconf 82' lang='lat' dir='ltr'><strong>a</strong></span> <span class='ocrx_word' id='word_1_672' title='bbox 1290 5560 1759 5636; x_wconf 70' lang='lat' dir='ltr'><strong>Cbifﬂ.visis,fa-</strong></span> 
     </span>
    </p>
   </div>
   <div class='ocr_carea' id='block_1_105' title="bbox 125 5632 1611 5707">
    <p class='ocr_par' dir='ltr' id='par_1_105' title="bbox 125 5632 1611 5707">
     <span class='ocr_line' id='line_1_105' title="bbox 125 5632 1611 5707; baseline 0.005 -23"><span class='ocrx_word' id='word_1_673' title='bbox 125 5632 256 5687; x_wconf 81' lang='lat' dir='ltr'><strong>rore.</strong></span> <span class='ocrx_word' id='word_1_674' title='bbox 294 5637 566 5707; x_wconf 85' lang='lat' dir='ltr'><strong>Idemque</strong></span> <span class='ocrx_word' id='word_1_675' title='bbox 600 5636 827 5707; x_wconf 67' lang='lat' dir='ltr'><strong>prefect</strong></span> <span class='ocrx_word' id='word_1_676' title='bbox 860 5632 991 5691; x_wconf 79' lang='lat' dir='ltr'><strong>Ant.</strong></span> <span class='ocrx_word' id='word_1_677' title='bbox 1024 5635 1204 5690; x_wconf 81' lang='lat' dir='ltr'><strong>editio</strong></span> <span class='ocrx_word' id='word_1_678' title='bbox 1235 5632 1296 5688; x_wconf 91' lang='lat' dir='ltr'><strong>in</strong></span> <span class='ocrx_word' id='word_1_679' title='bbox 1328 5649 1427 5689; x_wconf 90' lang='lat' dir='ltr'><strong>ora</strong></span> <span class='ocrx_word' id='word_1_680' title='bbox 1460 5633 1611 5691; x_wconf 89' lang='lat' dir='ltr'><strong>libri.</strong></span> 
     </span>
    </p>
   </div>
   <div class='ocr_carea' id='block_1_106' title="bbox 191 5706 1761 5779">
    <p class='ocr_par' dir='ltr' id='par_1_106' title="bbox 191 5706 1761 5779">
     <span class='ocr_line' id='line_1_106' title="bbox 191 5706 1761 5779; baseline -0.001 -13"><span class='ocrx_word' id='word_1_681' title='bbox 191 5707 254 5776; x_wconf 76' lang='grc' dir='ltr'><strong>(ε)</strong></span> <span class='ocrx_word' id='word_1_682' title='bbox 281 5709 367 5762; x_wconf 83' lang='lat' dir='ltr'><strong>Sic</strong></span> <span class='ocrx_word' id='word_1_683' title='bbox 399 5706 515 5762; x_wconf 84' lang='lat' dir='ltr'><strong>ms.</strong></span> <span class='ocrx_word' id='word_1_684' title='bbox 545 5706 749 5764; x_wconf 59' lang='lat' dir='ltr'><strong>ceteri</strong></span> <span class='ocrx_word' id='word_1_685' title='bbox 773 5706 860 5763; x_wconf 91' lang='lat' dir='ltr'><strong>sic</strong></span> <span class='ocrx_word' id='word_1_686' title='bbox 883 5707 1593 5779; x_wconf 75' lang='lat' dir='ltr'><strong>distinguunt,persecutor</strong></span> <span class='ocrx_word' id='word_1_687' title='bbox 1607 5723 1761 5764; x_wconf 87' lang='lat' dir='ltr'><strong>acer-</strong></span> 
     </span>
    </p>
   </div>
   <div class='ocr_carea' id='block_1_107' title="bbox 126 5777 607 5848">
    <p class='ocr_par' dir='ltr' id='par_1_107' title="bbox 126 5777 607 5848">
     <span class='ocr_line' id='line_1_107' title="bbox 126 5777 607 5848; baseline 0.015 -19"><span class='ocrx_word' id='word_1_688' title='bbox 126 5777 311 5835; x_wconf 73' lang='lat' dir='ltr'><strong>rimus.</strong></span> <span class='ocrx_word' id='word_1_689' title='bbox 343 5780 463 5848; x_wconf 76' lang='lat' dir='ltr'><strong>Hic,</strong></span> <span class='ocrx_word' id='word_1_690' title='bbox 495 5782 607 5836; x_wconf 86' lang='lat' dir='ltr'><strong>etc.</strong></span> 
     </span>
    </p>
   </div>
   <div class='ocr_carea' id='block_1_108' title="bbox 1869 4809 3514 4881">
    <p class='ocr_par' dir='ltr' id='par_1_108' title="bbox 1869 4809 3514 4881">
     <span class='ocr_line' id='line_1_108' title="bbox 1869 4809 3514 4881; baseline -0.007 -6"><span class='ocrx_word' id='word_1_691' title='bbox 1869 4837 1996 4875; x_wconf 87' lang='lat' dir='ltr'><strong>cere</strong></span> <span class='ocrx_word' id='word_1_692' title='bbox 2020 4818 2134 4874; x_wconf 90' lang='lat' dir='ltr'><strong>Deo</strong></span> <span class='ocrx_word' id='word_1_693' title='bbox 2161 4818 2516 4873; x_wconf 85' lang='lat' dir='ltr'><strong>desiderant.</strong></span> <span class='ocrx_word' id='word_1_694' title='bbox 2541 4813 2701 4870; x_wconf 80' lang='lat' dir='ltr'><strong>Alios</strong></span> <span class='ocrx_word' id='word_1_695' title='bbox 2721 4815 2924 4869; x_wconf 87' lang='lat' dir='ltr'><strong>doceat</strong></span> <span class='ocrx_word' id='word_1_696' title='bbox 2951 4814 3156 4868; x_wconf 85' lang='lat' dir='ltr'><strong>beatus</strong></span> <span class='ocrx_word' id='word_1_697' title='bbox 3180 4809 3514 4881; x_wconf 81' lang='lat' dir='ltr'><strong>Fulgentius</strong></span> 
     </span>
    </p>
   </div>
   <div class='ocr_carea' id='block_1_109' title="bbox 1870 4901 3519 4972">
    <p class='ocr_par' dir='ltr' id='par_1_109' title="bbox 1870 4901 3519 4972">
     <span class='ocr_line' id='line_1_109' title="bbox 1870 4901 3519 4972; baseline -0.008 -6"><span class='ocrx_word' id='word_1_698' title='bbox 1870 4910 1954 4966; x_wconf 93' lang='lat' dir='ltr'><strong>sic</strong></span> <span class='ocrx_word' id='word_1_699' title='bbox 1986 4909 2176 4962; x_wconf 90' lang='lat' dir='ltr'><strong>vivere</strong></span> <span class='ocrx_word' id='word_1_700' title='bbox 2209 4907 2360 4962; x_wconf 89' lang='lat' dir='ltr'><strong>inter</strong></span> <span class='ocrx_word' id='word_1_701' title='bbox 2391 4905 2620 4972; x_wconf 86' lang='lat' dir='ltr'><strong>fratres,</strong></span> <span class='ocrx_word' id='word_1_702' title='bbox 2647 4909 2711 4959; x_wconf 91' lang='lat' dir='ltr'><strong>ut</strong></span> <span class='ocrx_word' id='word_1_703' title='bbox 2740 4908 3032 4969; x_wconf 89' lang='lat' dir='ltr'><strong>amentur,</strong></span> <span class='ocrx_word' id='word_1_704' title='bbox 3087 4903 3409 4967; x_wconf 87' lang='lat' dir='ltr'><strong>foveantur,</strong></span> <span class='ocrx_word' id='word_1_705' title='bbox 3461 4901 3519 4953; x_wconf 89' lang='lat' dir='ltr'><strong>et</strong></span> 
     </span>
    </p>
   </div>
   <div class='ocr_carea' id='block_1_110' title="bbox 1867 4987 3519 5064">
    <p class='ocr_par' dir='ltr' id='par_1_110' title="bbox 1867 4987 3519 5064">
     <span class='ocr_line' id='line_1_110' title="bbox 1867 4987 3519 5064; baseline -0.008 -10"><span class='ocrx_word' id='word_1_706' title='bbox 1867 4996 1927 5054; x_wconf 90' lang='lat' dir='ltr'><strong>in</strong></span> <span class='ocrx_word' id='word_1_707' title='bbox 1943 5016 2008 5053; x_wconf 88' lang='lat' dir='ltr'><strong>su</strong></span> <span class='ocrx_word' id='word_1_708' title='bbox 2021 4997 2195 5052; x_wconf 91' lang='lat' dir='ltr'><strong>mmis</strong></span> <span class='ocrx_word' id='word_1_709' title='bbox 2213 4994 2659 5051; x_wconf 88' lang='lat' dir='ltr'><strong>necessitatibus</strong></span> <span class='ocrx_word' id='word_1_710' title='bbox 2675 4991 3013 5064; x_wconf 76' lang='lat' dir='ltr'><strong>adiuvandi,</strong></span> <span class='ocrx_word' id='word_1_711' title='bbox 3037 4989 3268 5046; x_wconf 84' lang='lat' dir='ltr'><strong>etiamsi</strong></span> <span class='ocrx_word' id='word_1_712' title='bbox 3293 4987 3519 5060; x_wconf 91' lang='lat' dir='ltr'><strong>pericu-</strong></span> 
     </span>
    </p>
   </div>
   <div class='ocr_carea' id='block_1_111' title="bbox 1868 5077 3517 5156">
    <p class='ocr_par' dir='ltr' id='par_1_111' title="bbox 1868 5077 3517 5156">
     <span class='ocr_line' id='line_1_111' title="bbox 1868 5077 3517 5156; baseline -0.007 -13"><span class='ocrx_word' id='word_1_713' title='bbox 1868 5087 1991 5143; x_wconf 86' lang='lat' dir='ltr'><strong>lum</strong></span> <span class='ocrx_word' id='word_1_714' title='bbox 2017 5103 2132 5142; x_wconf 91' lang='lat' dir='ltr'><strong>non</strong></span> <span class='ocrx_word' id='word_1_715' title='bbox 2155 5083 2802 5156; x_wconf 81' lang='lat' dir='ltr'><strong>defueril,judiceutur.</strong></span> <span class='ocrx_word' id='word_1_716' title='bbox 2824 5083 3074 5138; x_wconf 88' lang='lat' dir='ltr'><strong>Sumant</strong></span> <span class='ocrx_word' id='word_1_717' title='bbox 3115 5079 3212 5133; x_wconf 86' lang='lat' dir='ltr'><strong>alii</strong></span> <span class='ocrx_word' id='word_1_718' title='bbox 3256 5078 3326 5132; x_wconf 92' lang='lat' dir='ltr'><strong>de</strong></span> <span class='ocrx_word' id='word_1_719' title='bbox 3365 5077 3517 5131; x_wconf 91' lang='lat' dir='ltr'><strong>bono</strong></span> 
     </span>
    </p>
   </div>
   <div class='ocr_carea' id='block_1_112' title="bbox 1869 5164 3518 5244">
    <p class='ocr_par' dir='ltr' id='par_1_112' title="bbox 1869 5164 3518 5244">
     <span class='ocr_line' id='line_1_112' title="bbox 1869 5164 3518 5244; baseline -0.009 -12"><span class='ocrx_word' id='word_1_720' title='bbox 1869 5179 2020 5232; x_wconf 90' lang='lat' dir='ltr'><strong>facto</strong></span> <span class='ocrx_word' id='word_1_721' title='bbox 2047 5174 2139 5232; x_wconf 86' lang='lat' dir='ltr'><strong>Fel</strong></span> <span class='ocrx_word' id='word_1_722' title='bbox 2152 5176 2254 5231; x_wconf 88' lang='lat' dir='ltr'><strong>icis</strong></span> <span class='ocrx_word' id='word_1_723' title='bbox 2269 5175 2500 5231; x_wconf 87' lang='lat' dir='ltr'><strong>abbatis</strong></span> <span class='ocrx_word' id='word_1_724' title='bbox 2515 5172 2844 5244; x_wconf 84' lang='lat' dir='ltr'><strong>exemplum</strong></span> <span class='ocrx_word' id='word_1_725' title='bbox 2857 5167 3217 5238; x_wconf 81' lang='lat' dir='ltr'><strong>,melioribus</strong></span> <span class='ocrx_word' id='word_1_726' title='bbox 3240 5164 3518 5220; x_wconf 86' lang='lat' dir='ltr'><strong>fratribus</strong></span> 
     </span>
    </p>
   </div>
   <div class='ocr_carea' id='block_1_113' title="bbox 1868 5252 3510 5336">
    <p class='ocr_par' dir='ltr' id='par_1_113' title="bbox 1868 5252 3510 5336">
     <span class='ocr_line' id='line_1_113' title="bbox 1868 5252 3510 5336; baseline -0.009 -13"><span class='ocrx_word' id='word_1_727' title='bbox 1868 5267 2003 5323; x_wconf 88' lang='lat' dir='ltr'><strong>etin</strong></span> <span class='ocrx_word' id='word_1_728' title='bbox 2029 5266 2124 5323; x_wconf 90' lang='lat' dir='ltr'><strong>Dei</strong></span> <span class='ocrx_word' id='word_1_729' title='bbox 2147 5266 2354 5322; x_wconf 90' lang='lat' dir='ltr'><strong>timore</strong></span> <span class='ocrx_word' id='word_1_730' title='bbox 2379 5263 2508 5335; x_wconf 88' lang='lat' dir='ltr'><strong>plus</strong></span> <span class='ocrx_word' id='word_1_731' title='bbox 2533 5261 2973 5336; x_wconf 87' lang='lat' dir='ltr'><strong>proficientibus</strong></span> <span class='ocrx_word' id='word_1_732' title='bbox 2997 5273 3229 5311; x_wconf 90' lang='lat' dir='ltr'><strong>omnem</strong></span> <span class='ocrx_word' id='word_1_733' title='bbox 3259 5252 3510 5326; x_wconf 86' lang='lat' dir='ltr'><strong>gratiam</strong></span> 
     </span>
    </p>
   </div>
   <div class='ocr_carea' id='block_1_114' title="bbox 1937 5401 3511 5484">
    <p class='ocr_par' dir='ltr' id='par_1_114' title="bbox 1937 5401 3511 5484">
     <span class='ocr_line' id='line_1_114' title="bbox 1937 5401 3511 5484; baseline -0.01 -16"><span class='ocrx_word' id='word_1_734' title='bbox 1937 5412 2016 5484; x_wconf 78' lang='grc' dir='ltr'><strong>(ά)</strong></span> <span class='ocrx_word' id='word_1_735' title='bbox 2049 5411 2143 5468; x_wconf 80' lang='lat' dir='ltr'><strong>Sic</strong></span> <span class='ocrx_word' id='word_1_736' title='bbox 2177 5427 2314 5484; x_wconf 72' lang='lat' dir='ltr'><strong>ms,</strong></span> <span class='ocrx_word' id='word_1_737' title='bbox 2342 5413 2406 5484; x_wconf 88' lang='lat' dir='ltr'><strong>et_</strong></span> <span class='ocrx_word' id='word_1_738' title='bbox 2429 5408 2665 5484; x_wconf 85' lang='lat' dir='ltr'><strong>quidem</strong></span> <span class='ocrx_word' id='word_1_739' title='bbox 2700 5405 2938 5484; x_wconf 81' lang='lat' dir='ltr'><strong>rectius,</strong></span> <span class='ocrx_word' id='word_1_740' title='bbox 2961 5405 3025 5456; x_wconf 89' lang='lat' dir='ltr'><strong>ut</strong></span> <span class='ocrx_word' id='word_1_741' title='bbox 3052 5401 3303 5484; x_wconf 77' lang='lat' dir='ltr'><strong>videtur,</strong></span> <span class='ocrx_word' id='word_1_742' title='bbox 3336 5416 3511 5481; x_wconf 82' lang='lat' dir='ltr'><strong>quam</strong></span> 
     </span>
    </p>
   </div>
   <div class='ocr_carea' id='block_1_115' title="bbox 1867 5473 3516 5552">
    <p class='ocr_par' dir='ltr' id='par_1_115' title="bbox 1867 5473 3516 5552">
     <span class='ocr_line' id='line_1_115' title="bbox 1867 5473 3516 5552; baseline -0.008 -12"><span class='ocrx_word' id='word_1_743' title='bbox 1867 5473 2054 5540; x_wconf 42' lang='lat' dir='ltr'><strong>caz‘teri</strong></span> <span class='ocrx_word' id='word_1_744' title='bbox 2077 5487 2132 5538; x_wconf 85' lang='lat' dir='ltr'><strong>in</strong></span> <span class='ocrx_word' id='word_1_745' title='bbox 2154 5473 2371 5552; x_wconf 84' lang='lat' dir='ltr'><strong>quibus</strong></span> <span class='ocrx_word' id='word_1_746' title='bbox 2395 5473 2783 5547; x_wconf 63' lang='lat' dir='ltr'><strong>habeturmon</strong></span> <span class='ocrx_word' id='word_1_747' title='bbox 2801 5481 3018 5531; x_wconf 76' lang='lat' dir='ltr'><strong>tantum</strong></span> <span class='ocrx_word' id='word_1_748' title='bbox 3039 5473 3252 5545; x_wconf 81' lang='lat' dir='ltr'><strong>aliquos</strong></span> <span class='ocrx_word' id='word_1_749' title='bbox 3268 5473 3516 5527; x_wconf 76' lang='lat' dir='ltr'><strong>reconci-</strong></span> 
     </span>
    </p>
   </div>
   <div class='ocr_carea' id='block_1_116' title="bbox 1869 5555 3489 5625">
    <p class='ocr_par' dir='ltr' id='par_1_116' title="bbox 1869 5555 3489 5625">
     <span class='ocr_line' id='line_1_116' title="bbox 1869 5555 3489 5625; baseline 0 -12"><span class='ocrx_word' id='word_1_750' title='bbox 1869 5555 2073 5617; x_wconf 83' lang='lat' dir='ltr'><strong>liando.</strong></span> <span class='ocrx_word' id='word_1_751' title='bbox 2105 5555 2220 5615; x_wconf 79' lang='lat' dir='ltr'><strong>sed.</strong></span> <span class='ocrx_word' id='word_1_752' title='bbox 2257 5558 2365 5607; x_wconf 86' lang='lat' dir='ltr'><strong>etc.</strong></span> <span class='ocrx_word' id='word_1_753' title='bbox 2470 5622 2506 5625; x_wconf 93' lang='lat'>__</span> <span class='ocrx_word' id='word_1_754' title='bbox 2650 5621 2660 5625; x_wconf 85' lang='lat'>_</span> <span class='ocrx_word' id='word_1_755' title='bbox 2846 5619 2858 5625; x_wconf 87' lang='lat'><em>_</em></span> <span class='ocrx_word' id='word_1_756' title='bbox 3031 5616 3188 5625; x_wconf 45' lang='grc' dir='ltr'><strong>μη,</strong></span> <span class='ocrx_word' id='word_1_757' title='bbox 3271 5614 3284 5625; x_wconf 86' lang='lat'><em>_</em></span> <span class='ocrx_word' id='word_1_758' title='bbox 3388 5614 3403 5625; x_wconf 84' lang='lat'><strong>_</strong></span> <span class='ocrx_word' id='word_1_759' title='bbox 3455 5613 3489 5625; x_wconf 52' lang='grc' dir='ltr'>η</span> 
     </span>
    </p>
   </div>
   <div class='ocr_carea' id='block_1_117' title="bbox 1937 5614 3514 5698">
    <p class='ocr_par' dir='ltr' id='par_1_117' title="bbox 1937 5614 3514 5698">
     <span class='ocr_line' id='line_1_117' title="bbox 1937 5614 3514 5698; baseline -0.008 -16"><span class='ocrx_word' id='word_1_760' title='bbox 1937 5629 2006 5698; x_wconf 88' lang='lat' dir='ltr'><strong>(e)</strong></span> <span class='ocrx_word' id='word_1_761' title='bbox 2039 5614 2124 5680; x_wconf 83' lang='lat' dir='ltr'><strong>Ita</strong></span> <span class='ocrx_word' id='word_1_762' title='bbox 2150 5614 2352 5698; x_wconf 23' lang='lat' dir='ltr'><strong>manet</strong></span> <span class='ocrx_word' id='word_1_763' title='bbox 2382 5622 2614 5698; x_wconf 78' lang='lat' dir='ltr'><strong>codices</strong></span> <span class='ocrx_word' id='word_1_764' title='bbox 2647 5621 2706 5675; x_wconf 92' lang='lat' dir='ltr'><strong>in</strong></span> <span class='ocrx_word' id='word_1_765' title='bbox 2740 5619 2894 5698; x_wconf 85' lang='lat' dir='ltr'><strong>notis</strong></span> <span class='ocrx_word' id='word_1_766' title='bbox 2943 5636 2975 5673; x_wconf 92' lang='lat' dir='ltr'><strong>a</strong></span> <span class='ocrx_word' id='word_1_767' title='bbox 3022 5616 3216 5698; x_wconf 28' lang='lat' dir='ltr'><strong>gh‘ifil.</strong></span> <span class='ocrx_word' id='word_1_768' title='bbox 3251 5614 3514 5698; x_wconf 70' lang='lat' dir='ltr'><strong>laudati.</strong></span> 
     </span>
    </p>
   </div>
   <div class='ocr_carea' id='block_1_118' title="bbox 1866 5688 3334 5765">
    <p class='ocr_par' dir='ltr' id='par_1_118' title="bbox 1866 5688 3334 5765">
     <span class='ocr_line' id='line_1_118' title="bbox 1866 5688 3334 5765; baseline -0.012 -8"><span class='ocrx_word' id='word_1_769' title='bbox 1866 5688 2018 5757; x_wconf 46' lang='lat' dir='ltr'><strong>Ed‘iti</strong></span> <span class='ocrx_word' id='word_1_770' title='bbox 2051 5713 2203 5752; x_wconf 90' lang='lat' dir='ltr'><strong>vero.</strong></span> <span class='ocrx_word' id='word_1_771' title='bbox 2238 5693 2520 5765; x_wconf 77' lang='lat' dir='ltr'><strong>deputatis</strong></span> <span class='ocrx_word' id='word_1_772' title='bbox 2539 5709 2561 5758; x_wconf 79' lang='lat'><strong>,°</strong></span> <span class='ocrx_word' id='word_1_773' title='bbox 2590 5694 2650 5748; x_wconf 91' lang='lat' dir='ltr'><strong>in</strong></span> <span class='ocrx_word' id='word_1_774' title='bbox 2684 5693 2971 5764; x_wconf 88' lang='lat' dir='ltr'><strong>margine,</strong></span> <span class='ocrx_word' id='word_1_775' title='bbox 3001 5688 3334 5745; x_wconf 71' lang='lat' dir='ltr'><strong>distributis.</strong></span> 
     </span>
    </p>
   </div>
   <div class='ocr_carea' id='block_1_119' title="bbox 1938 5766 2397 5842">
    <p class='ocr_par' dir='ltr' id='par_1_119' title="bbox 1938 5766 2397 5842">
     <span class='ocr_line' id='line_1_119' title="bbox 1938 5766 2397 5842; baseline -0.007 -18"><span class='ocrx_word' id='word_1_776' title='bbox 1938 5771 2006 5842; x_wconf 78' lang='lat' dir='ltr'><strong>(f)</strong></span> <span class='ocrx_word' id='word_1_777' title='bbox 2038 5769 2172 5840; x_wconf 86' lang='lat' dir='ltr'><strong>Ms.,</strong></span> <span class='ocrx_word' id='word_1_778' title='bbox 2201 5766 2397 5822; x_wconf 79' lang='lat' dir='ltr'><strong>adhuc.</strong></span> 
     </span>
    </p>
   </div>
  </div>
