3836 6340
135 363 228 420 tu
1509 348 2119 414 PROLEGtiMENA.

3409 377 3524 432 142

133 500 233 547 clas
262 489 384 545 ιωίο
412 507 722 546 murmure
755 491 1087 561 conﬁtetur,
1119 497 1175 548 et
1201 492 1542 549 catholicam
1578 490 1751 545 ﬁdem
1787 487 1838 552 Α
1867 485 2033 538 CAPIT
2063 503 2180 542 ειν.
2213 494 2415 545 Iterum
2449 498 2716 562 relegatur
2761 501 3092 564 Fulgentius.
3142 505 3381 555 Pra'dicit
3435 519 3521 555 ce-

132 596 335 648 semper
364 595 486 633 esse
518 580 852 647 victricem,
882 580 1212 649 conjunctis
1260 579 1415 635 beati
1467 577 1757 652 Fulgentii

130 667 397 730 laudibus,
429 667 752 737 gloriatur.

130 756 265 805 Carm
293 771 421 804 uin.
453 755 646 806 Libelli
679 763 786 805 (re:
828 758 901 806 ad
959 758 1364 807 Trasamtmdum
1417 771 1605 819 regem.
1664 755 1753 805 Li-

132 828 204 877 ber
255 829 305 878 Β.
362 829 624 890 Fulgentii
681 831 932 880 adversus
994 831 1195 880 Pintam
1253 833 1542 894 episcupum
1596 826 1758 878 Aria-

191 981 266 1033 47.
285 980 488 1034 Adhuc
517 985 723 1036 tamen
747 998 845 1036 rex
869 983 1052 1036 virum
1079 983 1490 1037 doctissimum
1516 981 1757 1050 probare

133 1069 460 1136 desiderans,
498 1071 569 1124 de
591 1069 728 1125 aliis
750 1087 884 1125 eum
913 1071 1324 1142 questionibus
1348 1087 1552 1124 rursus
1576 1069 1755 1123 inter-

134 1165 270 1228 rogat
295 1162 349 1212 et
376 1159 906 1230 interrogationem
929 1176 1097 1215 suam
1127 1159 1308 1215 semel
1331 1165 1558 1214 tantum
1588 1159 1756 1212 beato

135 1245 402 1316 Fulgentio
426 1249 710 1319 praecepit
734 1247 863 1318 legi,
883 1265 1070 1318 neque
1093 1247 1634 1317 meditandi,neque
1656 1247 1754 1299 de-

133 1335 386 1390 scribendi
405 1337 677 1392 tribuens
693 1336 1484 1392 facultatem.Timebatenim
1501 1353 1572 1391 ne
1584 1334 1756 1390 verba

133 1426 236 1491 ejus
262 1426 659 1480 convincenda
681 1427 837 1480 sicut
860 1427 1023 1495 prius
1049 1426 1423 1481 sermonibus
1445 1426 1572 1495 ejus
1597 1425 1756 1479 inse-

136 1519 386 1577 rerentur,
417 1515 731 1586 totiusque
752 1515 977 1585 judicio
1008 1515 1258 1569 civitatis
1287 1517 1472 1568 victus
1505 1529 1634 1569 esse
1657 1513 1757 1567 ite-

137 1619 241 1654 rum
271 1604 630 1673 probaretur.
651 1606 862 1659 Beatus
892 1620 1022 1659 vero
1055 1603 1398 1676 Fulgentius
1429 1601 1609 1658 semel
1640 1602 1751 1657 sibi

135 1690 258 1745 lecta
283 1693 361 1746 vix
393 1691 656 1748 recolere
684 1693 1025 1764 praevalens,
1051 1694 1404 1765 respondere
1431 1691 1748 1758 differebat;

137 1782 213 1834 sed
241 1781 580 1846 reSpondere
609 1798 744 1837 eum
773 1799 871 1837 rex
899 1783 1084 1854 magis
1106 1800 1171 1838 ac
1197 1784 1382 1854 magis
1405 1781 1752 1853 imperabat,

137 1871 497 1940 responsionis
511 1889 776 1942 arguens
793 1877 1067 1933 moras.et
1083 1871 1365 1926 cautelam
1381 1871 1485 1925 viri
1511 1870 1757 1926 sanctis-

134 1960 242 2013 simi
266 1961 652 2015 difﬁdentiam
674 1961 1154 2031 judicans.Unde
1175 1961 1330 2015 idem
1360 1961 1614 2030 pontifex
1637 1960 1753 2014 dis-

133 2049 606 2104 cretionisvirtute
639 2050 1033 2116 subnixus,ne
1051 2067 1166 2121 qua
1189 2049 1429 2104 forsitan
1455 2065 1556 2119 per
1577 2065 1756 2119 popu-

133 2138 230 2191 lum
262 2140 562 2192 mendacia
595 2146 1035 2210 spargerentur,
1061 2139 1277 2208 quibus
1310 2139 1625 2209 ﬁngeretur
1653 2142 1756 2192 aut

133 2243 226 2281 non
255 2229 648 2298 potuisse,aut
670 2227 930 2282 noluisse
949 2229 1179 2282 beatum
1202 2226 1571 2297 Fulgentiuin
1599 2242 1757 2297 rega-

128 2316 260 2370 libus
285 2317 712 2386 quastionibus
745 2316 995 2383 obviare,
1032 2323 1150 2371 tres
1201 2314 1428 2370 libellos
1456 2315 1753 2370 mirabiles

127 2404 358 2467 lacit,ubi
386 2413 794 2460 memoratum
831 2423 1024 2476 regem
1056 2405 1402 2475 simpliciter
1423 2403 1750 2475 alloquens,

127 2494 280 2548 totius
307 2494 653 2564 quaestionis
685 2496 758 2564 (α)
791 2495 999 2549 seriem
1035 2511 1209 2565 quam
1231 2495 1388 2549 tenui
1411 2494 1610 2548 auditu
1633 2509 1754 2564 per-

125 2583 463 2653 ceperat,late
487 2584 1117 2647 reventilabat,docens
1135 2583 1390 2637 animam
1413 2581 1748 2636 rationalem

125 2672 322 2727 Christo
337 2673 584 2728 Domino
601 2674 657 2726 in
675 2674 1047 2744 susceptione
1060 2673 1254 2727 carnis
1279 2673 1519 2726 minime
1543 2671 1756 2726 defuis-

125 2761 347 2815 seTunc
372 2779 468 2816 rex
492 2762 564 2815 ad
578 2761 889 2816 miratioue
921 2763 1171 2815 maxima
1196 2761 1477 2832 repletus,
1496 2759 1641 2816 nihil
1666 2765 1755 2815 est

125 2851 816 2922 ampliusinterrogare(b)
831 2867 1030 2912 ausus,
1058 2850 1166 2904 nisi
1186 2851 1337 2920 quod
1360 2867 1512 2904 unus
1529 2866 1596 2903 ex
1609 2850 1756 2916 epis-

124 2942 258 3009 copis
272 2941 417 3009 eius.
443 2940 617 2994 Pinta
640 2941 898 3006 nomine,
923 2941 1089 3010 quasi
1119 2941 1466 3008 respondere
1488 2944 1751 3002 conatus,

122 3036 282 3083 tacere
298 3031 491 3099 potius
512 3028 704 3083 noluit
723 3045 897 3099 quam
919 3029 1267 3095 respondere
1291 3027 1510 3097 aliquid
1546 3027 1750 3097 potuit.

119 3117 202 3170 Cui
225 3125 407 3170 tamen
437 3117 603 3171 illico
631 3119 838 3172 beatus
869 3117 1234 3188 Fulgentius,
1260 3116 1501 3170 alterius
1532 3115 1750 3184 aperis,

112 3205 546 3276 quodadversus
563 3208 794 3262 Pintam
811 3207 1480 3274 titulavitdisputatione
1505 3205 1756 3259 veridica

112 3298 315 3360 restitit,
340 3298 467 3351 etin
492 3297 681 3367 prima
696 3297 1152 3351 defensionesua
1175 3297 1358 3350 victos
1381 3295 1748 3350 adversarios

111 3389 300 3440 temere
331 3387 477 3441 satis
510 3389 774 3440 ostendit
807 3387 1112 3458 repetiisse
1144 3391 1464 3439 certamen.

111 3471 252 3522 Cum
309 3487 450 3523 xxw.
514 3473 671 3523 Liber
742 3489 829 3522 seu
888 3473 1343 3523 commonitorium
1418 3473 1481 3521 de
1544 3472 1751 3537 Spiritu

395 3554 587 3592 sancto
616 3544 690 3591 ad
718 3543 1018 3606 Abrngilam
1047 3544 1430 3606 presbyterum.

173 3623 328 3679 68.De
343 3625 576 3695 Spiritu
595 3631 799 3679 sancto
814 3625 1195 3694 interroganti
1218 3624 1554 3692 presbytero
1571 3622 1753 3677 Abra-

116 3710 224 3782 gile
255 3730 348 3781 per
377 3712 904 3769 commonitorium
951 3711 1369 3782 parvissimum
1420 3711 1754 3766 testimonia

115 3803 324 3870 protulit
352 3803 552 3874 plura,
581 3808 797 3858 docens
821 3819 955 3857 eum
976 3819 1107 3857 cum
1133 3807 1302 3858 Patre
1327 3807 1383 3857 et
1407 3801 1550 3856 Filio
1567 3817 1749 3856 unum

110 3887 270 3945 Deum
294 3894 655 3964 simpliciter
677 3893 1286 3962 conlitendum.Cujus
1307 3895 1477 3945 etiam
1504 3907 1754 3945 commo-

111 3983 278 4035 nitorii
326 3985 665 4038 sententias
717 3984 872 4038 inter
916 3989 1231 4052 utrumque
1263 3981 1426 4036 illius
1475 3979 1752 4052 temporis

115 4085 239 4138 Opus
266 4074 568 4128 ordinavit
597 4080 867 4143 oportere
898 4071 1171 4138 describi;
1208 4069 1537 4142 legentibus
1570 4067 1753 4123 omni-

111 4160 201 4215 bus
215 4163 355 4218 ϐόειί
369 4167 479 4218 bus
496 4164 811 4219 catholicis
824 4170 876 4216 et
897 4180 930 4217 n
951 4161 1748 4224 irantibus,crobescentibus

117 4250 316 4306 Arianis
348 4259 406 4307 et
438 4254 649 4307 dolore
672 4252 1180 4322 (c)contraipsum
1211 4249 1747 4304 murmurantibus:

112 4337 268 4394 donec
300 4343 468 4396 malm
506 4341 912 4410 suggestionis
940 4340 1249 4395 occasione
1282 4336 1745 4407 reperta,volenti

112 4443 223 4482 eum
253 4433 366 4501 regi
402 4433 563 4485 intra
587 4430 997 4498 Carthaginem
1018 4432 1240 4484 drutius
1265 4427 1750 4492 retinere,dicere-

2395 568 2549 620 lerem
2572 572 2796 621 reditum
2824 589 2987 623 suum.

1939 661 2499 735 49.8uggerentibus
2524 671 2661 726 talia
2692 690 2789 727 rex
2820 674 2983 741 quasi
3022 692 3235 744 magna
3266 677 3518 732 necessi-

1865 753 1985 804 tate
2016 756 2366 812 constrictus
2389 763 2719 826 assentit,et
2740 763 2972 818 beatum
3003 766 3364 828 liulgentium
3391 783 3514 821 rur-

1866 854 1996 893 sum
2013 842 2082 894 ad
2103 845 2368 900 exsilium
2389 847 2668 903 Sardiniae
2692 867 2956 906 revocare
2979 854 3516 923 compellit.lntem-

1866 934 2035 997 pesta
2067 931 2245 1001 igitur
2276 944 2440 990 nocte
2471 938 2574 1007 (sic
2595 939 2748 993 enim
2773 957 2868 994 rex
2893 942 3012 995 fieri
3035 943 3513 1013 delegaverat)ad

1866 1032 2056 1073 navum
2084 1020 2288 1077 beatus
2317 1024 2651 1092 Fulgentius
2688 1031 2901 1100 populo
2927 1032 3233 1101 ignorante
3259 1031 3520 1101 perduci-

1865 1111 2092 1165 tur.Sed
2115 1115 2405 1170 contrario
2424 1121 2560 1172 ﬂatu
2587 1122 2998 1176 resistentibus
3020 1121 3519 1193 ventis,superlit-

1863 1200 1960 1252 tus
2005 1203 2196 1254 tantas
2230 1221 2438 1272 passus
2470 1213 2559 1261 est
2592 1226 2804 1275 moras,
2841 1216 2903 1264 ut
2937 1227 3038 1281 per
3069 1212 3195 1267 dies
3227 1212 3516 1283 plurimos

1863 1288 2054 1342 omnis
2079 1307 2224 1359 pene
2247 1292 2384 1348 illuc
2407 1295 2609 1351 civitas
2632 1299 2982 1368 conveniret,
2997 1306 3054 1354 et
3079 1302 3150 1356 de
3178 1319 3354 1356 manu
3386 1302 3516 1372 ejus

1862 1377 2207 1434 valefacicns
2222 1386 2789 1442 communicaret.lbi
2809 1393 2998 1442 autem
3021 1391 3360 1461 prophetica
3391 1407 3518 1461 gra-

1859 1465 1941 1518 tia
1957 1469 2345 1539 perb‘piritum
2363 1479 2626 1530 sanctum
2656 1476 3272 1547 repletus,(e)Juliateo
3291 1481 3412 1534 viro
3434 1495 3519 1535 re-

1861 1552 2066 1627 ligioso
2097 1560 2271 1614 nimis
2303 1562 2518 1618 afﬂicto
2550 1567 2912 1637 graviterque
2947 1584 3049 1637 pro
3069 1568 3330 1624 discessu
3357 1570 3521 1636 beati

1860 1647 2154 1712 pontificis
2189 1649 2619 1721 ingemiscenli,
2654 1655 2905 1720 Diutius,
2934 1656 3036 1721 ait,
3067 1657 3203 1712 flere
3235 1659 3374 1726 noli,
3399 1659 3515 1713 cito

1861 1743 2219 1792 revertemur
2249 1739 2321 1794 ad
2344 1758 2474 1809 vos;
2510 1743 2806 1798 catholicae
2830 1746 3098 1800 Ecclesiae
3133 1746 3400 1802 libertate
3433 1763 3517 1802 re.

1785 1835 1830 1899 Β
1866 1830 2063 1893 parata
2083 1829 2357 1883 videbitis
2377 1848 2499 1884 nos.
2527 1831 2644 1887 Hoc
2660 1838 2875 1902 autem,
2894 1851 3114 1904 quaeso,
3135 1841 3421 1891 secretum
3441 1836 3519 1891 sit

1864 1916 2014 1984 apud
2047 1920 2123 1983 te,
2156 1919 2309 1986 quod
2346 1919 2526 1974 nimia
2556 1921 2769 1976 caritas
2795 1923 3055 1978 indicare
3086 1941 3175 1978 me
3209 1925 3514 1995 compulit.

1865 2001 1960 2057 Sic
2001 2004 2249 2060 sollicite
2282 2024 2513 2077 semper
2553 2011 2757 2065 beatus
2793 2011 3142 2081 Fulgentius
3170 2014 3512 2082 jactantiam

1866 2091 2036 2162 fugit,
2070 2110 2174 2148 nec
2209 2095 2265 2149 in
2299 2097 2469 2151 donis
2501 2098 2875 2168 spiritalibus
2907 2100 3228 2156 humanam
3265 2103 3513 2173 gloriam

1866 2183 2152 2252 quaesivit,
2187 2186 2520 2239 testimonio
2555 2189 2925 2243 conscientia:
2956 2207 3072 2244 suae
3105 2197 3437 2261 contentus,
3461 2197 3518 2248 et

1865 2272 1933 2326 de
1965 2273 2090 2328 sola
2125 2276 2520 2332 misericordia
2554 2279 2644 2331 Dei
2674 2281 2873 2337 fretus.
2903 2280 3065 2336 Unde
3087 2283 3258 2337 etiam
3283 2282 3518 2338 mirabi~

1865 2343 1942 2415 1ia
1963 2363 2143 2418 facere
2164 2381 2463 2436 nunquam
2483 2367 3238 2435 delectatushancgzratiam
3261 2372 3385 2426 dari
3403 2370 3516 2426 sibi

1883 2453 2220 2509 nullatenus
2242 2456 2610 2510 desideravit.
2634 2457 2734 2511 Sed
2759 2457 2806 2511 si
2829 2460 3066 2529 quando
3093 2461 3394 2528 petebatur
3419 2478 3520 2532 pro

1873 2540 2125 2599 infirmis
2154 2549 2209 2597 et
2233 2543 2658 2612 laborantibus,
2680 2547 2766 2602 vel
2793 2550 3199 2603 necessitatem
3228 2556 3521 2619 tempora-

1867 2628 2010 2686 lium
2044 2631 2486 2688 tribulationum
2523 2635 2932 2702 tolerantibus,
2961 2638 3275 2692 Dominum
3311 2639 3520 2708 depre-

1865 2720 2006 2790 cari,
2043 2737 2238 2789 preces
2263 2739 2398 2776 suas
2420 2724 2530 2776 sub
2552 2723 2659 2778 hac
2682 2725 2984 2780 devotione
3012 2728 3289 2782 fundebat
3316 2745 3327 2782 :
3366 2730 3513 2796 Scts,

1865 2808 2261 2881 Domumquid
2287 2812 2615 2866 animarum
2637 2822 2968 2869 noslrarum
2989 2816 3160 2870 saluti
3181 2819 3510 2874 conveniat.

1865 2900 2245 2954 Poscentibus
2267 2917 2403 2971 ergo
2436 2901 2603 2956 nobis
2623 2903 2775 2970 quod
2813 2910 3008 2958 monet
3032 2908 3372 2969 necessitas,
3405 2907 3512 2963 hoc

1866 2989 2263 3044 misericordia
2281 2996 2379 3044 tua
2405 2992 2702 3056 concedat,
2721 2993 2875 3047 unde
2891 2994 3173 3063 spiritalis
3190 3014 3302 3051 non
3328 2997 3509 3067 impe-

1864 3077 2062 3132 diatur
2091 3079 2338 3135 utilitas.
2372 3080 2566 3134 Oratio
2599 3081 2776 3150 igitur
2817 3088 3022 3136 nostra:
3057 3085 3428 3152 humilitatis,
3461 3072 3510 3140 si

1789 3201 1832 3260 Ο
1863 3168 2109 3236 expedit,
2134 3173 2273 3223 tune
2304 3169 2386 3223 ita
2413 3187 2445 3223 a
2478 3175 2529 3224 te
2557 3171 2922 3234 exaudiatur,
2952 3178 3015 3225 ut
3039 3173 3301 3225 volunt-is
3328 3178 3428 3226 tua
3451 3174 3508 3241 if)

1863 3257 2265 3327 principaliter
2280 3259 2733 3327 compleatur.Et
2752 3261 3335 3331 frequenterquirlem
3359 3265 3508 3316 Deus

1860 3346 2226 3414 omnipotens
2260 3347 2450 3399 oranti
2502 3348 2788 3401 sacerdoti
2824 3364 2928 3400 suo
2965 3349 3150 3400 multa
3182 3347 3509 3411 concessit;

1859 3432 2073 3488 sedille
2100 3433 2244 3488 nihil
2271 3435 2522 3505 prepriis
2547 3437 2810 3489 tribuens
2828 3436 3288 3501 meritis,eorum
3319 3436 3510 3498 rotius

1859 3520 1994 3575 fidei
2022 3539 2122 3591 pro
2154 3525 2370 3594 quibus
2393 3524 3380 3592 exaudiebaturomniadeputabat,
3417 3542 3509 3580 ne-

1858 3625 1972 3680 que
2003 3610 2138 3678 sibi,
2163 3613 2261 3666 sed
2294 3611 2409 3666 illis
2440 3628 2785 3667 concessum
2823 3612 2929 3667 hoc
2953 3611 3083 3668 esse
3113 3613 3362 3669 dicebat.

1855 3718 2019 3767 CAPUT
2047 3732 2186 3766 XXVI.
2222 3717 2372 3768 Redit
2405 3721 2460 3766 in
2491 3717 2799 3768 Sari/iniam
2830 3718 3029 3769 cunctis
3061 3720 3383 3769 (vetantibus.

1924 3798 2014 3854 50.
2041 3798 2149 3854 Sed
2169 3816 2237 3854 ne
2260 3799 2358 3852 diu
2381 3817 2571 3853 moras
2597 3799 2971 3870 longissimas
3000 3801 3305 3860 faciamus.
3330 3817 3507 3856 unam

1856 3887 2344 3956 ejussententiam
2371 3889 2442 3943 de
2462 3889 2738 3944 faciendis
2767 3890 3133 3944 mirabilibus
3153 3893 3503 3946 inseramus.

1854 3976 2165 4044 Mirabilia,
2203 3979 2418 4046 aiebat,
2455 3996 2566 4034 non
2602 3981 2906 4034 conferunt
2941 3979 3504 4049 hominijustitiam,

1855 4069 1952 4120 sed
1975 4067 2275 4121 hominum
2300 4069 2591 4124 notitiam.
2623 4068 2903 4138 Quisquis
2928 4077 3124 4122 autem
3166 4068 3508 4125 hominibus

1855 4157 2021 4211 fuerit
2057 4162 2255 4217 notus,
2288 4157 2399 4211 nisi
2433 4159 2608 4212 fuerit
2633 4162 2857 4225 justus,
2890 4159 2956 4211 ad
2984 4166 3199 4213 aeterna
3218 4158 3511 4224 perveniet

1852 4246 2144 4315 supplicia
2183 4247 2636 4302 condemnatus.
2663 4246 2758 4300 [lle
2791 4264 2922 4300 vero
2956 4248 3052 4318 qui
3093 4246 3506 4302 misericordiae

1853 4335 2110 4389 caelestis
2142 4335 2721 4404 operajustificatus,
2743 4336 2800 4388 in
2835 4341 3152 4404 conspectu
3193 4336 3288 4388 Dei
3319 4335 3508 4392 solius

1852 4425 2058 4478 vixerit
2082 4427 2303 4492 justus,
2335 4425 2565 4477 etiamsi
2605 4440 2807 4492 parum
2843 4425 2918 4477 sit
2943 4423 3286 4477 hominibus
3314 4429 3510 4490 notus,

116 4521 194 4570 tur
218 4521 284 4573 ab
315 4521 514 4587 impiis
547 4527 606 4575 et
642 4520 812 4574 malis
842 4518 1211 4574 hominibus:
1240 4517 1378 4572 Sine
1400 4532 1599 4581 causa,
1625 4532 1741 4581 rex,
1781 4552 1821 4613 Ο
1856 4515 2019 4568 beita
2049 4521 2384 4567 sanctorum
2413 4513 2625 4580 gaudia
2651 4513 2928 4582 percipiet
2951 4513 3392 4567 Coronatus.Vir
3415 4513 3518 4586 igi-

111 4604 488 4675 laboras;nihil
504 4609 924 4672 tuadiligentia
943 4606 1258 4678 proﬁcit.ln
1276 4611 1506 4660 tantum
1532 4606 1745 4674 quippe

106 4693 210 4761 jam
242 4697 506 4751 doctrina
539 4697 832 4767 Fulgentii
862 4696 1120 4767 episcopi
1159 4694 1548 4766 praevaluit,ut
1572 4695 1641 4748 de
1663 4710 1752 4747 sa-

113 4785 417 4841 cerdotibus
453 4789 575 4841 tuis
609 4785 943 4841 reconciliet
975 4787 1340 4855 aliquantos:
1373 4783 1612 4852 proinde
1638 4782 1750 4837 nisi

114 4872 209 4927 cito
236 4876 605 4943 subveneris,
641 4876 716 4945 (ri)
749 4876 949 4946 religio
984 4881 1180 4929 nostra
1213 4873 1482 4938 deficiet;
1515 4878 1571 4926 et
1617 4872 1750 4942 qui-

115 4975 320 5032 cunque
348 4983 380 5018 a
413 4967 594 5019 nobis
627 4971 718 5018 est
751 4965 1101 5033 baptizatus,
1137 4961 1486 5016 homousion
1537 4961 1750 5014 iterum

118 5053 434 5116 praedicabit
466 5053 705 5123 publice
737 5053 1176 5115 reconciliatus;
1203 5067 1305 5105 nec
1330 5050 1378 5103 si
1405 5049 1754 5120 persecutio_

119 5155 228 5193 nem
252 5143 512 5198 volueris
538 5142 855 5204 concitare,
887 5141 1077 5195 timeri
1109 5139 1321 5212 poterit
1347 5138 1558 5208 regalis
1598 5141 1756 5193 saevi-

119 5229 206 5281 tia.
238 5230 484 5286 Multum
513 5236 734 5301 quippe
759 5232 1047 5285 contortat
1077 5229 1442 5298 stabilesque
1475 5227 1608 5281 facit
1629 5243 1754 5282 om-

117 5334 207 5372 nes
233 5322 543 5393 episcopos
579 5321 866 5391 Fulgentii
900 5321 1230 5392 prmsentia.

180 5444 247 5512 (α)
278 5445 408 5506 Ms"
443 5449 611 5500 (otius
642 5445 981 5517 qurstionis,
1015 5444 1354 5515 quamlenui
1372 5441 1566 5496 auditu
1580 5457 1755 5513 perce-

120 5528 285 5580 perat.
318 5520 500 5572 littera
535 5523 856 5574 ventitabat.

124 5585 188 5644 ibi
221 5587 339 5651 Μ»,
371 5591 556 5643 nisus.

126 5657 187 5726 (ε)
209 5657 330 5724 313.,
363 5661 419 5715 in
454 5661 597 5729 ipso.

128 5731 194 5798 id)
225 5730 351 5801 Ms,
383 5733 659 5803 religioni
686 5737 912 5805 nostrae,
951 5730 1186 5804 deﬁciet.

1855 4609 1952 4656 tur
1987 4602 2267 4656 mirabilis
2295 4602 2492 4655 timuit
2526 4601 2740 4656 habere
2774 4600 3005 4656 laudem
3031 4602 3101 4655 de
3123 4601 3512 4674 mirabilibus,

1861 4707 2128 4762 quamvns
2161 4690 2236 4760 (g)
2268 4688 2535 4758 ampliori
2571 4690 2825 4758 quotidie
2861 4689 3144 4744 miraculo
3179 4694 3390 4746 faceret
3417 4707 3511 4746 ex-

1863 4780 2190 4834 hortatione
2203 4778 2577 4833 sanctissima
2595 4779 2808 4833 multos
2825 4780 3090 4832 infideles
3114 4780 3516 4845 credere,mul-

1863 4876 1949 4923 tos
1984 4869 2284 4922 haereticos
2316 4868 2676 4922 reconciliari
2713 4870 2932 4923 multos
2959 4868 3230 4938 pessimis
3253 4871 3514 4925 moribus

1861 4957 2086 5013 deditos
2103 4959 2471 5012 continentiae
2496 4958 2712 5012 faciens
2739 4958 2890 5018 leues
2915 4958 3176 5026 excipere
3201 4976 3213 5020 ;
3242 4960 3382 5012 dum
3415 4976 3515 5028 per

1862 5048 1990 5116 ejus
2005 5045 2388 5100 saluberrima
2405 5048 2623 5100 monita
2639 5047 3010 5099 sobrietatem
3031 5047 3314 5097 discerent
3337 5045 3522 5102 ebrio-

1864 5135 1934 5200 si,
1968 5135 2292 5190 castitatem
2329 5142 2692 5190 sectarentur
2726 5132 2996 5195 adulteri,
3030 5133 3378 5184 distribuere
3400 5149 3519 5187 om-

1863 5227 1960 5281 nia
1982 5227 2332 5296 pauperibus
2357 5226 2513 5278 avari
2543 5238 2902 5293 rapacesque
2930 5221 2960 5271 d
2979 5227 3302 5283 ocerentur;
3321 5225 3372 5272 et
3402 5237 3528 5275 mu-

1865 5321 1983 5370 tato
2018 5315 2332 5386 proposito,
2366 5311 2639 5384 superbis
2678 5309 3004 5372 humilitas,
3061 5307 3338 5377 litigiosis
3389 5326 3523 5380 pax.

1937 5442 2005 5513 (e)
2040 5443 2202 5508 Apud
2242 5438 2431 5494 Chilﬂ.
2466 5438 2635 5492 codd.
2670 5435 2791 5502 alii,
2832 5434 3070 5495 Iuli/eo;
3122 5433 3220 5486 alii
3271 5433 3525 5505 l’zliateo,

1868 5515 2010 5569 alter
2046 5516 2228 5566 l'illeo.

1938 5587 2001 5655 (Ι)
2037 5591 2162 5638 Ant.
2180 5627 2192 5644 ,
2219 5582 2483 5650 [Μίδειαν.

2037 5657 2126 5709 Sic
2152 5646 2258 5708 ms.
2295 5654 2554 5726 AtAnt.,
2589 5646 2871 5720 ampliora
2929 5648 3198 5719 quotodie
3251 5647 3529 5703 miraculo

1862 5725 2076 5802 [areret
2100 5725 2503 5784 exhortatione.
