3836 6312
199 433 275 495 M9

1552 440 2158 504 PBOLEGOMENA.

3449 454 3566 514 150

243 571 407 624 θῌνι
444 569 620 624 rnulti
661 576 886 628 autem
935 578 1229 632 ﬂuxerant
1258 578 1406 645 dies,
1437 584 1493 632 et
1523 593 1655 632 ecce
1687 591 1804 631 ser-
1832 583 1883 640 Α
1914 577 2037 628 tum
2073 576 2348 632 manibus
2379 576 2453 631 ab
2483 576 2787 632 ecclesiam
2821 578 3092 648 civitatis,
3134 599 3260 654 quae
3291 586 3558 642 Secunda

192 659 506 715 Yumtidelem
522 661 724 715 bonus
741 663 1038 720 Dominus
1057 668 1574 739 requirebat.lncid
1589 664 1798 720 itenim

194 761 370 821 repente
385 750 441 803 in
457 751 790 820 corporalis
815 753 1186 810 inﬁrmitatis
1212 757 1559 812 accerrimas
1575 756 1797 825 passio-

195 839 385 898 nes.ubi
405 840 784 909 septuaginta
809 859 990 913 prope
1013 844 1221 898 diebus
1245 847 1587 914 aegritudine
1604 845 1801 914 fatiga-

205 937 279 993 tus,
297 930 386 983 hoc
402 930 591 983 solum
617 934 963 1001 trequenter
983 934 1212 988 dicebat
1241 951 1253 989 :
1282 935 1537 1000 Domine,
1561 937 1632 989 da
1654 934 1796 988 mihi

201 1022 324 1074 modo
345 1019 430 1072 hic
473 1023 850 1089 patientiam,
891 1028 1090 1092 postea
1114 1024 1561 1094 indulgentiam.
1587 1025 1699 1079 Nec
1723 1025 1796 1078 ab

193 1111 270 1163 isto
287 1124 538 1162 sermone
563 1107 1008 1180 aliquantulum
1039 1112 1133 1180 (al.
1163 1112 1502 1183 aliquando)
1525 1112 1792 1176 cessavit,

185 1201 273 1253 sive
287 1198 442 1250 dolor
462 1197 775 1266 afﬂigeret,
793 1198 913 1254 sive
938 1200 1483 1265 t'ebrisincenderet,
1498 1202 1616 1256 sive
1631 1201 1795 1254 lassi-

178 1285 1372 1345 tudodissolveret.Persuadentibusautem
1391 1291 1625 1345 medicis
1643 1297 1703 1344 ut
1717 1290 1793 1345 la-

171 1379 328 1430 vacris
341 1376 717 1430 balnearibus
733 1383 996 1431 uteretur
1010 1377 1306 1450 :Nunquid
1326 1380 1586 1447 balneej
1599 1379 1789 1451 nquit,

167 1467 330 1521 facere
362 1471 629 1535 poterunt
664 1481 734 1518 ne
769 1465 946 1522 homo
980 1467 1242 1524 mortalis
1262 1469 1490 1540 expleto
1518 1469 1644 1523 vitae
1668 1487 1788 1524 suas

164 1563 396 1626 tempore
416 1555 705 1610 moriatur
724 1555 913 1626 ?(a)8i
926 1574 1056 1613 vero
1071 1559 1395 1629 proximam
1419 1565 1662 1614 mortem
1684 1577 1788 1615 nec

160 1663 424 1717 aquarum
449 1647 778 1701 calidarum
806 1657 1052 1719 possunt
1073 1650 1328 1705 fomenta
1361 1650 1661 1720 repellere,
1685 1667 1788 1706 cur

159 1737 313 1800 mihi,
341 1739 604 1799 obsecro,
642 1739 1010 1807 persuadetis
1043 1745 1105 1793 ut
1133 1740 1382 1810 rigorem
1416 1741 1516 1794 diu
1549 1747 1785 1795 servata:

153 1826 520 1897 professionis
543 1827 1063 1899 ingtinedissolvam
1081 1829 1213 1882 ?Sic
1226 1829 1476 1884 salutem
1497 1846 1660 1884 suam
1684 1847 1786 1885 su-

145 1931 330 1986 perna-
351 1915 634 1970 voluntati
661 1915 1182 1984 fidelitercredens,
1202 1924 1509 1989 postquam
1526 1935 1586 1973 se
1600 1921 1787 1975 sensit
1820 1948 1866 2011 Β

142 2006 266 2058 sine
295 2003 492 2076 aliqua
522 2005 887 2060 dubitatione
913 2006 1375 2073 dissolvendum,
1410 2025 1627 2064 vocans
1666 2009 1794 2064 uni-

135 2110 328 2148 versos
343 2094 587 2148 clericos
602 2110 744 2148 suos
763 2095 1146 2162 praesentibus
1165 2096 1490 2164 monachis,
1506 2097 1794 2153 allocutus

130 2191 221 2238 est
251 2200 350 2238 eos
386 2185 612 2247 dicens,
648 2184 788 2255 Ego,
825 2186 1052 2252 fratres,
1087 2187 1420 2241 animarum
1465 2193 1791 2243 vestrarum

127 2273 303 2326 saluti
323 2275 714 2345 prospiciens.
734 2275 1020 2330 molestus
1035 2277 1185 2346 apud
1204 2294 1304 2332 vos
1323 2278 1564 2332 forsitan
1579 2277 1796 2332 etdit'ti-

122 2363 254 2418 cilis
285 2364 482 2418 exstiti
513 2383 526 2429 ;
560 2371 620 2418 et
652 2364 776 2420 ideo
817 2368 1060 2420 obsecro
1110 2383 1209 2422 vos
1243 2372 1306 2421 ut
1338 2369 1600 2439 ignoscat
1647 2367 1794 2423 mihi

122 2454 400 2524 quisquis
419 2453 644 2525 aliquid
669 2454 847 2508 dolet.
871 2455 940 2509 Et
958 2455 1006 2509 si
1029 2456 1269 2510 forsitan
1295 2459 1575 2512 severitas
1596 2463 1796 2512 nostra

126 2543 378 2595 modum
410 2549 782 2612 transgressa
813 2550 904 2598 est
925 2544 1215 2608 debitum,
1241 2553 1401 2600 orate
1425 2563 1494 2600 ne
1519 2546 1656 2601 mihi
1687 2547 1794 2603 hoc

129 2630 422 2686 Dominus
455 2630 710 2702 imputet
729 2633 799 2687 ad
825 2643 1150 2703 peccatum.
1177 2637 1436 2708 Cumque
1466 2635 1604 2690 talia
1628 2637 1794 2691 beato

124 2720 443 2790 Fulgentio
460 2722 806 2792 lacrymosis
826 2722 1186 2794 singultibus
1200 2725 1581 2795 exprimente,
1602 2725 1794 2780 cuncti

127 2808 316 2862 simul
355 2827 529 2879 super
573 2827 766 2881 genua
793 2811 921 2880 ejus
953 2813 1248 2876 caderent,
1282 2829 1513 2884 semper
1549 2814 1792 2881 bonum,

144 2913 374 2968 semper
398 2898 716 2958 affabilem.
752 2916 854 2968 pro
877 2901 1143 2954 omnium
1171 2902 1379 2970 salute,
1407 2903 1560 2956 sicut
1581 2902 1794 2967 decuit,

141 2986 483 3056 invigilaese
505 2987 850 3052 clamantes,
876 2988 1182 3044 Provideat
1204 3007 1341 3062 ergo
1360 2992 1542 3056 vobis,
1566 2992 1663 3057 ait,
1692 2991 1798 3047 Do-

143 3075 340 3129 minus
373 3083 518 3131 Ueus
556 3095 724 3133 meus
757 3084 1048 3148 pastorem
1079 3081 1320 3148 dignum
1355 3097 1436 3135 se.

202 3166 298 3219 64.
330 3166 490 3220 Tunc
531 3166 820 3237 imperato
852 3167 1114 3232 silentio,
1150 3169 1454 3239 paululum
1490 3168 1791 3241 requievit.

144 3252 200 3307 Et
222 3255 438 3310 deinde
463 3273 787 3326 pauperum
806 3274 1005 3311 curam
1022 3273 1251 3328 gerens,
1272 3259 1547 3327 requisita
1561 3275 1792 3314 summa

142 3345 413 3411 pecuniae,
457 3346 527 3399 de
573 3362 686 3416 qua
721 3345 1100 3401 ﬁdelissimus
1132 3347 1504 3418 dispensator
1533 3349 1791 3418 quotidie

139 3435 446 3503 egentibus
481 3435 873 3499 ministrabat,
927 3442 1111 3490 totum
1142 3437 1323 3506 jussit
1372 3437 1655 3508 expendi:
1693 3454 1794 3509 per

142 3524 399 3592 seipsum
427 3523 1040 3579 memoriterrecolens
1059 3527 1386 3590 viduarum,
1410 3527 1787 3597 pupillorum,

144 3611 606 3683 peregrinorum,
636 3621 1109 3685 cunctorumque
1135 3615 1252 3669 illic
1275 3617 1664 3687 indigentium
1694 3632 1792 3670 no-

141 3699 319 3760 mina.
346 3703 561 3772 quibus
592 3703 730 3771 quid
761 3702 1098 3773 singulatim
1125 3705 1362 3758 daretur
1393 3704 1623 3776 propria
1643 3706 1786 3758 deli-

136 3786 426 3844 beratione
447 3792 788 3858 constituit;
816 3791 1072 3846 baeredes
1098 3793 1154 3846 in
1182 3793 1294 3847 hoc
1318 3793 1528 3848 saeculo
1553 3811 1664 3848 non
1691 3795 1789 3849 ha-

135 3877 698 3935 bens.hzeredita'tem
717 3881 892 3950 hujus
909 3881 1196 3936 benevola
1214 3882 1631 3938 sollicitudinis
1651 3901 1789 3952 pau-

134 3969 361 4034 peribus
375 3969 546 4023 dereli
559 3987 630 4039 nq
643 3987 809 4026 nens.
824 3971 926 4024 Sed
947 3987 1048 4024 nec
1063 3988 1200 4025 suos
1214 3972 1458 4027 clericos
1471 3971 1667 4026 debita
1687 3973 1783 4028 be-

135 4055 447 4112 nedictione
473 4060 786 4126 fraudavit;
809 4060 1067 4131 ipsorum
1085 4077 1316 4132 quoque
1335 4062 1655 4132 paupertati
1681 4062 1785 4116 mi-

133 4145 489 4202 sericorditer
517 4149 835 4203 consulens
873 4175 886 4214 ;
921 4166 986 4203 ac
1017 4158 1232 4204 secrete
1260 4151 1458 4205 omnia
1507 4151 1780 4220 prteordi-

139 4238 1086 4307 naris,oransjugiter,etintrantes
1104 4239 1372 4311 singulos
1402 4241 1776 4295 benedicens:

138 4337 314 4393 usque
345 4327 409 4378 ad
434 4337 745 4382 extremam
777 4327 977 4382 horam
1013 4345 1157 4383 sana
1198 4334 1390 4384 mente
1431 4331 1774 4401 permansit,

141 4409 424 4470 Postremo
450 4416 537 4471 die
565 4417 952 4472 kalendarum
977 4419 1393 4473 Januariarum
1422 4425 1551 4488 post
1576 4434 1772 4489 perac-

140 4504 248 4554 tam
279 4520 596 4574 vesperam,
629 4508 857 4561 beatum
892 4509 1170 4578 spiritum
1196 4508 1438 4563 feliciter
1471 4512 1527 4562 in
1557 4525 1767 4564 manus

146 4591 357 4647 Domini
386 4596 644 4664 tradidit,
671 4613 891 4650 annum
917 4599 1008 4650 sui
1031 4598 1404 4668 episcopatus
1426 4613 1605 4669 agens
1632 4599 1774 4653 vice-

1911 662 2246 726 dicitur,ubi
2262 666 2430 720 etiam
2447 666 2722 738 reliquias
2736 669 3132 738 apostolorum
3151 674 3553 741 constituerat,

1909 754 2270 822 deportatus,
2305 755 2550 810 sortitus
2587 764 2669 809 est
2709 756 3046 813 houorabile
3081 772 3550 820 monumentum.

1912 843 2000 895 Pri
2015 861 2143 896 mus
2161 843 2328 912 plane
2344 846 2400 898 in
2418 847 2617 899 eadem
2636 845 2875 900 basilica
2897 848 3148 916 pontifex
3167 853 3297 920 poni
3320 855 3552 920 meruit,

1910 934 2009 988 ubi
2033 934 2256 988 nullum
2282 941 2597 1000 mortuum,
2625 952 2813 1006 neque
2834 937 3224 1006 Sacerdotem,
3251 958 3434 1009 neque
3458 946 3558 1000 lai-

1907 1039 2036 1077 cum
2061 1023 2289 1094 sepeliri
2305 1025 2667 1078 consuetudo
2685 1027 3188 1098 sinebatautiqua.
3211 1031 3320 1084 Sed
3340 1049 3552 1101 magna

1904 1112 1991 1166 vis
2018 1111 2350 1168 dilectionis
2375 1118 2708 1168 removebat
2734 1115 3214 1185 impedimentum
3241 1131 3554 1179 consuetu-

1903 1200 2078 1264 dinis,
2098 1201 2492 1256 ambientibus
2517 1202 2806 1257 universis
2823 1203 3069 1267 civibus,
3087 1213 3297 1261 etcum
3317 1226 3550 1267 summa

1902 1289 2206 1344 devotione
2239 1291 2660 1361 quaerentibus,
2695 1295 2758 1345 ut
2806 1293 2902 1346 ubi
2947 1293 3034 1346 vir
3063 1304 3301 1351 sanctus
3350 1306 3404 1353 et
3431 1300 3547 1355 Deo

1901 1376 2173 1448 amabilis
2194 1381 2381 1433 fuerat
2402 1384 2798 1448 consecratus,
2817 1379 2893 1434 ibi
2911 1381 3275 1438 orationibus
3289 1387 3549 1458 singulo-

1898 1483 2026 1521 ruin
2044 1484 2166 1522 sem
2179 1485 2274 1538 per
2286 1467 2460 1523 etiam
2477 1467 2737 1523 localiter
2749 1470 3144 1542 videreturadj
3159 1491 3188 1525 u
3202 1479 3388 1532 nctus.
3416 1480 3550 1533 Pro-

1902 1557 2184 1612 baverunt
2214 1558 2430 1630 quippe
2461 1557 2674 1627 saepius
2721 1564 2941 1629 quanta
2993 1561 3142 1615 bona
3191 1562 3306 1617 illis
3361 1567 3546 1622 oratio

1898 1646 2048 1701 beati
2069 1647 2352 1716 Fulgentii
2373 1649 2736 1717 praestiterat,
2761 1653 3046 1718 etquanta
3062 1651 3215 1704 mala
3230 1653 3543 1723 repulerat,

1895 1735 2048 1791 sicut
2078 1743 2278 1808 postea
2308 1736 2635 1790 manifestis
2669 1737 2902 1791 indiciis
2930 1739 3227 1794 evidenter
3248 1745 3544 1813 apparuit,

1897 1829 2131 1896 quando
2156 1842 2266 1879 non
2291 1830 2418 1895 post
2442 1824 2724 1896 plurimos
2746 1826 2870 1880 dies
2896 1829 3297 1884 accersitionis
3322 1833 3420 1898 (αι.
3449 1835 3547 1889 de-

1895 1914 2203 1983 cessionis)
2233 1914 2381 1984 ejus,
2416 1914 2656 1969 inimica
2693 1930 2836 1986 gens
2872 1916 3200 1971 Maurorum
3237 1923 3544 1991 Ruspense

1897 2001 2256 2057 territorium
2274 2008 2510 2073 repente
2534 2003 2778 2066 vexavit,
2796 2004 3039 2075 rapinis,
3057 2008 3334 2072 caedibus,
3351 2010 3544 2065 incen-

1897 2091 2032 2156 diis,
2059 2093 2242 2146 multa
2268 2092 2600 2158 devastans,
2626 2097 2795 2161 atque
2817 2093 2969 2147 intra
2994 2095 3152 2164 ipsus
3174 2098 3429 2152 ecclesia
3456 2115 3556 2169 pa-

1899 2180 2070 2236 rietes
2093 2198 2243 2250 quos
2267 2181 2524 2235 invenire
2551 2181 3054 2252 potuitjugulans.
3084 2185 3225 2248 Quis
3250 2186 3396 2240 beati
3421 2186 3550 2242 Ful-

1899 2271 2079 2343 gentii
2105 2271 2349 2342 gratiam
2376 2287 2488 2325 non
2523 2272 2768 2325 miretur
2792 2271 2820 2326 ‘I
2843 2272 3111 2334 Quandiu
3135 2275 3273 2328 vixit
3296 2276 3552 2332 furorem

1901 2361 2038 2416 belli
2067 2361 2273 2415 civitas
2303 2359 2383 2414 illi
2419 2361 2740 2416 commissa
2774 2378 2886 2416 non
2922 2364 3128 2418 sensit.
3169 2365 3231 2417 Et
3262 2381 3393 2420 curn
3427 2371 3551 2423 tota

1903 2466 2046 2521 pene
2080 2451 2378 2522 provincia
2403 2450 2803 2521 captivitatem
2838 2451 3153 2506 sustineret
3188 2454 3554 2522 horribilem,

1903 2543 2105 2611 Ruspa
2127 2539 2588 2605 fuitincolumis,
2617 2547 2852 2611 prepter
2873 2544 3234 2596 sacerdotem
3261 2544 3567 2600 venerabi-

1901 2627 2041 2695 lem,
2074 2629 2245 2697 cujus
2277 2630 2392 2682 vita
2425 2629 2672 2700 propriis
2705 2629 2933 2684 civibus
2968 2647 3172 2685 murus
3211 2632 3338 2686 fuit.

1969 2719 2058 2784 66.
2093 2718 2207 2772 Nec
2239 2719 2346 2772 hoc
2375 2717 2614 2772 interim
2648 2720 3112 2788 praetereundum
3140 2719 3374 2775 silentio
3397 2721 3556 2792 judi-

1905 2806 2053 2872 cavi,
2085 2807 2240 2878 quod
2275 2808 2414 2861 dum
2447 2807 2498 2860 ei
2532 2823 2841 2862 successor
2889 2809 3136 2864 idoneus
3170 2817 3558 2882 quaereretur,

1904 2896 2381 2951 discordantibus
2413 2896 2576 2950 laicis
2601 2903 2659 2951 et
2677 2896 2924 2961 clericis,
2949 2916 3165 2951 annum
3200 2917 3376 2970 prope
3403 2901 3549 2956 inte-

1901 3002 2071 3056 grum
2106 2985 2406 3057 prolixitas
2425 2987 2813 3040 contentionis
2835 2988 3063 3056 exegit;
3090 2992 3148 3041 et
3171 2987 3268 3042 illo
3291 2989 3383 3043 die
3414 3006 3553 3046 san-

1903 3077 2072 3130 ctitas
2106 3081 2206 3129 tua
2237 3091 2413 3143 super
2437 3076 2776 3130 cathedram
2805 3076 2932 3146 ejus
2966 3077 3134 3144 sedit,
3169 3094 3282 3146 quo
3305 3079 3431 3149 ipse
3447 3080 3554 3136 de-

1901 3164 2137 3219 functus
2159 3173 2265 3218 est.
2295 3163 2501 3220 Ornari
2525 3164 2742 3235 quippe
2759 3166 2864 3219 hoc
2889 3166 3185 3231 privilegio
3207 3169 3422 3222 meruit
3442 3167 3556 3238 pri-

1905 3269 2000 3307 ma
2031 3253 2377 3308 solemnitas
2407 3254 2534 3323 ejus
2566 3254 2964 3322 depositionis,
2993 3261 3055 3307 ut
3078 3255 3261 3308 multo
3295 3256 3551 3327 amplius

1905 3341 2252 3398 venerabilis
2287 3343 2446 3397 ﬁeret
2479 3359 2580 3411 per
2606 3343 2822 3412 gaudia
2852 3349 2963 3396 tua:
2997 3344 3404 3398 ordinationis.
3447 3345 3551 3402 Vis

1900 3436 2095 3486 autem
2130 3447 2302 3485 nosse
2333 3431 2628 3500 quomodo
2673 3448 2787 3485 non
2841 3431 3095 3485 fortuitis
3149 3433 3404 3487 motibus
3435 3433 3550 3491 ista

1901 3525 2311 3593 provenerunt,
2345 3521 2449 3576 sed
2483 3519 2642 3574 illius
2665 3520 3033 3574 orationibus
3065 3522 3550 3579 demonstrantur

1897 3625 2027 3665 esse
2057 3625 2335 3664 concessa
2355 3609 2382 3663 ?
2415 3609 2623 3665 Recole
2654 3609 2934 3664 visionem
2962 3610 3366 3666 fidelissimam
3395 3611 3545 3668 beati

1896 3698 2430 3768 Pontianiepiscopi
2455 3697 2788 3757 Thenitani.
2810 3715 2986 3768 quam
3013 3700 3096 3754 sic
3119 3700 3242 3770 ipse
3260 3701 3541 3758 narravit:

1894 3788 2062 3842 Eunti
2083 3787 2226 3841 mihi
2244 3788 2562 3842 secundum
2581 3795 2930 3859 praeceptum
2950 3787 3174 3843 Datiaui
3194 3788 3546 3860 primatis,ut

1893 3876 2183 3949 Ruspensi
2208 3877 2473 3932 Ecclesiae
2496 3877 3087 3947 eligereturantistes,
3109 3880 3256 3934 idem
3281 3879 3546 3936 beatissi-

1893 3985 2025 4023 mus
2046 3967 2384 4038 Fulgentius
2414 3984 2514 4038 per
2534 3969 2995 4038 tempusquietis
3012 3970 3283 4038 apparuit
3302 3975 3384 4032 ;et
3403 3970 3546 4026 ail'a-

1893 4059 2014 4123 biti,
2031 4057 2682 4127 sicutsolebat,aspectu
2702 4060 2962 4112 salutans
2978 4059 3536 4130 amicabiliter,Qu0,

1889 4147 2102 4218 inquit,
2137 4163 2292 4201 nunc
2325 4147 2611 4202 sanctitas
2643 4153 2743 4200 tua
2775 4147 3042 4202 velociter
3092 4148 3404 4203 ambulat?
3431 4151 3535 4205 Cui

1889 4238 2183 4305 respondi,
2219 4241 2282 4293 Ut
2309 4237 2622 4308 episcopus
2648 4237 2937 4304 Ruspensi
2965 4236 3233 4290 Ecclesiae
3257 4239 3529 4306 eligatur.

1888 4326 1987 4381 Ille
2002 4343 2132 4380 vero
2146 4325 2861 4395 subridens,Jam,inquit,
2879 4326 3184 4378 ordinatus
3199 4331 3306 4378 est.
3324 4325 3528 4382 Nonne

1885 4421 2125 4485 apparet
2150 4414 2310 4468 illius
2332 4415 2696 4468 orationibus
2720 4413 2898 4465 fuisse
2923 4415 3238 4481 perfectum
3263 4414 3418 4483 quod
3443 4420 3533 4470 est

1884 4505 2156 4558 visitante
2181 4503 2554 4573 praedictum?
2574 4503 2679 4566 Qui
2696 4502 3344 4572 ergucontirmationem
3365 4521 3533 4561 nove-

1882 4599 1971 4648 rat
2004 4597 2250 4648 necvtum
2284 4593 2448 4646 electi
2483 4592 2568 4646 vel
2594 4592 2866 4654 ordinati,
2891 4592 3046 4645 diem
3073 4608 3304 4661 quoque
3331 4609 3445 4663 quo
3469 4593 3529 4650 in

159 4675 339 4734 simum
368 4684 651 4750 quintum.
687 4690 812 4739 vim
871 4692 1063 4740 autem
1116 4687 1294 4741 totius
1339 4687 1766 4758 sexagesimum
1799 4679 1846 4744 D
1878 4681 2154 4736 cathedra
2198 4681 2500 4736 considere
2548 4686 2771 4752 poterat
2802 4681 3106 4735 ordinatus
3149 4682 3267 4746 jam
3301 4683 3525 4739 orando

157 4767 410 4838 quintum,
436 4780 586 4827 sicut
616 4773 823 4828 multis
853 4780 987 4829 ante
1020 4775 1298 4830 fratribus
1351 4776 1518 4830 morti
1568 4776 1758 4847 proxi-
1873 4775 2023 4826 scire
2047 4777 2358 4827 meruerat.
2381 4770 2758 4842 Votisitaque
2781 4771 3078 4826 continuis
3100 4780 3154 4825 el
3179 4771 3329 4826 ﬁdeli
3359 4774 3530 4830 devo-

160 4865 260 4910 [ωε
289 4859 575 4916 indicavit.
1867 4861 2025 4916 tione
2055 4878 2286 4931 semper
2316 4867 2591 4931 optamus
2625 4867 2687 4914 ut
2717 4861 2912 4931 gloriae
2945 4861 3104 4916 illius
3131 4864 3318 4916 factus
3353 4865 3528 4933 parti.

1868 4966 2004 5020 ceps
2033 4950 2090 5005 in
2123 4957 2428 5017 aeternum,
2463 4968 2576 5006 non
2619 4952 2900 5022 indignus
2931 4957 3092 5005 tanto
3147 4969 3519 5022 praecessore,

1867 5040 2108 5094 feliciter
2137 5042 2311 5105 vivas,
2345 5041 2654 5112 operisque
2692 5042 2872 5109 hujus
2923 5045 2992 5095 de
3029 5043 3383 5111 perfectione
3415 5057 3518 5096 no-

1868 5129 2094 5184 biscum
2135 5132 2376 5186 Domino
2395 5132 2615 5200 gratias
2640 5149 2800 5202 agas.
2825 5138 2881 5184 et
2912 5148 3011 5200 pro
3047 5130 3138 5182 his
3170 5147 3296 5198 quae
3324 5129 3520 5184 minus

1871 5219 2013 5273 forte
2047 5221 2120 5273 di:
2144 5227 2200 5274 ta
2223 5227 2358 5275 sunt
2388 5221 2728 5291 eluqueuter
2752 5221 2824 5274 ab
2845 5223 3120 5273 omnibus
3148 5217 3517 5288 sapientibus

1869 5307 2186 5366 lectoribus
2219 5313 2443 5366 veniam
2478 5318 2660 5382 petas.

198 4944 277 5001 65.
313 4949 435 5020 lpso
465 4959 662 5006 autem
697 4953 792 5006 die
823 4957 1086 5006 sanctum
1120 4969 1334 5023 corpus
1365 4954 1492 5024 ejus
1524 4952 1757 5024 sepeliri

154 5034 354 5094 minime
377 5044 553 5110 potuit
577 5062 591 5108 ;
618 5044 718 5096 sed
749 5044 805 5096 in
835 5043 1084 5096 oratorio
1105 5043 1443 5097 monasterii
1468 5045 1756 5098 constitu-

149 5121 264 5188 tum.
297 5135 406 5185 tota
440 5139 608 5187 nocte
645 5134 745 5185 illa
775 5134 831 5184 in
870 5132 1130 5198 psalmis,
1167 5132 1395 5204 hymnis
1430 5133 1486 5186 in
1516 5133 1758 5188 canticis

130 5213 465 5283 spiritalibus
483 5220 726 5292 vigilare
755 5223 1071 5275 monachos
1087 5221 1261 5275 simul
1293 5229 1348 5276 et
1366 5222 1604 5277 clericus
1621 5224 1759 5277 invi-

127 5299 263 5358 tavit.
290 5307 449 5364 Mane
470 5327 610 5364 vero
634 5318 944 5382 postquam
971 5311 1287 5364 multitudo
1307 5313 1562 5366 maxima
1582 5329 1756 5382 pupu-

117 5381 296 5452 lorum
325 5399 394 5453 de
417 5399 562 5455 locis
585 5400 859 5454 ﬁnitimis
881 5401 951 5454 ad
976 5400 1289 5471 exsequias
1317 5404 1474 5456 venit
1497 5402 1762 5464 sacerdo-

181 5567 252 5639 (α)
281 5570 404 5637 Μι,
438 5571 492 5624 si
521 5585 649 5625 vero
675 5567 964 5641 proximat
995 5585 1168 5640 morr,
1201 5577 1305 5625 etc.
