3836 6386
292 435 403 499 ibi

1294 436 1361 495 S.
1409 429 1843 494 FULGENTII
1889 427 2251 493 EPISCOPI
2298 429 2732 508 RUSPENSIS

3594 443 3725 503 152

822 598 1344 676 PROLOGUS
1398 598 1479 673 S.
1537 594 2059 671 FULGENTII
2114 594 2562 671 EPISCOPI
2620 599 3168 677 RUSPENSIS

1367 757 1445 818 IN
1491 753 1699 817 TRES
1750 749 2027 811 LIBROS
2068 750 2175 810 AD
2229 751 2636 816 MONIMUM.

383 1031 426 1086 ι
470 1024 717 1089 Gratias
744 1042 859 1103 ago
887 1022 1134 1084 Domino
1154 1022 1319 1105 quod
1345 1023 1422 1084 de
1450 1022 1618 1084 bono
1648 1020 1948 1083 thesauro
1978 1021 2030 1085 Α
2059 1019 2353 1082 debemus.
2388 1020 2496 1083 Ille
2521 1022 2713 1101 igitur
2740 1033 2953 1085 auctor
2990 1034 3078 1086 est
3126 1024 3334 1100 debiti,
3365 1034 3479 1109 qui
3509 1036 3732 1090 auctor

299 1114 496 1176 cordis
528 1116 692 1173 bona
718 1114 998 1191 proferre
1028 1112 1280 1191 (Matth.
1304 1130 1417 1177 xu.
1442 1112 1542 1190 35)
1562 1131 1679 1171 ηοη
1699 1109 1943 1183 desinis,

300 1202 389 1266 Et
422 1206 630 1283 lingua
663 1202 991 1271 Eucharis,
1024 1221 1153 1282 quae
1198 1202 1262 1261 in
1304 1202 1453 1262 bono
1501 1202 1730 1261 nomine
1758 1198 1948 1261 abun-

300 1293 422 1370 dat,
456 1293 781 1374 puritatem
815 1294 905 1350 tui
919 1293 1114 1351 cordis
1140 1293 1429 1352 insinuat.
1461 1293 1602 1367 Qua
1628 1291 1768 1351 licet
1792 1289 1950 1350 divi-

301 1384 465 1443 nitus
489 1381 767 1442 concessis
787 1381 1130 1461 eloquentiae
1148 1381 1393 1462 ﬂuentis
1415 1380 1714 1452 exuberet,
1728 1400 1839 1439 non
1869 1387 1954 1439 ta-

304 1492 439 1533 men
466 1482 694 1532 tantum
723 1470 896 1529 credo
924 1470 1296 1530 sermonibus
1333 1470 1616 1549 exprimi,
1668 1479 1954 1550 quantum

306 1561 428 1623 scio
460 1558 653 1619 cordis
686 1560 777 1619 tui
796 1559 1203 1639 penetralibus
1241 1560 1468 1618 contine
1482 1558 1557 1618 ri.
1586 1558 1805 1619 Divina
1832 1567 1956 1617 ete-

308 1652 439 1711 nim
472 1651 608 1727 igne
634 1666 959 1717 succensus,
990 1649 1075 1707 sic
1102 1649 1274 1706 nobis
1314 1648 1553 1727 jugiter
1582 1649 1954 1725 compateris,

310 1742 578 1801 utetiam
610 1739 749 1798 illas
804 1736 1217 1798 tribulationes
1258 1757 1408 1819 qua,
1461 1739 1592 1797 licet
1640 1737 1963 1798 acciderint

311 1831 501 1902 nobis,
538 1829 793 1889 Domino
821 1839 1015 1888 tamen
1037 1829 1361 1907 adiuvante
1380 1831 1613 1907 fuerint
1639 1846 1955 1907 superam,

315 1932 378 1981 tu
404 1920 490 1981 sic
513 1939 610 1979 eas
634 1938 748 1998 pro
776 1921 942 1978 nobis
970 1938 1119 1998 pene
1167 1938 1395 1997 semper
1418 1920 1675 1999 pateris,
1714 1930 1772 1977 ut
1803 1938 1957 1999 quo-

2059 1120 2142 1172 est
2170 1112 2331 1172 doni.
2367 1111 2526 1173 Nam
2558 1122 2610 1173 et
2637 1114 2886 1195 seipsum
2931 1135 3040 1177 sua
3096 1115 3380 1196 largitate
3430 1117 3734 1198 dignatus

2058 1210 2144 1261 est
2172 1209 2372 1290 facere
2401 1200 2746 1276 debitorem,
2778 1225 2895 1263 non
2922 1205 3069 1287 quia
3104 1205 3380 1286 indigens
3413 1207 3491 1267 ab
3514 1208 3735 1290 aliqua

2060 1289 2311 1370 accepit,
2340 1290 2444 1353 sed
2482 1294 2761 1372 quoniam
2811 1294 3123 1356 abundans
3172 1295 3427 1377 largiter
3475 1289 3725 1360 tribuit.

2060 1382 2419 1444 Seminecem
2449 1383 2667 1463 quippe
2697 1402 2803 1444 suo
2820 1384 3090 1463 jumento
3126 1387 3484 1466 impositum,
3515 1387 3734 1448 stabu-

2066 1469 2337 1552 larioque
2361 1471 2691 1532 curandum
2712 1473 2970 1542 tradens,
2997 1474 3222 1536 duobus
3247 1475 3511 1537 denariis
3533 1477 3723 1551 datis,

2066 1559 2154 1621 ita
2181 1580 2241 1620 se
2281 1560 2598 1623 debitorem
2647 1564 2986 1644 proﬁtetur,
3033 1576 3098 1625 ut
3147 1565 3389 1642 diceret,
3441 1569 3507 1628 Si
3565 1569 3721 1647 quid

2065 1655 2639 1730 supererogaveris,
2689 1654 2767 1731 (b)
2799 1672 2941 1715 cum
2985 1675 3237 1730 venero,
3292 1658 3560 1719 reddam
3610 1658 3726 1718 tibi

2068 1743 2234 1815 (Luc.
2268 1758 2330 1813 x,
2362 1744 2480 1821 35).
2518 1742 2678 1816 Quid
2694 1753 2779 1803 est
2807 1755 3027 1824 autem,
3054 1746 3103 1806 si
3127 1747 3279 1824 quid
3302 1765 3729 1826 supereroga-

2076 1830 2254 1901 veris,
2287 1831 2422 1901 nisi,
2455 1838 2509 1891 si
2533 1834 2683 1912 quid
2707 1853 2743 1893 a
2770 1854 2858 1894 me
2880 1836 3070 1914 magis
3101 1843 3396 1917 acceperis
3423 1836 3454 1895 ?
3478 1836 3657 1899 Nam
3677 1847 3729 1897 et

2072 1920 2194 1999 ipse
2221 1921 2330 1999 qui
2371 1925 2835 2002 supererogabat
2862 1930 2926 1983 in
2959 1943 3023 1983 eo
3053 1926 3216 2006 quod
3250 1946 3368 1987 non
3413 1936 3733 2007 acceperat

314 2012 421 2071 ties
446 2028 541 2071 eas
571 2009 748 2067 corde
778 2008 1132 2081 revolveris,
1188 2012 1357 2069 toties
1384 2027 1483 2067 eas
1507 2007 1644 2089 pati
1667 2009 1962 2088 quodam-
2067 2018 2449 2088 prmceptum,
2481 2011 2585 2070 sed
2613 2011 2793 2071 dabat
2823 2032 2901 2071 ea:
2939 2016 3187 2075 caritate
3233 2016 3577 2082 consilium,
3618 2020 3732 2074 mi-

311 2107 481 2169 modo
501 2104 914 2186 compellans.
938 2106 1094 2166 Ecce
1118 2118 1407 2187 quantum
1433 2105 1575 2166 boni
1597 2106 1826 2166 caritas
1858 2106 1965 2167 ha-

316 2199 423 2269 bet,
460 2215 589 2256 ecce
616 2205 905 2276 quantam
939 2195 1175 2254 laudem
1216 2214 1417 2254 coram
1471 2195 1590 2254 Deo
1622 2205 1673 2253 et
1715 2196 1966 2256 homini-

318 2287 421 2349 bus
444 2285 725 2367 possidet,
762 2295 825 2343 ut
857 2284 995 2344 dum
1026 2284 1182 2344 dolet
1228 2286 1387 2365 quod
1429 2286 1646 2345 aCcidit
1673 2284 1765 2344 illi
1795 2305 1964 2366 quem

2069 2098 2453 2158 sericordiam
2504 2119 2565 2159 se
2607 2101 3006 2181 proﬁtebatur
3068 2105 3273 2185 utique
3310 2106 3414 2176 (al.
3478 2106 3728 2185 itaque.

2072 2198 2461 2248 consecutum.
2495 2191 2602 2252 Ait
2618 2193 2771 2251 enim
2803 2209 2815 2250 :
2842 2194 2930 2252 De
2954 2192 3300 2271 virginibus
3320 2204 3533 2256 autem
3573 2215 3729 2274 prm-

2074 2285 2329 2356 ceptum
2363 2279 2611 2340 Domini
2642 2300 2764 2342 non
2811 2282 3039 2353 habeo,
3074 2285 3181 2344 sed
3222 2286 3561 2346 consilium
3624 2287 3727 2361 do,

316 2387 495 2446 amat,
514 2372 886 2451 frequentius
909 2375 1269 2434 recordando
1293 2376 1479 2453 magis
1503 2378 1629 2451 ipsa
1648 2382 1963 2436 sustineat.
1997 2388 2044 2453 Β
2076 2373 2377 2445 tanquam
2412 2368 2904 2430 misericordiam
2945 2381 3319 2434 consecutus
3361 2393 3397 2435 α
3428 2376 3735 2448 Domino,

319 2468 452 2529 Hoc
479 2484 619 2542 ergo
664 2474 948 2542 superest,
1000 2473 1065 2524 ut
1109 2465 1267 2542 quod
1310 2466 1441 2543 ipsa
1499 2468 1721 2523 caritas
1767 2469 1969 2543 [acere

322 2564 638 2630 consuevit,
668 2573 781 2632 pro
812 2554 1222 2634 nobisjugiter
1267 2556 1531 2632 faciatis.
1571 2554 1731 2628 Quid
1775 2567 1969 2616 autem

325 2656 410 2708 est
437 2643 634 2709 aliud,
662 2641 785 2701 nisi
806 2653 867 2701 ut
898 2642 1090 2711 illum,
1130 2663 1187 2703 in
1221 2662 1334 2723 quo
1367 2662 1470 2701 nos
1495 2662 1648 2724 pure
1685 2644 1967 2723 diligitis,

326 2739 518 2817 ipsum
548 2753 771 2811 semper
794 2753 903 2812 pro
928 2734 1096 2793 nobis
1121 2734 1298 2793 oretis
1318 2732 1349 2791 ἴ)
1366 2739 1615 2813 Semper
1641 2734 1797 2794 enim
1821 2738 1976 2797 cari-

324 2839 412 2886 tas
440 2843 553 2903 pro
578 2818 675 2885 his
705 2840 848 2903 quos
881 2824 1080 2900 diligit
1097 2827 1309 2901 poscit,
1342 2823 1480 2882 dum
1502 2822 1681 2882 etiam
1713 2822 1822 2884 illa
1847 2844 1974 2904 qua?

324 2923 458 2974 tuta
485 2927 616 2974 sunt
636 2913 866 2973 metuit.
897 2914 1118 2969 Metuit
1137 2920 1325 2969 autem
1349 2931 1464 2969 non
1484 2930 1548 2969 eo
1579 2913 1784 2970 timore
1803 2932 1974 2993 quem

324 3005 452 3084 ipsa
495 3007 664 3081 [oras
712 3000 982 3079 expellit,
1025 3019 1163 3059 nam
1216 3001 1493 3076 perfecta
1538 3002 1766 3061 caritas
1809 3005 1976 3069 foras

333 3095 527 3153 mittit
558 3096 843 3154 timorem
875 3091 931 3170 (Ι
955 3090 1129 3150 Joan.
1188 3108 1268 3151 ιγ.
1304 3092 1426 3168 18),
1460 3092 1563 3150 sed
1605 3091 1715 3152 illo
1765 3093 1978 3155 timore

323 3204 493 3264 quem
524 3204 641 3243 non
671 3184 751 3242 ad
771 3189 1060 3250 timorem,
1084 3179 1187 3239 sed
1205 3182 1287 3240 ad
1317 3201 1571 3241 amorem
1600 3181 1824 3245 habere
1850 3205 1979 3244 con-

324 3274 538 3335 suevit.
604 3275 788 3335 Timet
844 3291 984 3351 ergo
1038 3291 1155 3331 non
1214 3272 1423 3332 timido
1475 3273 1563 3353 (α)
1606 3274 1815 3335 timore
1862 3276 1972 3355 (al.

328 3364 581 3443 amore).
614 3362 715 3422 sed
743 3371 921 3421 casto.
956 3359 1097 3420 Non
1126 3367 1281 3420 enim
1314 3360 1477 3419 timet
1506 3363 1828 3439 formidine
1858 3363 1979 3423 cri-

332 3452 531 3524 minis,
563 3455 664 3512 sed
685 3452 895 3511 robore
941 3452 1229 3528 puritatis
1259 3461 1314 3510 et
1364 3451 1661 3530 ﬁrmitate
1717 3456 1975 3515 virtutis.

334 3543 565 3621 Exigis
596 3562 631 3602 a
658 3562 745 3600 me
771 3550 1058 3616 praeterea
1087 3539 1367 3608 debrtum,
1393 3543 1553 3621 quod
1572 3562 1660 3601 me
1688 3544 1974 3617 celeriter,

339 3631 948 3710 Dommoadjuvante,
967 3633 1219 3697 spondeo
1242 3630 1641 3689 redditurum.
1667 3631 1801 3691 Non
1824 3653 1977 3692 enim

2077 2465 2144 2516 ut
2173 2458 2289 2517 sim
2323 2458 2521 2517 fidelis
2552 2457 2615 2539 (Ι
2644 2460 2782 2520 Car.
2833 2478 2921 2521 vn
2954 2462 3078 2542 25.)
3136 2462 3614 2525 Misericordiam
3654 2475 3733 2526 est

2080 2551 2275 2627 igitur
2302 2559 2659 2615 consecutus,
2695 2569 2809 2610 non
2837 2555 3032 2611 solum
3064 2562 3130 2612 ut
3159 2553 3530 2633 erogandum
3579 2556 3732 2617 acci-

2076 2648 2262 2719 peret,
2316 2657 2519 2698 verum
2561 2645 2740 2699 etiam
2782 2649 2846 2699 ut
2895 2640 3153 2723 amplius
3208 2654 3507 2722 erogaret.
3583 2645 3733 2707 Ecce

2081 2727 2275 2811 qualis
2306 2734 2388 2787 est
2423 2727 2704 2788 Dominus
2734 2740 2951 2809 noster,
2999 2742 3065 2790 ut
3093 2731 3366 2794 donando
3416 2733 3652 2806 debeat,
3682 2746 3733 2796 et

2082 2830 2310 2901 quanto
2342 2820 2535 2894 magis
2564 2818 2765 2891 donat,
2819 2829 2981 2880 tanta
3024 2821 3217 2899 magis
3248 2843 3376 2883 eum
3409 2823 3730 2887 debitorem

2083 2930 2199 2969 esse
2218 2928 2334 2967 non
2354 2907 2585 2987 pigeat.
2618 2907 2689 2966 In
2718 2919 3009 2989 quantum
3036 2912 3195 2971 enim
3218 2923 3417 2989 gratis
3444 2913 3729 2992 largitur,

2086 3002 2144 3059 in
2190 3008 2419 3059 tantum
2490 2996 2722 3057 debitor
2790 2998 3119 3061 invenitur.
3173 3003 3301 3063 Nec
3348 3005 3501 3063 enim
3551 3013 3738 3085 potest

2085 3090 2306 3169 aliquis
2333 3086 2656 3147 debitorem
2687 3087 2922 3161 habere,
2963 3089 3088 3150 nisi
3113 3091 3176 3151 in
3204 3112 3269 3152 eo
3293 3094 3453 3175 quod
3480 3093 3614 3173 ipse
3651 3093 3735 3154 di-

2083 3187 2299 3259 gnatus
2339 3184 2529 3253 fuerit
2570 3179 2837 3255 gratuita
2868 3177 3154 3258 largitate
3201 3183 3491 3260 conferre.
3530 3181 3729 3260 Ipsum

2087 3272 2279 3346 igitur
2306 3285 2417 3345 pro
2466 3284 2554 3325 me
2587 3267 2827 3344 jugiter
2874 3287 3062 3344 posce,
3108 3283 3175 3328 nt
3216 3271 3368 3330 milii
3423 3272 3727 3349 largiatur

2084 3355 2374 3419 reddendi
2402 3357 2590 3444 debiti
2615 3358 2983 3431 facultatem,
3008 3361 3117 3439 qui
3129 3358 3396 3435 donavit,
3424 3371 3491 3421 ut
3519 3362 3583 3421 in
3606 3381 3726 3444 ipso

2088 3445 2361 3509 caritatis
2381 3443 2493 3503 tibi
2521 3443 2765 3503 liberam
2799 3444 3045 3506 debeam
3074 3448 3433 3510 servitutem.

2174 3537 2246 3600 Ut
2276 3536 2432 3595 enim
2464 3554 2593 3594 vere
2621 3544 2721 3594 tuo
2767 3536 2957 3614 cordi,
3013 3538 3181 3618 quod
3230 3559 3335 3598 cor
3375 3560 3573 3599 meum
3625 3549 3726 3611 est,

2092 3638 2280 3689 totum
2311 3633 2531 3705 fatear,
2566 3625 2869 3705 quoniam,
2900 3629 3050 3687 sicut
3079 3628 3248 3688 cordi
3270 3648 3417 3703 meo,
3452 3634 3541 3688 ita
3571 3630 3733 3689 cordi

335 3721 442 3780 hoc
472 3722 719 3778 debitum
749 3723 832 3778 sic
858 3721 1142 3796 proﬁteor
1188 3718 1674 3797 quemadmodum
1722 3721 1788 3780 de
1826 3743 1972 3803 quo-
2007 3749 2049 3815 ρ
2091 3731 2190 3781 tua
2215 3716 2459 3798 aliquid
2473 3716 2840 3815 Acea'are‘nan
2889 3736 3146 3815 possum,
3205 3719 3500 3815 reddendi
3553 3717 3732 3783 debiti

334 3808 470 3869 dam
504 3822 633 3867 tuus
670 3810 841 3867 Maro
864 3817 1169 3871 memorat,
1200 3808 1361 3886 quod
1379 3812 1500 3883 ipse
1527 3810 1853 3888 /atebatur,
1876 3811 1980 3871 sed

332 3897 578 3957 reddere
603 3917 769 3977 posse
798 3896 1091 3974 negabat:
1124 3898 1224 3954 sed
1255 3895 1406 3954 illud
1435 3897 1548 3974 (al.
1586 3897 1707 3976 illo)
1752 3920 1844 3959 me
1876 3902 1975 3961 de-

335 3985 466 4046 bere
482 3991 699 4063 fateor,
737 3987 795 4041 in
828 4005 943 4065 quo
968 4004 1054 4043 me
1076 3984 1318 4043 reddere
1343 4005 1506 4063 posse
1538 4006 1652 4045 non
1676 4008 1843 4067 nego,
1878 3991 1980 4050 sed

327 4078 608 4155 εροηιίρη.
648 4075 775 4153 Ipse
818 4078 968 4133 enim
1002 4072 1159 4131 mihi
1183 4074 1363 4132 donat
1393 4075 1546 4134 unde
1575 4077 1835 4150 rer/dam,
1872 4080 1978 4160 qui

329 4164 573 4223 donavit
601 4175 665 4221 ut
695 4163 956 4221 debeam.
986 4161 1127 4222 Nisi
1155 4181 1307 4220 enim
1330 4162 1405 4221 ab
1424 4162 1531 4222 illo
1556 4171 1970 4248 acciperemus,

328 4273 444 4312 non
470 4254 655 4311 solum
687 4254 952 4318 ret/dere,
977 4253 1082 4311 sed
1094 4270 1197 4311 nec
1222 4257 1410 4331 ipsum
1438 4253 1595 4312 debet
1615 4274 1643 4313 e
1658 4276 1973 4332 possemus.

333 4343 494 4417 Quid
518 4349 673 4403 enim
696 4341 859 4402 nobis
884 4344 1153 4420 invicem,
1180 4341 1304 4401 nisi
1327 4353 1634 4403 caritatem
1656 4345 1924 4407 debemus
1945 4348 1976 4407 ?

330 4434 503 4509 Quod
532 4438 734 4515 utique
764 4436 837 4493 B.
876 4431 1101 4492 Paulus
1134 4434 1253 4491 haec
1284 4433 1825 4514 loquensﬁdelibus,
1859 4440 1975 4497 em:

326 4525 533 4584 denter
562 4528 846 4584 osten/tt:
885 4522 1128 4584 Nemini
1159 4522 1503 4600 quidquam
1563 4524 1863 4592 debeatis,
1924 4533 1971 4588 2

329 4614 441 4672 nisi
492 4623 555 4672 ut
598 4614 861 4673 invicem
920 4614 1199 4690 diligatis
1251 4612 1448 4691 (Rom.
1506 4631 1640 4685 xm,
1698 4615 1780 4693 8).
1834 4619 1975 4693 Quis

324 4713 515 4762 autem
548 4703 819 4778 fateatur
850 4702 1129 4769 debitum,
1154 4704 1210 4761 si
1226 4715 1398 4782 neget
1424 4715 1726 4782 acceptum
1760 4705 1792 4764 ?
1816 4707 1885 4767 In
1907 4728 1973 4769 eo

322 4792 529 4868 igitur,
566 4794 722 4867 quod
751 4810 853 4849 nos
878 4790 1085 4849 debere
1115 4788 1385 4857 dicimus,
1404 4800 1672 4870 pro/ecta
1704 4814 1977 4859 uosacce—

322 4879 478 4958 pisse
514 4891 920 4939 monstramus.
984 4878 1147 4938 Dicit
1198 4880 1421 4961 quippe
1482 4882 1557 4942 Β.
1614 4886 1971 4964 Apostolus:

324 4969 479 5040 QUId
517 4969 679 5027 enim
718 4968 909 5028 bibes
943 4970 1107 5044 quod
1146 4989 1269 5029 non
1304 4973 1643 5050 occepisti?
1671 4976 1730 5035 Si
1761 4985 1967 5039 autem

320 5058 639 5135 accepisti,
690 5057 837 5133 quid
891 5058 1198 5135 gloriaris.
1253 5064 1433 5137 quasi
1484 5081 1605 5121 non
1659 5069 1969 5141 act-eperis

318 5146 517 5225 (Rom.
555 5167 610 5217 v,
643 5150 706 5221 5)
741 5145 772 5204 ?
812 5146 976 5208 Nam
1022 5158 1076 5207 rt
1123 5150 1242 5209 alio
1294 5149 1417 5210 loco
1462 5161 1762 5215 testatur:
1813 5157 1971 5229 Quia.

318 5239 544 5297 caritas
581 5238 685 5297 Dei
718 5238 944 5297 diffusa
995 5244 1088 5297 est
1139 5240 1197 5298 in
1247 5241 1540 5298 cordibus
1584 5245 1808 5303 nostris
1861 5266 1969 5323 per

316 5325 615 5402 Spiritum
650 5335 937 5387 sanctum
973 5328 1075 5404 qui
1111 5328 1294 5388 datus
1324 5342 1415 5388 est
1449 5331 1647 5389 nobis.
1686 5331 1967 5414 Quiergo

316 5414 482 5473 nobis
510 5414 668 5473 dedit
699 5415 861 5495 quod
899 5418 1189 5477 reddendo
1244 5418 1579 5489 debeamus,
1635 5422 1754 5500 ipse
1800 5425 1966 5487 nobis

316 5502 558 5563 donabit
584 5508 934 5576 [nouitatem
991 5525 1111 5587 qua
1151 5527 1462 5589 possmuns
1504 5510 1751 5571 reddere
1802 5518 1967 5595 quod

385 5661 461 5733 (b)
493 5660 629 5715 Cod.
668 5677 777 5719 ms.
813 5664 1068 5729 Thuan.,
1101 5668 1315 5723 timore.

2089 3812 2428 3874 tarditatem
2462 3806 2568 3865 illa
2599 3805 2755 3865 mihi
2806 3809 2957 3866 ratio
3001 3815 3375 3886 procurauit.
3437 3812 3721 3886 Quoniam

2086 3903 2363 3965 adversus
2391 3896 2703 3977 cujusdam
2723 3894 2992 3955 haeretici
3007 3885 3359 3979 vani/cquid
3380 3906 3729 3982 respondere

2086 3988 2416 4069 compulsus
2445 4007 2595 4057 sum,
2627 3992 2736 4065 qui
2765 4005 2879 4044 non
2910 3986 3094 4045 solum
3138 4008 3326 4047 meum
3356 4010 3593 4062 nomen,
3624 3993 3722 4055 sub

2088 4079 2530 4155 Fotiniani(al.
2589 4075 2858 4151 I'otiani)
2904 4080 3127 4138 erroris
3168 4091 3331 4149 nota,
3381 4102 3497 4142 non
3550 4086 3719 4145 dubi-

2086 4172 2238 4233 tavit
2267 4174 2543 4230 lacessere
2563 4186 2586 4241 ;
2611 4168 2756 4247 quin
2787 4170 2965 4227 etiam
3010 4180 3351 4230 sanctorum
3410 4175 3730 4249 Augustini

2083 4275 2137 4325 et
2167 4258 2526 4339 Hieronymi
2555 4258 2732 4327 dicta,
2759 4267 3044 4335 tanquam
3070 4277 3205 4318 meae
3223 4264 3590 4339 pro/353mm-
3607 4284 3727 4324 ροη,

2086 4353 2304 4414 traria.
2360 4355 2425 4408 in
2477 4366 2565 4405 me
2613 4346 2802 4405 voluit
2863 4358 3227 4427 retorquere.
3280 4351 3479 4424 Cujus
3524 4373 3724 4413 nomen

2082 4461 2244 4503 nunc
2274 4439 2486 4499 litteris
2520 4437 2829 4496 insinuare
2855 4435 3083 4507 distuli,
3128 4439 3231 4499 sed
3261 4450 3425 4518 potes
3455 4449 3576 4517 ipse
3597 4464 3726 4522 pro-

2084 4532 2186 4594 cul
2215 4528 2394 4589 dubio
2423 4528 2753 4587 recordari.
2788 4526 2946 4586 Nam
2984 4527 3075 4587 ibi
3119 4538 3170 4587 te
3220 4528 3526 4591 nobiscum
3573 4531 3731 4613 aqud

2085 4627 2521 4707 Carthaginem
2546 4630 2760 4705 posito,
2785 4624 2941 4684 milii
2967 4624 3125 4686 dicta
3155 4625 3284 4705 ejus
3332 4628 3527 4689 allata
3568 4640 3719 4703 sunt,

2079 4731 2135 4782 et
2161 4722 2218 4780 si
2244 4718 2380 4777 bene
2412 4713 2623 4786 recolo,
2660 4725 2835 4774 etiam
2878 4716 2937 4772 in
2997 4725 3157 4774 tuam
3200 4715 3475 4777 notitiam
3522 4739 3725 4799 ρενυε-

2080 4820 2291 4870 nerunt
2324 4828 2338 4883 ;
2366 4806 2528 4866 nihil
2555 4809 2711 4865 enim
2758 4813 2813 4861 te
2860 4803 2949 4862 ibi
2989 4811 3186 4881 posito
3237 4806 3426 4883 legere
3482 4829 3722 4888 possem,

2078 4898 2238 4981 quod
2256 4895 2367 4956 tibi
2398 4892 2809 4955 recensendum
2832 4894 3049 4974 offerre
3072 4914 3186 4954 non
3208 4915 3452 4974 possem.
3483 4899 3727 4958 Eosdem

2080 4988 2276 5067 igitur
2305 4985 2550 5053 libellos,
2575 4984 2626 5039 si
2654 4983 2938 5043 Dominus
2961 4982 3145 5043 volue'
3165 4986 3229 5053 it,
3259 4994 3465 5045 vestrm
3483 4988 3725 5048 caritati

2080 5072 2348 5138 celeriter
2392 5073 2712 5134 destinaba.
2765 5073 2843 5131 Et
2882 5093 3004 5131 non
3063 5073 3271 5132 dubito
3332 5075 3497 5156 quod
3545 5095 3723 5135 meam

2081 5167 2418 5227 tarditatem
2454 5170 2515 5225 in
2547 5174 2642 5222 tuo
2675 5161 2864 5221 debito
2895 5162 3160 5241 digneris
3203 5170 3512 5242 patienter
3537 5173 3718 5241 ferre.

2083 5257 2374 5332 Quoniam
2406 5254 2522 5312 scio
2539 5265 2823 5333 quantum
2845 5252 3081 5310 delectet
3100 5253 3167 5317 is,
3206 5252 3302 5311 vel
3315 5265 3607 5332 quantum
3630 5273 3723 5313 nos

2075 5365 2293 5425 semper
2326 5349 2449 5423 ipse
2466 5341 2799 5419 rmnpel/as,
2828 5350 2890 5398 ut
2920 5360 3038 5408 nos,
3075 5338 3344 5401 Domino
3374 5341 3721 5422 adjuvante,

2075 5434 2429 5514 non-pigeat
2460 5433 2749 5493 basieticis
2780 5430 3160 5512 respondere.
3246 5438 3250 5442 ‘

387 5753 447 5822 (ι)
478 5749 610 5805 Haec
641 5752 831 5820 verba,
864 5769 989 5808 cum
1019 5770 1235 5823 venero,
1260 5757 1481 5814 reddam
1513 5758 1867 5831 tibi,absunt
1895 5783 1930 5823 ε
1959 5769 2088 5825 cod.
2124 5786 2233 5828 ms.
2264 5770 2495 5828 Thuan.
