3836 6334
440 298 555 357 163

437 429 536 495 sti,
569 428 653 484 sic
682 431 973 485 credenda
1002 431 1120 486 sint
1153 433 1563 503 praadestinata
1592 434 1872 490 divinitus
1903 453 2081 508 opera

439 518 613 582 mala,
676 536 778 589 pro
810 521 1026 590 quibus
1059 520 1113 574 in
1151 528 1436 576 aeternum
1473 524 1794 594 punientur
1839 525 2091 595 iniusti?

443 606 663 661 Dicitur
685 609 840 662 enim
872 610 926 662 in
958 608 1105 664 libro
1153 610 1556 665 Psalmorum:
1616 614 1825 680 Iniusti
1851 618 2090 684 punien-

439 703 550 758 tur.
584 709 636 751 et
665 714 845 752 semen
879 700 1178 765 impiorum
1226 701 1458 771 peribit,
1511 703 1662 756 salus
1693 714 1875 758 autem
1896 707 2085 776 justo-

439 801 564 838 rum
611 803 648 840 a
700 785 925 840 Domino
993 788 1166 857 (Psal.
1203 789 1537 858 axxv1,28).
1599 790 1678 844 De
1735 793 2002 863 utrisque
2033 799 2091 848 et

437 875 912 929 Salvatornoster
930 876 1089 931 dicit:
1120 877 1262 932 Tunc
1282 877 1372 931 illi
1397 880 1554 932 ibunt
1577 881 1638 932 in
1660 883 2088 936 combustionem

432 973 714 1029 etei-nam,
748 964 882 1032 justi
909 975 1094 1019 autem
1118 967 1177 1019 in
1210 970 1378 1020 vitam
1411 973 1672 1022 aeternam
1700 970 1922 1035 (Matth.
1955 987 2084 1034 xxv,

427 1053 534 1123 46).
573 1053 634 1106 ln
671 1054 937 1123 utrisque
970 1070 1128 1124 ergo,
1164 1053 1218 1107 id
1255 1057 1552 1124 estjustis
1585 1064 1641 1111 et
1675 1057 1932 1129 injustis,
1977 1060 2088 1114 tria

428 1141 693 1210 quaedam
718 1141 1149 1196 consideranda
1170 1144 1460 1208 existimo,
1483 1143 1721 1200 initium
1741 1147 2083 1213 voluntatis,

431 1249 810 1304 progressum
832 1235 1227 1304 Operis,{iuem
1247 1236 1816 1295 retributionis.Utin
1835 1239 2090 1309 bisque.

425 1323 857 1392 cunquejusta
887 1329 943 1376 et
975 1323 1126 1377 bona
1157 1324 1449 1392 videmus,
1495 1327 1658 1395 justo
1689 1333 1749 1382 et
1781 1328 1932 1382 bono
1969 1327 2084 1382 Deo

425 1409 655 1475 demus;
675 1411 777 1466 illa
801 1415 995 1466 autem
1021 1412 1136 1467 Deo
1162 1413 1402 1482 indigna
1424 1415 1845 1479 noverimus,in
1870 1417 2084 1487 quibus

429 1514 535 1553 nec
559 1498 883 1554 bonitatem
911 1516 1014 1555 nec
1031 1501 1320 1568 justitiam
1346 1501 1704 1558 invenimus.
1732 1505 1799 1559 Et
1821 1506 2089 1561 conside-

427 1595 804 1657 rataoperum
829 1590 1131 1659 qualitate.
1154 1589 1258 1644 illa
1281 1591 1590 1646 credamus
1614 1610 1647 1648 a
1667 1593 1778 1648 Deo
1795 1593 2086 1665 praedesti-

427 1680 719 1746 nata,quae
747 1678 1158 1731 misericordia:
1183 1678 1264 1732 vel
1288 1680 1544 1748 aequitati
1566 1681 1774 1735 divinas
1793 1681 2083 1752 condigna

422 1767 794 1834 reperiuntur
823 1773 876 1820 et
907 1782 1159 1835 congrua
1187 1783 1198 1819 :
1232 1769 1535 1822 Misericors
1563 1768 1713 1823 enim
1742 1779 1794 1824 et
1837 1769 2075 1824 misera-

425 1856 510 1906 tor
529 1862 579 1908 et
614 1854 788 1912 iustus
820 1857 1082 1910 Dominus
1111 1856 1287 1923 (Psal.
1321 1873 1432 1920 cxx,
1463 1859 1534 1926 4).
1570 1861 1642 1911 Ac
1678 1861 1864 1929 primo
1895 1859 2078 1913 totius

426 1943 588 1995 bonis
609 1941 928 1997 voluntatis
945 1943 1175 1998 initium
1197 1947 1270 1998 ab
1288 1944 1384 1998 illa
1399 1961 1519 2000 sem
1532 1947 1758 2016 piterna
1771 1948 2078 2014 Trinitate,

425 2045 552 2098 quae
575 2047 727 2085 unus
752 2030 911 2086 solus
939 2037 995 2084 et
1015 2049 1188 2086 verus
1205 2039 1292 2086 est
1321 2035 1492 2102 Deus,
1513 2039 1568 2087 et
1602 2036 2080 2104 praedestinatum

423 2119 846 2174 confitemuret
871 2122 1096 2175 datum.
1124 2121 1238 2175 Hoc
1264 2121 1418 2175 enim
1447 2123 1668 2176 homini
1691 2125 1941 2195 gratuita
1961 2125 2086 2194 jus_

421 2207 740 2261 tilicatione
762 2208 970 2262 tribuit
1001 2218 1414 2278 praeparatum,
1449 2212 1605 2280 quod
1629 2211 1685 2265 in
1707 2221 1922 2267 aeterna
1946 2229 2084 2283 prie.

423 2297 814 2351 destinatione
838 2305 1261 2367 praeparaverat
1281 2300 1681 2356 tribuendum.
1711 2302 1866 2356 Hanc
1882 2302 2085 2356 volun-

424 2387 558 2439 tatis
577 2387 1083 2456 prmparationem,
1106 2387 1377 2456 superius
1401 2394 1614 2442 sancta;
1633 2389 1945 2460 Scriptura:
1969 2396 2084 2446 tes-

421 2473 667 2528 timonio
683 2475 1096 2541 demonstravi,
1130 2491 1240 2543 quo
1257 2476 1476 2530 dictum
1499 2481 1979 2548 estal’raaparatur
1995 2497 2084 2536 vo-

421 2561 617 2617 luntas
648 2581 680 2616 a
705 2561 969 2618 Domino.
993 2565 1079 2618 Ab
1106 2580 1229 2634 ιρεο
1253 2580 1388 2635 ergo
1411 2566 1682 2621 voluntas
1700 2575 2080 2639 praparatur,

427 2651 525 2720 qui
564 2652 621 2704 in
657 2650 829 2705 nobis
851 2657 907 2705 et
929 2651 1072 2706 velle
1093 2659 1150 2707 et
1173 2654 1446 2723 perlicere
1474 2656 1933 2712 misericorditer
1952 2675 2083 2728 ope-

429 2744 614 2793 ratur.
649 2739 798 2793 Dicit
829 2739 983 2793 enim
1020 2741 1362 2810 Apostolus:
1395 2743 1535 2798 Deus
1556 2755 1637 2799 est
1670 2748 1822 2801 enim
1853 2748 2082 2818 quiope‘

430 2839 587 2880 ratur
619 2831 676 2880 in
707 2827 862 2882 nobis
891 2839 941 2882 et
968 2830 1104 2883 velle
1132 2841 1182 2884 et
1213 2832 1474 2899 perﬁcere
1500 2848 1600 2902 pro
1625 2834 1768 2889 bona
1809 2836 2083 2892 voluntate

428 2917 660 2986 (Philip.
696 2933 758 2980 ιι,
789 2919 889 2987 13).
920 2919 1187 2989 Loquens
1207 2921 1384 2974 etiam
1411 2925 1559 2976 Deus
1587 2939 1686 2994 per
1710 2926 2078 3002 prophetam,

424 3023 486 3059 se
520 3007 711 3075 ipsum
746 3010 933 3061 facere
965 3009 1276 3062 conﬁrmat
1301 3012 1454 3080 quod
1491 3013 1767 3068 ﬁdelibus
1802 3016 1983 3069 donat
2013 3022 2078 3070 ut

424 3096 661 3163 faciant,
695 3098 1022 3151 secundum
1057 3097 1201 3152 illud
1219 3101 1542 3165 oraculum,
1569 3103 1721 3171 quod
1746 3109 1834 3158 est
1853 3121 1886 3158 a
1910 3105 2077 3160 nobis

423 3201 603 3254 supra
627 3186 751 3254 jam
787 3186 1068 3255 positum,
1103 3203 1218 3256 quo
1251 3189 1411 3243 dicit:
1443 3193 1738 3258 bt/aciam
1763 3192 1892 3246 utin
1911 3193 2078 3264 justi-

422 3273 774 3342 ﬁcationibus
796 3276 937 3328 meis
970 3275 1288 3340 ambuletis,
1311 3281 1361 3332 et
1392 3278 1610 3342 iudicia
1634 3296 1754 3334 mea
1776 3281 2078 3338 observetis

422 3367 472 3416 et
500 3364 723 3432 faciatis
745 3365 955 3430 (Exech.
981 3381 1173 3424 xxxvr,
1206 3366 1318 3436 27).
1343 3368 1489 3430 Quid
1515 3375 1605 3422 est
1627 3376 1845 3437 autem,
1867 3376 2076 3440 faciam

425 3459 482 3504 ut
511 3451 759 3520 faciatis,
795 3452 930 3516 nisi,
967 3455 1074 3508 mei
1113 3454 1218 3507 erit
1246 3456 1439 3524 operis
1460 3473 1631 3511 omne
1666 3458 1884 3513 bonum
1917 3460 2071 3532 quod

427 3540 649 3609 Operati
671 3539 938 3593 fueritis?
960 3542 1091 3610 Ipse
1123 3558 1260 3611 ergo
1297 3544 1431 3596 l'acit
1463 3551 1524 3598 ut
1551 3545 1857 3613 Iaciamus,
1882 3564 1992 3616 quo
2017 3548 2074 3602 in

425 3626 591 3681 nobis
623 3634 920 3697 operante,
952 3629 1014 3682 ﬁt
1045 3646 1216 3685 omne
1250 3631 1466 3686 bonum
1501 3635 1652 3703 quod
1692 3635 1960 3692 facimus.
1995 3637 2076 3692 De

423 3731 538 3784 quo
571 3715 787 3770 dicitur
817 3717 887 3770 ad
923 3717 1211 3771 Hebrans:
1233 3721 1394 3787 Aptet
1428 3737 1516 3776 vos
1538 3722 1599 3775 in
1621 3723 1774 3777 omni
1799 3724 1953 3789 bono,
1984 3731 2073 3796 [a-

417 3807 565 3856 ciens
598 3805 657 3856 in
689 3805 837 3859 vobis
862 3805 1002 3876 quod
1031 3807 1244 3874 placeat
1274 3824 1457 3863 coram
1489 3827 1545 3865 se
1575 3814 1765 3882 (Hebr.
1801 3831 1924 3878 xm,
1957 3816 2071 3886 21).

431 3897 832 3948 Demonstrata
859 3895 1057 3965 itaque
1090 3895 1189 3949 Dei
1215 3897 1404 3965 gratia
1430 3899 1484 3951 in
1512 3900 1665 3955 bona
1699 3901 1997 3958 voluntate
2017 3910 2074 3959 et

425 3981 759 4051 operatione
775 3983 1268 4046 hominis,futuraa
1291 4002 1522 4058 quoque
1543 3992 1944 4047 retributionis
1959 3993 2077 4064 glo-

428 4069 597 4136 riam,
619 4087 746 4140 quae
770 4072 1086 4128 donabitur
1109 4076 1351 4136 sanctis.
1378 4075 1935 4145 quisdivinwgratiae
1956 4099 2069 4137 non

423 4175 550 4213 esse
568 4160 930 4215 contendat?
953 4178 1084 4216 curn
1105 4163 1230 4217 sive
1249 4165 1576 4231 credentes,
1602 4169 1720 4222 sive
1739 4178 2070 4240 operantes,

419 4246 558 4303 licet
580 4259 776 4304 nostra
795 4251 874 4304 sit
898 4249 1065 4317 ﬁdes,
1091 4256 1146 4306 et
1170 4259 1369 4308 nostra
1395 4256 1515 4308 sint
1537 4273 1732 4326 opera,
1767 4258 1920 4314 sicut
1947 4260 2072 4331 ipse

426 4337 717 4392 Dominus
750 4340 894 4394 dicit
928 4356 940 4392 :
974 4340 1299 4396 Secundum
1328 4343 1490 4412 ﬁdem
1526 4353 1673 4400 tuam
1703 4349 1801 4414 fiat
1853 4350 1974 4404 tibi.
2013 4353 2073 4404 Et

424 4426 632 4481 beatus
663 4427 921 4483 Joannes
953 4430 1247 4500 praedicat:
1283 4435 1415 4488 Haec
1441 4443 1520 4488 est
1541 4437 1771 4490 victoria
1801 4453 1918 4508 qua
1951 4440 2069 4492 vin-

423 4518 496 4570 cit
520 4517 811 4578 mundum,
843 4518 983 4588 ﬁdes
1003 4523 1193 4575 nostra
1224 4523 1272 4590 (ι
1303 4522 1463 4578 Joan.
1501 4540 1552 4588 v,
1587 4523 1664 4594 4).
1703 4526 1909 4581 Paulus
1927 4543 2070 4598 quo-
2104 4521 2149 4585 D

424 4621 534 4673 que
567 4605 645 4658 ita
672 4605 894 4660 scribit:
931 4605 1146 4662 Gratias
1177 4625 1277 4678 ago
1309 4611 1414 4665 Deo
1448 4627 1562 4666 meo
1585 4628 1682 4680 per
1708 4613 1890 4668 Iesum
1913 4617 2074 4670 Chri-

421 4701 566 4746 stum
598 4709 696 4760 pro
725 4695 977 4748 omnibus
1015 4697 1180 4759 vobis,
1225 4697 1356 4768 quia
1385 4700 1516 4767 ﬁdes
1542 4707 1722 4756 vestra
1747 4703 2074 4759 enuntiatur

426 4783 484 4834 in
507 4779 765 4835 universo
788 4783 990 4836 mundo
1012 4785 1229 4854 (Ephes.
1248 4802 1284 4851 ι,
1311 4787 1361 4856 4)
1404 4788 1590 4858 Opera
1614 4808 1846 4862 quoque
1871 4800 2072 4849 nostra

427 4869 708 4922 Dominus
731 4869 854 4940 ipse
877 4873 1356 4928 testaturdicens:
1375 4874 1464 4929 Sic
1484 4878 1967 4936 luceatluxoestra
1987 4899 2072 4938 co-

423 4973 550 5012 ram
566 4956 885 5013 hominibus
903 4964 961 5013 ut
975 4959 1212 5014 videntes
1226 4969 1401 5016 vestra
1416 4965 1516 5018 ὺοη
1531 4985 1560 5020 a
1577 4971 2072 5040 opera.gloriﬁcent

423 5051 644 5101 Patrem
675 5055 914 5102 vestrum
937 5050 1034 5119 qui
1054 5049 1114 5103 in
1135 5050 1285 5104 caelis
1300 5061 1377 5106 est
1398 5053 1604 5122 (Matth.
1631 5075 1682 5123 ν,
1711 5062 1816 5131 l6).
1850 5061 2069 5117 Tamen

425 5135 688 5207 quiaista
709 5153 842 5191 cum
869 5136 1155 5192 habemus
1184 5155 1299 5194 non
1321 5140 1604 5198 habemus
1626 5161 1690 5198 ex
1717 5148 1885 5202 nobis
1912 5154 2068 5218 nata,

425 5227 523 5280 sed
559 5243 592 5280 a
627 5232 736 5280 Deo
769 5227 1003 5291 donata,
1038 5227 1192 5281 sicut
1226 5229 1540 5298 Apostolus
1571 5232 1734 5287 dicit:
1765 5235 1867 5290 Nos
1889 5248 2073 5294 autem

421 5332 530 5369 non
541 5319 802 5383 spiritum
828 5317 1023 5371 munrli
1037 5320 1365 5387 accepimus,
1379 5321 1470 5375 sed
1488 5324 1749 5390 spiritum
1770 5329 1865 5396 qui
1879 5343 1950 5382 ex
1970 5329 2073 5385 Deo

423 5407 519 5464 est,
553 5415 612 5457 ut
639 5405 880 5459 sciamus
907 5407 1006 5461 I3
1039 5422 1164 5477 qua:
1205 5425 1237 5463 a
1287 5410 1392 5464 Deo
1421 5410 1628 5466 donata
1665 5423 1794 5469 sunt
1836 5417 1992 5471 nobis
2032 5420 2077 5486 (I

423 5492 543 5547 Cor.
575 5507 616 5546 ιι
652 5495 734 5562 12)
765 5513 779 5561 ;
814 5501 871 5548 et
899 5495 1038 5565 quia
1063 5512 1434 5570 quaecunque
1467 5502 1636 5556 nobis
1667 5503 1930 5560 facienda
1964 5509 2070 5562 do-

420 5586 541 5648 nat,
573 5580 726 5636 sicut
747 5582 962 5638 babere
987 5599 1102 5639 non
1127 5602 1467 5658 possumus,
1488 5590 1602 5647 nisi
1623 5591 1748 5664 ipse
1775 5593 1944 5652 nobis
1967 5593 2074 5652 lar-

1423 304 1490 363 S.
1536 301 1960 368 FULGENTII
2005 307 2361 372 EPISCOPI
2410 312 2855 376 RUSPENSIS

3667 330 3756 390 164

2110 441 2157 505 Α
2191 442 2408 512 giatur,
2436 443 2520 500 sic
2543 443 2728 500 facere
2752 463 2864 501 non
2892 462 3227 516 possumus,
3247 449 3354 505 nisi
3375 449 3492 523 ipe
3505 454 3648 512 nobis
3663 475 3759 531 qus

2195 529 2442 600 largitus
2473 538 2564 587 est
2594 541 2886 601 oneretur.

2192 618 2358 669 CAPUT
2406 635 2484 669 xv.
2534 623 2652 670 Non
2714 623 3152 697 debemus-nobis
3219 625 3419 691 aliquid
3477 629 3584 680 boni
3634 638 3763 697 operis

2301 699 2549 755 tanquam
2579 698 2812 742 nostrum
2844 694 3118 745 ascribere.
3152 698 3210 746 In
3242 697 3334 745 hac
3356 702 3455 746 vita
3480 715 3608 750 nemo
3628 694 3761 768 per/e-

2297 766 2408 811 ctus
2435 763 2545 812 nisi
2569 780 2656 828 spe
2686 768 2880 828 futura
2908 767 3108 831 gloria.
3141 767 3340 818 Paulus
3363 772 3598 834 perfectus
3623 763 3666 824 et
3685 763 3763 827 im-

2293 838 2570 896 perfectus.

2263 912 2571 984 Propterea
2589 915 2927 973 nullatenus
2947 919 3220 988 sinimur,
3238 920 3352 976 imo
3372 921 3652 979 salubriter
3670 943 3763 996 pro-

2191 999 2485 1072 hibemur,
2519 1009 2638 1059 tam
2675 1005 2734 1059 in
2770 1013 2968 1062 nostra
3000 1007 3114 1063 fide
3147 1010 3392 1079 quamin
3417 1016 3594 1067 nostro
3611 1030 3760 1084 opere,

2189 1105 2467 1162 tanquam
2484 1101 2749 1150 nostrum
2768 1097 2936 1152 nobis
2952 1096 3173 1168 aliquid
3191 1099 3760 1158 vindicare.Dicitenim

2190 1178 2302 1235 Vas
2333 1181 2654 1240 electionis:
2684 1186 2826 1254 Quid
2845 1195 3036 1243 autem
3060 1187 3223 1244 habes
3246 1190 3384 1259 quod
3405 1206 3504 1244 non
3525 1195 3762 1262 accepisti?

2189 1269 2240 1324 si
2254 1277 2439 1326 autem
2469 1278 2747 1346 accepisti,
2776 1277 2907 1348 quid
2931 1279 3218 1346 gloriaris,
3241 1280 3402 1350 quasi
3425 1298 3525 1335 non
3542 1286 3764 1348 acceperis

2188 1363 2236 1429 (l
2289 1359 2410 1417 Cor.
2466 1379 2543 1429 iv,
2569 1366 2668 1432 7)?
2699 1365 2766 1420 Et
2787 1366 2847 1420 in
2881 1370 3084 1422 sancto
3117 1367 3420 1438 Evangelio
3458 1374 3762 1440 praecursoria

2189 1448 2466 1506 dominici
2491 1469 2598 1508 vox
2629 1461 2758 1509 est:
2791 1457 2907 1511 Non
2939 1461 3112 1520 potest
3165 1458 3325 1514 homo
3369 1459 3599 1531 accipere
3636 1466 3761 1533 quid-

2189 1553 2375 1607 quam,
2401 1539 2515 1595 nisi
2542 1542 2735 1598 datum
2763 1544 2818 1600 ei
2845 1545 3022 1616 ﬁierit
3048 1547 3113 1601 de
3136 1549 3270 1602 caelo
3293 1549 3460 1619 (Joan.
3486 1565 3564 1616 ιιι,
3582 1551 3673 1621 27).
3691 1551 3759 1606 Ja-

2189 1628 2369 1684 cobus
2401 1646 2636 1703 quoque
2669 1636 2976 1704 apostolus
3003 1643 3374 1707 protestetur:
3396 1640 3524 1707 Quia
3543 1656 3676 1698 omne
3691 1646 3760 1700 da-

2188 1719 2303 1772 tum
2323 1719 2613 1788 optimum.
2634 1727 2686 1776 et
2709 1739 2871 1778 omne
2891 1725 3096 1780 donum
3116 1728 3434 1798 perfectum,
3451 1730 3692 1786 desursum
3709 1740 3759 1788 est

2110 1791 2152 1854 Β
2184 1807 2510 1864 descendens
2539 1828 2571 1864 a
2594 1812 2759 1867 Patre
2789 1813 3061 1868 luminum
3092 1791 3276 1882 (iacit,
3302 1791 3561 1883 l7).Quod
3588 1829 3657 1874 est
3684 1838 3759 1875 au-

2186 1901 2300 1950 tem
2323 1899 2507 1970 magis
2521 1900 2739 1957 donum
2757 1903 3268 1976 perfectum,quam
3283 1905 3604 1976 gloriﬁcatio
3617 1910 3759 1964 futura

2187 1991 2520 2042 sanctorum
2546 1991 2568 2043 Ρ
2591 1989 2754 2046 Nunc
2776 1993 2928 2047 enim
2955 1994 3288 2050 divinorum
3313 2012 3597 2052 munerum
3619 2003 3688 2064 (ut
3703 1998 3760 2054 ita

2188 2075 2402 2145 dicam)
2436 2078 2697 2132 nondum
2732 2084 2822 2135 est
2853 2083 3109 2152 perfecta
3161 2083 3455 2153 perfectio,
3485 2091 3665 2157 utpote
3689 2087 3758 2142 ubi

2189 2163 2381 2218 omnis
2397 2166 2685 2234 perfectus
2702 2169 3075 2237 perfectionis
3089 2172 3678 2247 estindigus.Namque
3691 2175 3760 2230 ille

2189 2252 2284 2320 qui
2321 2253 2510 2310 dicit:
2565 2256 2835 2327 Quotquot
2879 2259 2976 2329 (at.
3023 2261 3385 2334 quicunque)
3431 2279 3549 2334 ergo
3589 2267 3762 2335 perfecti

2186 2355 2394 2407 sumus,
2412 2343 2509 2397 hoc
2535 2345 2838 2402 sentiamus
2865 2349 3100 2420 (Philip.
3127 2351 3500 2422 111.45),idem
3531 2353 3760 2407 dicitzNon

2189 2431 2328 2499 quod
2358 2431 2468 2497 iam
2500 2435 2829 2504 acceperim,
2862 2447 2968 2492 aut
2993 2440 3110 2502 iam
3126 2444 3400 2511 perfectus
3418 2443 3517 2496 sim
3536 2441 3760 2511 (tbid.l'2).

2190 2521 2317 2573 Fuit
2347 2537 2482 2592 ergo
2510 2523 2800 2592 perfectus
2823 2542 2926 2598 spe
2954 2527 3161 2584 futuris
3213 2529 3647 2602 gloriﬁcationis,
3685 2530 3762 2583 fuit

2189 2614 2382 2663 autem
2417 2610 2794 2681 imperfectus
2817 2631 2989 2670 onere
3011 2619 3404 2688 corruptionis
3424 2624 3478 2674 et
3497 2619 3758 2674 mortalitis.

2191 2697 2393 2767 Corpus
2422 2703 2574 2754 enim
2603 2703 2749 2772 quod
2768 2705 3162 2776 corrumpitur,
3198 2713 3465 2778 aggravat
3486 2708 3760 2771 animam,et

2185 2785 2445 2852 deprimit
2478 2791 2696 2843 terrena
2718 2790 3055 2847 inhabitatio
3084 2809 3302 2849 sensum
3319 2795 3485 2849 multa
3502 2797 3759 2865 equitantem

2187 2872 2336 2945 (Sap.
2369 2877 2562 2942 111,15).
2599 2877 2731 2933 Fuit
2755 2881 3046 2951 perfectus
3077 2885 3505 2955 exspectatione
3534 2885 3755 2948 muneris;

2185 2965 2666 3036 fuitimperfectus
2681 2968 3011 3037 fatigatione
3023 2972 3455 3029 certaminis.Fu
3468 2973 3503 3027 it
3518 2974 3756 3044 perlectus,

2184 3055 2334 3125 quod
2367 3061 2559 3110 mente
2591 3058 2875 3112 serviebat
2907 3058 3019 3130 legi
3069 3060 3169 3115 Dei
3205 3081 3219 3128 ;
3281 3063 3387 3117 fuit
3433 3062 3756 3133 imperfectus,

2109 3153 2150 3217 ρ
2191 3145 2341 3212 quod
2380 3161 2551 3199 carne
2583 3147 2868 3201 serviebat
2907 3147 3017 3218 legi
3077 3151 3323 3220 peccati.
3361 3153 3483 3205 Fuit
3516 3150 3757 3221 perlectus,

2185 3232 2525 3287 desiderium
2549 3233 2754 3288 habens
2774 3237 3004 3291 dissolvi
3023 3243 3074 3292 et
3093 3254 3208 3294 esse
3227 3256 3349 3294 cum
3372 3241 3596 3308 Chrisla(
3605 3237 3755 3306 Philip.

2179 3321 2332 3391 1,25);
2352 3321 2662 3377 fuitautem
2680 3323 3225 3398 imperfectus,quia
3243 3328 3496 3398 quandiu
3515 3326 3662 3382 fuitin
3676 3341 3760 3379 cor-

2183 3425 2337 3479 pore,
2375 3411 2859 3482 peregrinabatur
2881 3413 3200 3471 aDomino.
3232 3418 3360 3471 Fuit
3394 3413 3760 3488 perfectus,ple-

2177 3497 2403 3553 nissime
2421 3501 2757 3571 sciens,quia
2779 3501 2953 3567 Deus,
2978 3519 3323 3577 quacunque
3345 3504 3600 3576 promisit,
3622 3508 3758 3573 potem

2178 3596 2255 3643 est
2275 3591 2326 3642 et
2343 3589 2527 3654 facere
2543 3588 2918 3662 (Rom.1v,12);
2941 3593 3049 3647 fuit
3070 3600 3265 3649 autem
3288 3595 3366 3650 im
3378 3592 3759 3666 perfectasque

2185 3678 2333 3730 Deus
2360 3676 2416 3730 in
2435 3678 2656 3732 sanctis
2681 3679 2805 3733 suis
2827 3683 3090 3750 quaedam
3120 3685 3385 3739 nondum
3408 3684 3535 3739 fecit
3553 3699 3611 3736 ex
3625 3677 3758 3734 omni-

2181 3765 2288 3820 bus
2319 3783 2444 3835 qua;
2458 3767 2745 3837 promisit.
2765 3773 3172 3842 Propterquod
3191 3775 3368 3828 etiam
3386 3790 3573 3829 omnes
3587 3767 3757 3838 antiqui

2172 3853 2316 3922 justi
2350 3855 2527 3923 (sicut
2558 3855 2710 3911 idem
2745 3859 3062 3928 Apostolus
3093 3861 3279 3930 dicit),
3318 3861 3622 3919 Testimonio
3659 3856 3752 3926 ﬁdei

2177 3943 2534 4013 comprobati,
2570 3959 2678 4000 non
2709 3953 3036 4017 acceperunt
3069 3952 3560 4021 repromissionem,
3583 3951 3666 4006 Deo
3689 3960 3758 4008 ι)νο

2174 4030 2330 4086 nobis
2357 4032 2560 4087 melius
2590 4034 2932 4106 providente,
2967 4054 3038 4092 ne
3067 4041 3188 4094 sine
3231 4041 3397 4096 nobis
3434 4041 3762 4110 perﬁcerentur

2176 4119 2370 4191 (Hebr.
2404 4137 2486 4186 χι,
2515 4121 2628 4192 39).
2665 4122 2827 4178 Sicut
2857 4140 2995 4196 ergo
3027 4129 3424 4196 praecedentes
3453 4128 3622 4184 sancti
3649 4121 3762 4179 testi-

2178 4209 2371 4263 monio
2389 4209 2516 4264 ﬁdei
2533 4213 3035 4282 oomprobati,non
3057 4220 3333 4273 suntsine
3348 4213 3760 4287 subsequentium

2176 4299 2527 4368 perfectione
2543 4301 2799 4371 perfecti:
2816 4303 2900 4358 sic
2914 4305 3347 4376 subsequentes
3363 4306 3543 4362 sancti
3559 4322 3654 4360 non
3673 4317 3762 4371 pos-

2176 4391 2318 4442 sunt
2350 4389 2476 4442 sine
2501 4390 2961 4459 praecedentibus
2983 4393 3202 4464 perﬁci.
3225 4394 3450 4452 Donum
3476 4396 3646 4465 itaque
3666 4404 3757 4462 per-

2181 4477 2394 4530 fectum
2419 4482 2556 4532 tunc
2578 4480 2851 4535 omnibus
2869 4481 3356 4554 dabiturquando
3379 4486 3586 4540 sanctis
3605 4487 3767 4536 satum

2183 4565 2528 4636 gloriﬁcatio
2561 4568 2871 4626 tribuetur.
2906 4574 3066 4626 Tunc
3090 4573 3242 4628 sicut
3268 4573 3492 4630 Veritas
3512 4564 3773 4628 dicitzlzuli

2179 4655 2469 4725 fulgebunt
2499 4657 2637 4711 sicut
2664 4657 2745 4712 sol
2777 4660 2834 4712 in
2868 4675 3035 4728 regno
3082 4665 3269 4718 Patris
3316 4668 3406 4719 sui
3449 4662 3636 4735 (Matth.
3679 4671 3771 4718 χιιι,

2181 4745 2290 4815 43).
2325 4745 2484 4800 Illius
2516 4753 2607 4801 est
2637 4746 2820 4819 igitur
2844 4751 3016 4806 etiam
3046 4752 3154 4808 hoc
3185 4754 3403 4810 donum
3432 4755 3768 4826 perfectum!

2179 4850 2294 4904 quo
2318 4839 2407 4889 est
2427 4834 2562 4889 doni
2584 4837 2763 4891 totius
2787 4837 3040 4894 initium.
3065 4840 3222 4903 Quod
3250 4843 3663 4914 utiquedonum
3686 4850 3766 4891 non

2180 4922 2490 4987 diceretur,
2525 4923 2572 4979 si
2602 4941 2713 4979 non
2747 4927 2921 4982 etiam
2958 4928 3064 4984 hoc
3093 4932 3282 5000 gratia
3315 4933 3636 4988 donaretur.

2178 5003 2343 5053 CAPUT
2392 5016 2501 5052 xvx.
2567 5003 2748 5055 Gratis
2803 5011 3051 5066 aperatur
3111 5011 3250 5058 Deus
3299 5013 3517 5062 salutem
3571 5010 3770 5059 nostram.

2606 5073 2734 5124 Vera
2759 5077 2933 5141 gloria
2963 5093 2993 5127 a
3029 5080 3129 5129 Deo
3164 5081 3271 5130 solo
3306 5087 3404 5132 est.

2254 5153 2414 5209 Unus
2437 5160 2628 5209 autem
2659 5162 2808 5212 Deus
2825 5160 3040 5231 est,qui
3064 5166 3247 5233 gratis
3263 5168 3319 5218 et
3349 5170 3514 5219 vocat
3546 5153 3776 5233 praedesti-

2185 5249 2374 5311 natos,
2408 5249 2465 5296 et
2494 5244 2777 5313 iustificat
2805 5256 3120 5310 vocatos.et
3143 5250 3772 5323 gloriﬁcatjustilicatos.

2183 5332 2343 5387 Sicut
2372 5338 2568 5387 autem
2611 5341 2827 5389 nonest
2859 5337 3015 5392 aliud
3043 5341 3390 5408 justilicare,
3419 5335 3773 5410 nisijustosfa-

2182 5421 2420 5483 cere,sic
2436 5437 2545 5474 non
2562 5426 2649 5474 est
2663 5423 2820 5477 aliud
2838 5424 3092 5495 glorilica
3104 5431 3299 5488 remisi
3315 5431 3597 5501 gloriosos
3618 5429 3775 5482 facere.

2187 5509 2499 5576 Proinde,q
2512 5510 2605 5564 uia
2622 5515 2768 5566 Deus
2782 5529 2920 5569 suos
2935 5517 3284 5585 etjUstificut
3297 5512 3775 5584 etglorilicat,sicnt

2181 5599 2374 5671 gratis
2390 5597 2578 5671 ipsius
2590 5607 2964 5672 Opusest,cum
2977 5606 3139 5679 lacitj
3152 5608 3425 5679 ustos,sic
3438 5607 3624 5680 gratia
3637 5601 3776 5676 ipsiui
