3836 6332
95 317 180 375 169
1345 322 1452 381 AD
1498 317 1610 378 ΜΟ

1345 322 1452 381 AD
1498 312 1889 378 MONIMUM
1937 312 2081 373 LIB.
2131 314 2173 373 Ι.

3345 334 3463 394 170

89 453 359 521 qua-ratur,
383 463 494 502 non
521 447 733 519 utique
785 449 921 518 alia,
959 453 1059 508 sed
1099 452 1224 508 sola
1271 454 1533 524 gratuita
1583 451 1687 508 Dei
1721 448 1774 512 Α
1803 444 2088 535 laniate!”
2124 447 2495 522 ωειὶθωςίῖυω
2527 456 2616 507 Bst
2648 455 2829 511 ῑοῑίυε
2860 458 3019 531 origo
3035 464 3460 535 peccatinuam

88 537 435 594 misericordia
456 540 776 608 reperitur,
809 541 937 610 [pse
991 547 1080 597 est
1110 545 1264 597 enim
1299 544 1370 598 de
1401 560 1517 614 quo
1551 543 1693 597 dicit

86 627 306 696 psalmus
331 627 666 682 :Misericors
692 638 746 682 et
778 630 1078 685 miserator
1110 633 1400 696 Dominus,
1435 630 1694 702 longani-

81 715 163 769 πώ
187 722 233 769 et
255 716 439 770 multm
475 717 917 783 misericordiae;
943 735 1054 774 non
1099 720 1160 773 in
1204 722 1371 790 ﬁnem
1402 720 1695 784 irascetur,

79 820 221 874 neque
247 803 304 856 in
325 813 590 858 aeternum
620 805 1145 876 indignabitur-man
1171 811 1476 864 secundum
1515 825 1699 880 pecca-

76 901 122 947 ta
147 901 323 947 nostra
375 894 504 959 fecit
555 893 740 960 nobis,
804 910 983 966 neque
1013 897 1315 952 secundum
1363 898 1697 970 iniquitates

78 989 263 1037 nostra:
289 983 552 1037 retribuit
569 985 902 1053 nobis.Quia
923 986 1162 1041 secunda
1199 988 1557 1042 altitudinem
1577 986 1700 1043 caeli

78 1089 102 1125 α
126 1075 256 1126 terra
282 1071 571 1139 elongavit
595 1072 916 1143 iniquitates
936 1086 1159 1131 nostra:
1183 1093 1214 1131 a
1236 1077 1574 1132 nobis.Sicat
1600 1076 1703 1130 mi-

82 1170 259 1214 seretur
286 1165 451 1229 pater
479 1161 635 1230 ﬁliis,
673 1164 752 1216 ita
781 1164 1040 1218 misertus
1087 1173 1166 1219 est
1199 1165 1459 1220 Dominus
1498 1165 1701 1220 timen-

79 1252 203 1302 tibus
228 1265 350 1302 eum
373 1248 566 1318 (Psat.
601 1265 698 1313 cu,
726 1252 802 1320 8).
834 1256 897 1306 In
933 1252 1022 1308 his
1052 1253 1330 1309 omnibus
1362 1260 1445 1310 tot
1475 1271 1541 1310 ac
1570 1253 1702 1309 tali-

80 1343 167 1392 bus
195 1338 513 1408 bonis,quze
552 1338 829 1396 Dominus
857 1341 1500 1414 retribuit'malis,quid
1543 1343 1700 1399 aliud

80 1442 222 1495 quam
255 1426 521 1480 indebita
554 1428 960 1484 misericordia
990 1431 1271 1486 canitur?
1300 1433 1512 1503 quidve
1546 1431 1702 1487 aliud

83 1531 232 1584 quam
269 1515 532 1585 gratuita
584 1516 771 1586 pietas
803 1519 1153 1589 praedicatur
1183 1520 1211 1574 ?
1239 1519 1385 1575 Nam
1437 1526 1494 1576 et
1523 1521 1580 1575 in
1614 1537 1702 1587 co,

83 1607 210 1674 quod
243 1622 348 1660 non
383 1607 692 1662 secundum
728 1617 951 1678 peccata
974 1613 1163 1664 nostra
1199 1610 1334 1681 fecit
1352 1611 1706 1682 nobis,neque

82 1695 342 1749 secundum
374 1694 709 1767 iniquitates
769 1708 984 1753 nostras
1043 1699 1302 1755 retribuit
1359 1700 1535 1763 nobis,
1569 1717 1706 1773 gra-

1801 534 2001 605 utique
2034 540 2136 590 aut
2170 538 2512 594 retribuisse
2548 542 2726 597 Deum
2762 548 3023 603 nondum
3058 534 3324 620 peccanti
3352 555 3460 612 ho-

1805 622 1982 685 mini,
2043 630 2144 679 aut
2192 627 2535 682 retribuisse
2593 633 2948 690 credendum
3003 645 3090 692 est
3150 643 3460 711 peccatori.

1803 710 1964 766 Hanc
1995 711 2196 783 itaque
2228 715 2275 768 si
2337 718 2598 773 nondum
2651 725 2914 790 peccanti
2946 710 3167 782 homini
3230 732 3460 801 tribuit,

1802 799 1928 870 ipse
1958 801 2135 872 (quod
2171 804 2557 874 absit)auctor
2589 807 2921 880 iniquitatis
2954 817 3300 889 exstitit,qui
3338 799 3464 877 ma-

1807 889 1922 944 lam
1955 891 2314 947 voluntatem
2342 895 2503 948 dedit
2534 895 2758 951 homini
2794 899 2966 970 bono,
2988 922 3086 972 per
3117 923 3293 977 quam
3329 926 3466 980 pec-

1807 994 1946 1032 cans
1978 983 2192 1035 aeterno
2251 987 2506 1038 meretur
2539 987 2731 1054 puniri
2767 991 3077 1061 supplicio.
3115 995 3180 1050 Et
3215 997 3313 1052 ubi
3352 1003 3463 1068 est,

1807 1066 1942 1136 quia
1968 1067 2105 1122 Deus
2161 1076 2393 1125 mortem
2453 1089 2559 1127 non
2580 1074 2710 1142 fecit
2768 1077 2917 1149 (Sap.
2955 1099 2993 1151 ι,
3055 1085 3142 1153 l3)
3176 1085 3203 1139 ?
3233 1086 3300 1141 Et
3327 1066 3464 1158 quia

1805 1171 1917 1209 non
1950 1163 2030 1210 est
2059 1159 2333 1230 iniquitas
2365 1160 2510 1230 apud
2543 1164 2740 1218 Deum?
2792 1167 2855 1220 Et
2880 1172 3021 1238 quia
3074 1174 3251 1237 iustus
3283 1177 3467 1232 Domi-

1809 1260 1936 1311 nus,
1965 1253 2017 1300 et
2043 1247 2329 1313 iustitiam
2363 1249 2583 1317 dilexit,
2614 1256 2930 1324 (equitatem
2963 1260 3102 1315 vidit
3131 1265 3315 1319 vultus
3345 1267 3466 1337 ejus

1813 1334 1958 1388 Psal.
1991 1335 2105 1404 x,8)
2137 1336 2163 1389 ‘t
2195 1337 2252 1391 Si
2281 1348 2472 1394 autem
2513 1340 2679 1395 malea
2713 1342 3032 1426 voluntatis
3064 1349 3299 1407 initium
3333 1334 3462 1424 pec-

1812 1424 1992 1478 caturi
2026 1423 2247 1479 homini
2273 1443 2386 1480 non
2423 1428 2648 1496 tribuit,
2683 1434 2783 1486 sed
2821 1423 3091 1492 retribuit
3125 1423 3465 1509 Deus,utab

1815 1509 2046 1566 homine
2074 1514 2346 1569 credatur
2377 1517 2623 1589 cmpisse
2688 1528 3017 1593 peccatum,
3050 1545 3083 1582 a
3115 1529 3231 1584 Deo
3263 1537 3463 1588 autem

1813 1599 2107 1655 redditum
2143 1603 2307 1658 malae
2364 1606 2682 1664 voluntatis
2742 1611 2976 1668 initium
3040 1617 3456 1691 dicatur,quod

1816 1693 2113 1759 peccatum
2149 1690 2324 1747 homo
2357 1693 2836 1766 facerepotuit,in
2871 1704 3274 1771 quovoluntas
3309 1690 3462 1764 mala

87 1785 211 1838 tuita
239 1785 1022 1854 manifestaturjustiﬁcatio
1044 1788 1383 1860 impiorum.
1419 1790 1488 1844 Et
1519 1789 1574 1844 in
1616 1806 1704 1857 eo,
1737 1793 1784 1858 B
1817 1794 1932 1832 non
1965 1778 2105 1832 fu”?
2151 1797 2285 1836 cum
2347 1783 2548 1839 “unus
2606 1785 2830 1842 fruct-“3
2890 1789 3218 1861 ini'luitalis
3248 1797 3462 1853 exoriri

85 1874 209 1943 quod
241 1876 376 1927 sicut
445 1876 748 1930 miseretur
801 1881 964 1946 pater
989 1879 1145 1948 ﬁliis,
1202 1881 1279 1932 ita
1336 1880 1598 1934 misertus
1629 1886 1707 1934 est

83 1962 306 2017 Dominus
331 1963 669 2019 timentibus
698 1981 842 2028 eum,
875 1967 1134 2037 gratuita
1191 1967 1369 2022 claret
1411 1984 1513 2039 per
1541 1985 1703 2023 eam-

82 2052 188 2105 dem
213 2053 335 2106 tidei
359 2055 857 2124 justiﬁcationem
893 2055 1128 2125 adoptio
1177 2055 1453 2113 ﬁliorum.
1505 2057 1707 2129 Neque

83 2141 212 2195 enim
239 2142 389 2196 sicut
425 2147 593 2212 pater
625 2143 760 2197 ﬁliis
795 2145 1188 2210 misereretur,
1224 2145 1336 2200 nisi
1380 2146 1547 2201 nobis
1569 2162 1703 2217 gra-

89 2230 152 2281 tia
180 2235 332 2299 pater
363 2232 584 2294 factus,
621 2248 728 2286 nos
785 2231 897 2287 sibi
930 2231 1082 2287 ﬁlios
1112 2234 1295 2288 facere
1345 2235 1704 2306 dignaretur.

87 2320 325 2388 Quotquot
348 2323 506 2376 enim
540 2332 858 2392 receperunt
910 2339 1055 2391 eum,
1088 2322 1238 2379 dedit
1274 2325 1354 2378 eis
1380 2329 1708 2396 potestatem

85 2406 208 2474 ﬁlios
235 2409 330 2464 Dei
348 2409 480 2478 ﬁeri
503 2412 683 2478 (Joan,
720 2427 759 2476 ι,
797 2412 906 2478 12).

84 2505 222 2555 Cum
249 2520 375 2556 nu.
407 2507 580 2556 Nemo
623 2509 1028 2570 prmdestinatur
1070 2511 1141 2559 ad
1189 2513 1536 2575 perpetranda
1589 2526 1709 2575 pec-

809 2589 923 2629 cata
934 2619 945 2630 .

141 2657 256 2713 Hec
293 2666 381 2715 est
413 2660 477 2714 in
517 2661 740 2716 sanctis
773 2677 952 2716 causa
986 2664 1520 2732 praedestinatiouis
1561 2665 1705 2719 divi-

86 2763 173 2808 na,
204 2751 549 2817 praeparatio
583 2751 1260 2820 scilicetjustiticationis
1291 2758 1349 2807 et
1379 2754 1708 2824 adoptionis

85 2835 350 2902 indebitae,
385 2855 576 2909 quam
613 2840 754 2908 quia
783 2856 897 2893 non
934 2842 1265 2895 merebatur
1296 2842 1567 2897 voluntas
1604 2843 1706 2898 ho-

87 2925 242 2980 minis
272 2926 448 2994 mala,
492 2944 606 2982 non
661 2933 750 2983 est
781 2930 906 2995 ejus
939 2946 1137 2997 causa,
1192 2931 1304 2985 nisi
1339 2932 1464 2986 sola
1496 2933 1591 2986 Dei
1617 2949 1708 2986 vo-

87 3011 254 3068 luntas
283 3015 460 3070 bona.
503 3020 562 3068 lu
597 3016 690 3070 his
719 3023 911 3071 autem
946 3019 1044 3088 qui
1081 3023 1364 3088 putantur
1409 3020 1708 3091 praedesti-

87 3105 208 3168 nati,
238 3121 347 3159 non
380 3106 454 3159 ad
500 3105 717 3159 luenda
763 3105 1179 3177 supplicia,sed
1215 3109 1282 3162 ad
1325 3111 1711 3179 perpetranda

89 3203 454 3262 peccata,cum
491 3210 672 3249 causa
705 3195 1240 3265 prmdestinationis
1273 3200 1574 3268 quaeritur,
1596 3216 1710 3254 non

90 3282 288 3336 invenio
320 3283 468 3353 quid
503 3283 606 3338 18
629 3284 981 3353 respondere
1015 3291 1229 3354 posset,
1254 3287 1530 3356 quisquis
1563 3287 1714 3342 hanc

93 3385 322 3426 asserere
357 3373 709 3427 meditatur.
745 3372 1018 3442 Nunquid
1053 3375 1232 3437 enim,
1264 3376 1417 3428 sicut
1452 3379 1603 3428 recte
1635 3376 1718 3430 di-

91 3458 273 3525 cimus,
305 3461 373 3514 ad
407 3460 518 3515 hoc
550 3460 996 3530 praedestinatos
1028 3467 1282 3527 sanctos,
1320 3470 1382 3515 ut
1417 3462 1532 3518 Deo
1559 3463 1615 3518 in
1633 3465 1717 3519 eis

93 3548 523 3604 misericorditer
558 3555 859 3619 operante,
891 3567 959 3604 ex
986 3549 1156 3603 malis
1180 3551 1384 3606 tierent
1416 3552 1635 3619 boni,et
1650 3569 1718 3607 ex

96 3637 264 3706 impiis
287 3638 634 3709 justi,quod
672 3654 805 3692 cum
869 3638 1146 3708 dicimus,
1208 3640 1276 3693 ad
1341 3639 1438 3693 Dei
1466 3640 1714 3711 gloriam

93 3723 339 3791 dicimus,
375 3726 654 3797 nunquid
715 3726 798 3781 sic
821 3734 974 3781 recte
1005 3728 1196 3781 dicere
1267 3729 1610 3797 poterimus,
1644 3729 1716 3784 ad

95 3812 180 3866 hoc
208 3816 657 3884 pradestinatos
691 3815 946 3885 iniquos,
983 3820 1046 3869 ut
1078 3815 1192 3870 Deo
1225 3817 1282 3870 in
1319 3817 1425 3884 eis,
1457 3817 1568 3871 etsi
1604 3833 1718 3871 non

95 3905 547 3972 misericUrditer,
605 3905 814 3958 saltem
865 3904 1027 3973 juste
1077 3911 1374 3974 operante,
1435 3921 1500 3959 ex
1553 3905 1720 3960 bonis

97 3990 270 4046 tierent
299 3993 460 4057 mali,
499 3998 608 4047 aut
631 4009 696 4046 ex
719 3993 904 4060 justis
954 3993 1159 4048 fierent
1192 3995 1386 4065 impii?
1415 3994 1583 4048 Absit
1613 3995 1720 4049 hoc

97 4094 123 4130 a
149 4083 298 4137 nobis
328 4093 514 4152 atque
539 4083 615 4134 ab
662 4080 934 4135 omnibus
962 4081 1332 4148 Christianis,
1379 4089 1442 4137 ut
1481 4099 1718 4138 causam

99 4170 379 4236 cujuslibet
422 4170 651 4241 peccati
682 4171 998 4240 quisquam
1034 4172 1316 4240 deputare
1374 4172 1582 4226 divinas
1615 4189 1720 4227 au-

99 4259 206 4313 deat
235 4262 530 4332 aequitati:
567 4277 701 4314 cum
737 4277 842 4314 nec
878 4259 1251 4328 malitim,uec
1276 4262 1598 4332 impietatis
1629 4279 1724 4317 cu-

89 4351 336 4421 jusquam
372 4367 559 4406 causa
580 4366 712 4404 esse
744 4351 954 4419 possit,
1011 4351 1121 4405 nisi
1159 4351 1213 4405 in
1278 4367 1344 4405 eo
1396 4352 1494 4423 qui
1532 4353 1724 4407 malus

97 4445 244 4506 atque
293 4441 518 4510 impius
564 4439 760 4493 fuerit.
803 4437 872 4493 Ut
913 4455 1050 4508 ergo
1101 4456 1169 4494 ex
1227 4439 1397 4495 malis
1445 4442 1586 4495 fiant
1617 4441 1722 4495 hoc

1817 1868 2142 1938 possit,nisi
2176 1886 2348 1941 quem
2381 1873 2543 1926 radix
2575 1873 2892 1933 voluntatis
2925 1881 3091 1934 mala:
3126 1885 3457 1952 protulerit.

1810 1955 1885 2009 De
1915 1956 2073 2010 corde
2102 1959 2250 2013 enim
2284 1959 2461 2029 (sicut
2495 1961 2723 2018 Veritas
2749 1965 2847 2035 ait)
2866 1973 3072 2023 exeunt
3102 1975 3464 2040 cogitationes

1812 2044 2331 2113 malm,homioidia,
2363 2051 2676 2116 adulteria,
2695 2055 3454 2130 fornicationes,furta,/alsa

1811 2131 2148 2199 testimonia,
2213 2135 2559 2206 blaphemim.
2609 2142 2734 2196 Haec
2763 2153 2887 2197 sunt
2919 2161 3043 2214 quae
3092 2149 3459 2219 coinquinant

1813 2222 2083 2312 hominem
2115 2228 2338 2292 (Matth.
2374 2245 2463 2294 xv,
2503 2229 2610 2298 19}.
2647 2230 2887 2302 Propter
2946 2237 3095 2305 quod
3135 2237 3294 2294 Deus
3331 2240 3458 2312 ipse

1815 2327 1917 2382 per
1945 2311 2246 2369 Jeremiam
2282 2316 2366 2370 sic
2394 2317 2665 2373 humanm
2700 2322 2984 2378 malitiam
3019 2324 3333 2384 voluntatis
3356 2311 3462 2386 iob-

1808 2401 2026 2471 jurgat,
2061 2406 2124 2456 ut
2154 2419 2280 2458 eam
2314 2422 2346 2458 a
2376 2423 2437 2460 se
2484 2407 2731 2464 alienam
2771 2428 2898 2466 esse
2944 2417 3273 2484 perdocent.
3308 2418 3460 2476 Dicit

1813 2488 1969 2543 enim
2007 2506 2018 2545 :
2055 2491 2190 2562 Ergo
2218 2498 2272 2548 te
2297 2495 2555 2564 plantan
2585 2501 2798 2554 vineam
2827 2505 3202 2572 fructi/eram,
3233 2524 3457 2577 quomo-

1813 2577 1878 2633 do
1907 2594 2169 2634 conversa
2197 2597 2252 2636 es
2276 2584 2333 2636 in
2365 2586 2795 2642 amaritudinem
2833 2593 2958 2645 vitis
3015 2593 3223 2652 alien-ae
3252 2598 3460 2664 (Jer.u,

1811 2666 1904 2737 21)
1929 2667 1950 2719 ?
1973 2667 2234 2724 Alienum
2273 2672 2476 2743 utique
2504 2692 2536 2729 a
2567 2692 2628 2730 se
2660 2677 2832 2732 vitem
2877 2680 3018 2735 dicit
3058 2700 3170 2738 non
3206 2685 3343 2740 vitio
3374 2686 3462 2741 di-

1815 2756 1960 2810 vinae
1993 2759 2470 2826 conditionis,sed
2504 2767 2807 2822 aversione
2841 2771 3085 2840 propriae
3120 2773 3464 2842 voluntatis,

1817 2860 1944 2914 quas
1968 2845 2131 2915 juste
2191 2849 2482 2918 culpatur,
2520 2870 2620 2922 pro
2681 2871 2747 2909 eo
2791 2859 2944 2926 quod
3004 2862 3464 2919 amaritudinem

1817 2933 2264 3007 protulit,quam
2297 2940 2352 2993 in
2383 2955 2450 2993 ea
2482 2941 2634 2997 Deus
2670 2943 2792 3014 ipse
2819 2963 2932 3002 non
2981 2948 3135 3004 fecit.
3173 2951 3462 3016 Quoniam

1817 3023 2006 3093 ipsam
2044 3026 2631 3096 aniaritudinemmec
2665 3049 2733 3087 ex
2794 3034 2891 3089 Dei
2927 3039 3472 3107 prmdestinatioue,

1824 3128 1928 3166 nec
1960 3129 2026 3167 ex
2051 3113 2150 3168 Dei
2211 3133 2406 3188 opere,
2438 3121 2537 3173 sed
2600 3137 2668 3175 ex
2701 3122 2917 3178 malitia
2975 3143 3094 3180 suae
3155 3129 3473 3186 voluntatis

1824 3201 2048 3257 habuit.
2078 3203 2179 3258 Pro
2213 3221 2327 3276 qua
2358 3208 2751 3264 amaritudine
2781 3212 2865 3266 sic
2896 3230 3021 3267 eam
3054 3221 3207 3270 Deus
3242 3233 3341 3288 per
3371 3235 3470 3273 su-

1822 3306 1924 3360 pra
1949 3300 2335 3348 memoratum
2370 3298 2713 3367 prophetam
2748 3302 2938 3357 denuo
2993 3303 3256 3376 increpat
3288 3323 3299 3359 :
3327 3306 3470 3362 Scito

1819 3398 1984 3451 quam
2018 3385 2224 3438 malum
2249 3395 2328 3441 est
2358 3389 2458 3441 tibi
2478 3395 2530 3442 et
2567 3407 2824 3446 amarum
2851 3393 3147 3464 reliquisse
3179 3398 3469 3453 Dominum

1822 3471 1992 3524 Deum
2023 3477 2254 3541 tuum,et
2279 3491 2386 3528 non
2415 3477 2795 3533 essetimorem
2823 3498 3003 3536 meum
3034 3484 3180 3550 apud
3201 3489 3253 3540 te
3274 3486 3465 3556 (Ibid.,

1825 3560 1929 3624 19).
1963 3564 2103 3615 Cum
2142 3581 2277 3631 ergo
2313 3564 2416 3618 hoc
2449 3566 2525 3619 sit
2560 3567 2781 3621 homini
2847 3571 3066 3625 malum
3103 3580 3158 3628 et
3199 3592 3466 3631 amarum

1826 3647 2135 3720 reliquisse
2168 3651 2571 3721 Dominum,et
2607 3656 2873 3712 timorem
2894 3660 2990 3713 Dei
3022 3663 3176 3733 apud
3201 3679 3468 3720 eumuon

1823 3755 1972 3803 esse,
2007 3742 2137 3811 quis
2201 3742 2275 3795 ita
2306 3744 2383 3797 sit
2441 3746 2769 3800 contrarius
2820 3751 3070 3820 veritati,
3118 3760 3180 3807 ut
3240 3760 3407 3825 putet
3440 3773 3474 3813 ο.

1826 3828 1976 3884 bono
2009 3846 2073 3883 ac
2105 3831 2265 3884 suavi
2303 3831 2417 3887 Deo
2473 3833 2568 3906 (de
2600 3854 2712 3905 quo
2774 3840 3057 3911 scriptum
3101 3849 3188 3897 est
3224 3850 3263 3914 :)
3301 3845 3476 3914 Quam

1829 3918 1996 3974 bonus
2027 3921 2167 3976 Deus
2188 3922 2359 3977 Israel
2409 3929 2568 3980 rectis
2609 3927 2770 3982 corde
2819 3931 2988 3987 (Psul.
3043 3952 3212 4000 LXXII,
3277 3936 3378 4005 1)?
3408 3937 3474 3994 Et

1828 4011 1965 4081 quia
1987 4029 2142 4068 nemo
2175 4014 2347 4068 bonus
2377 4017 2493 4070 nisi
2516 4018 2663 4071 solus
2688 4020 2784 4074 I9
2817 4021 2954 4075 Deus
2984 4025 3166 4093 (illam.
3202 4045 3254 4085 x.
3304 4027 3478 4097 18),et

1827 4101 1898 4153 de
1930 4118 2045 4172 quo
2077 4103 2390 4172 Apostolus
2425 4107 2567 4161 dicit
2600 4126 2612 4162 :
2651 4110 2712 4165 Ut
2759 4113 3002 4168 ostendat
3029 4115 3086 4168 in
3129 4117 3350 4173 sa’culis
3376 4134 3472 4173 su-

1827 4191 2276 4255 pervenientibus
2305 4193 2661 4250 abundantes
2682 4198 2908 4254 divitias
2937 4206 3133 4272 gratiae
3159 4221 3276 4259 sua:
3298 4205 3356 4259 in
3379 4207 3474 4262 b0-

1828 4281 2183 4340 nitatesuper
2201 4298 2297 4336 nos
2355 4283 2569 4352 (Ephes.
2601 4302 2662 4352 ιι,
2687 4288 2840 4356 7).Et
2871 4291 2939 4343 de
2971 4294 3140 4358 cujus
3190 4296 3477 4351 suavitate

1829 4373 2058 4421 canitur
2087 4387 2104 4422 :
2137 4369 2355 4424 Gustate
2381 4376 2432 4426 et
2489 4373 2660 4428 ridete
2684 4392 2849 4444 quam
2880 4379 3065 4432 suavis
3083 4386 3156 4434 est
3208 4383 3478 4439 Dominus

1833 4457 2006 4526 (Psal.
2039 4475 2237 4526 xxxm,
2270 4460 2345 4528 tl).
2384 4460 2450 4513 Et
2481 4462 2550 4514 de
2574 4463 2738 4532 cujus
2774 4465 3021 4531 eloquiis
3054 4471 3242 4524 denuo
3278 4471 3481 4540 praedi-

99 4529 259 4583 miues
287 4530 444 4594 boni,
481 4535 541 4584 et
570 4545 640 4583 ex
690 4528 892 4598 ἱιηρίὶε
919 4527 1088 4595 ius“.
1141 4527 1438 4584 Ῑᾶυάεηάα
1486 4535 1574 4584 est
1625 4529 1722 4584 “8i
1758 4524 1804 4585 D
1835 4524 2031 4598 catur:
2067 4546 2238 4613 Quam
2262 4546 2446 4602 dulcia
2477 4553 2735 4619 faucibus
2765 4556 2903 4608 mris
2931 4557 3146 4625 eloquia
3169 4524 3291 4629 tua:
3318 4576 3482 4632 super

96 4618 612 4674 misericordiazut
641 4623 836 4672 autem
898 4634 965 4670 ex
1025 4617 1191 4672 bonis
1242 4619 1386 4672 ﬂant
1449 4618 1722 4675 homines

98 4708 237 4771 mali,
257 4714 352 4761 aut
385 4725 456 4762 ex
479 4707 666 4775 justis
696 4705 908 4775 iniqui,
937 4705 984 4759 si
1021 4706 1230 4759 divinas
1266 4707 1725 4775 prmdestinatio-

100 4797 175 4848 uis
197 4797 476 4850 asseritur
510 4811 720 4855 causa,
751 4793 863 4848 erit
893 4795 1068 4863 (quod
1119 4796 1294 4863 absit)
1331 4796 1724 4866 vituperanda

95 4884 314 4949 justitia.
349 4887 636 4952 Quinimo
669 4899 774 4936 nec
800 4883 1034 4950 justitia
1057 4885 1220 4951 justa
1251 4883 1499 4950 dicetur,
1539 4885 1586 4938 si
1625 4902 1726 4955 pu-

98 4975 345 5030 niendum
383 4990 562 5029 reum
626 4989 741 5027 non
775 4973 1094 5031 invenisse.
1147 4972 1246 5025 sed
1311 4973 1517 5027 fecisse
1556 4973 1720 5028 dica-

101 5071 196 5115 tur.
245 5064 425 5134 Major
455 5078 598 5116 vero
630 5062 742 5114 erit
773 5059 1084 5128 injustitia,
1118 5060 1166 5114 si
1233 5061 1393 5131 lapso
1439 5061 1592 5116 Deus
1645 5079 1727 5116 re-

100 5152 281 5205 tribuit
311 5167 574 5222 poenam,
599 5165 773 5220 quem
811 5153 1061 5203 stantem
1099 5149 1550 5219 praedestiuasse
1580 5151 1725 5204 dici-

102 5247 181 5291 tur
207 5241 271 5292 ad
306 5244 567 5294 ruinam.

98 5337 242 5387 Carus
273 5351 418 5386 mu.
455 5337 603 5385 Mala
635 5335 858 5384 hominis
913 5335 1149 5383 voluntas
1177 5350 1274 5383 non
1315 5339 1391 5384 est
1420 5339 1522 5386 Dei
1580 5339 1729 5398 ptan-

150 5411 482 5457 tntto.Sunois
504 5411 556 5456 et
581 5409 742 5454 bonus
775 5407 1022 5455 Dominus
1049 5421 1148 5454 non
1179 5409 1374 5455 crerlvit
1404 5408 1728 5459 amaritudi-

152 5494 257 5527 nem
286 5491 329 5528 et
361 5480 621 5527 malitiam
654 5477 932 5526 voluntatis
960 5491 1228 5538 perversae.
1276 5476 1548 5528 Praescivit
1601 5481 1731 5527 Deus

153 5549 372 5599 licuitne:
389 5555 705 5608 peccaturos,
735 5549 825 5597 sed
885 5563 968 5596 eos
995 5545 1065 5594 ad
1104 5549 1418 5610 peccandum
1471 5565 1574 5600 non
1601 5566 1730 5612 prae-

157 5621 530 5671 destextinnuit.

165 5705 354 5767 Quaero
388 5713 584 5759 autem
618 5719 719 5758 cur
751 5702 1010 5772 primum
1076 5699 1572 5775 hominem.quem
1605 5704 1736 5776 (sic-

112 5797 166 5842 ut
194 5795 466 5864 scriptum
502 5792 738 5860 esti/ecit
766 5794 1024 5847 Dominus
1039 5800 1252 5848 rectum
1283 5792 1544 5863 (Eccles.v
1572 5795 1733 5866 1,30),

111 5882 501 5948 pradestinare
535 5884 776 5951 potuerit
805 5883 878 5938 ad
909 5881 1296 5956 peccandum,
1329 5881 1386 5936 id
1411 5887 1499 5937 est
1530 5881 1600 5939 ad
1624 5899 1723 5938 vo-

411 5998 675 6061 ΡΑτιιοι..
721 5997 901 6064 LXV.

1829 4633 1937 4686 mel
1964 4636 2011 4687 et
2041 4637 2228 4704 [avum
2261 4637 2350 4690 ori
2395 4653 2512 4692 meo
2536 4639 2712 4708 (."sul.
2747 4657 2940 4710 cxvm,
2981 4645 3121 4714 103).
3151 4647 3214 4700 Et
3246 4666 3473 4708 rursus:

1828 4721 2042 4776 Iudicia
2075 4721 2173 4776 Dei
2202 4724 2659 4795 vera,justiﬁrata
2692 4727 2748 4783 in
2781 4735 3105 4804 semetipsis,
3134 4735 3476 4794 desiderabi-

1832 4810 1910 4863 lia
1932 4827 2096 4880 super
2117 4828 2317 4866 aurum
2343 4818 2391 4867 et
2413 4815 2652 4882 lapidem
2669 4819 2972 4886 pretiosum
3013 4825 3329 4894 multum,et
3351 4827 3478 4882 dul-

1831 4897 1983 4953 ciara
2007 4915 2176 4969 super
2195 4901 2372 4955 metet
2402 4906 2594 4971 [avum
2626 4909 2798 4976 (Psal.
2837 4927 2995 4975 xvxu,
3033 4913 3134 4982 11).
3171 4915 3310 4979 Quis
3343 4933 3483 4987 ergo

1835 4995 1996 5058 putet
2027 5007 2058 5044 a
2092 4993 2239 5046 bono
2274 5009 2338 5047 ac
2358 4995 2654 5050 suaviDeo
2672 5001 3148 5068 praedestinatum
3181 5004 3480 5060 hominem

1833 5082 1933 5132 aut
1965 5079 2032 5132 ad
2075 5079 2354 5136 malitiam
2390 5083 2723 5154 voluntatis,
2773 5106 2890 5159 qua
2924 5093 3139 5144 bonum
3188 5098 3363 5146 Deum
3395 5110 3482 5147 re-

1835 5164 2149 5237 linqueret,
2184 5176 2285 5224 aut
2316 5172 2387 5226 ad
2443 5174 2894 5230 amaritudinem
2930 5179 3336 5243 contumaciae,
3364 5196 3482 5248 qua

1836 5272 2071 5311 suavem
2111 5260 2420 5314 Dominum
2452 5278 2564 5316 non
2626 5265 2854 5317 timeret
2886 5264 3181 5318 ?Proiude
3211 5267 3486 5325 fidelibus

1837 5352 2106 5417 congruit
2137 5349 2371 5402 credere
2406 5356 2463 5402 et
2496 5352 2658 5404 fateri
2698 5357 2875 5404 Deum
2911 5353 3126 5406 bonum
3158 5361 3215 5408 et
3256 5356 3487 5425 justum

1839 5437 2140 5506 praescisse
2172 5436 2409 5506 quidem
2448 5456 2479 5506 p
2506 5444 2786 5492 iocaturos
2842 5439 3131 5504 homines,
3173 5447 3312 5516 quia
3344 5445 3492 5502 nihil

1839 5541 1971 5578 eum
2006 5524 2187 5578 latere
2222 5525 2410 5592 potuit
2445 5527 2990 5599 l'uturorum(noquc
3021 5534 3176 5587 enim
3214 5537 3296 5587 vel
3334 5535 3496 5592 lutu-

1842 5630 1901 5667 ra
1925 5620 2146 5672 essent,
2179 5613 2224 5664 si
2263 5612 2320 5664 in
2345 5613 2475 5680 ejus
2508 5614 2872 5684 praescientm
2909 5636 3018 5673 non
3055 5623 3352 5695 fuissent),
3379 5641 3496 5680 non

1840 5708 2034 5756 tamen
2071 5701 2518 5772 praedestinasse
2568 5705 2882 5774 quemlibet
2914 5713 3206 5766 lmininem
3243 5714 3311 5766 ad
3361 5730 3498 5785 pec-

1841 5798 2061 5856 catum,
2117 5789 2255 5860 quia
2305 5789 2354 5844 si
2415 5792 2486 5846 ad
2543 5801 2847 5865 peccatum
2904 5799 3142 5869 δῖῑιμξλά
3197 5802 3497 5858 hominem

1838 5881 1992 5937 Deus
2053 5877 2516 5952 praedestinaret,
2572 5898 2676 5952 pro
2707 5889 2966 5955 peccatis
3026 5889 3314 5944 honinem
3377 5906 3497 5944 non

3136 6006 3176 6063 6
