3836 6320
110 352 183 412 l8l

1360 344 1463 404 AD
1509 341 1886 406 MONIMUM
1929 345 2078 405 LIB.
2126 345 2205 406 Il.

3335 345 3451 406 182

103 489 192 544 Iesu
215 492 265 540 ut
283 479 728 556 pollicitationem
763 478 1016 550 Spiritus
1037 477 1374 550 accipiamus
1393 495 1489 550 per
1517 476 1679 549 fidem
1711 478 1763 545 Α
1794 476 2085 536 criﬁcasse
2115 479 2506 537 consentiant.
2539 483 2799 550 Utroque
2831 479 2984 535 enim
3032 483 3319 552 tanquam
3352 480 3445 535 bis

102 576 236 641 (lbid.,
265 573 364 640 14).
395 571 480 626 Sit
497 571 673 642 igitur
694 567 942 624 omnino
985 572 1369 640 compertum,
1398 567 1531 623 illos
1554 582 1681 622 esse
1790 575 1960 626 acuto
1983 571 2198 642 gladio,
2225 574 2456 628 nefarias
2477 572 2833 628 diversitatis
2851 573 3230 627 obtruncatur
3247 588 3443 628 asser-

100 661 450 720 benedictionis
475 658 683 712 divinae
724 660 1031 728 compotes
1076 662 1133 712 et
1163 656 1447 728 spiritalis
1477 655 1678 728 gratim
1787 658 1868 714 tio
1895 661 2090 730 ;quia,
2114 663 2160 716 si
2188 666 2369 717 Deum
2393 661 2620 717 Patrem
2642 661 2887 716 Abrahae
2910 662 3100 716 visum
3126 661 3353 728 dicunt,
3373 665 3438 716 ut

101 754 366 825 participes,
397 750 493 806 29
526 765 674 820 quos
705 753 940 803 constat
965 746 1098 802 ﬁdei
1127 746 1372 802 Abrahae
1404 747 1461 801 in
1494 746 1676 802 sacri-

96 845 190 898 ﬁcio
211 839 420 912 reperiri
469 854 774 909 sequaces.
807 838 869 892 In
902 837 1052 892 libro
1101 837 1345 891 Genesis
1381 836 1670 906 legimus:

97 935 206 986 fisus
229 935 294 984 est
322 929 570 983 Dominus
601 928 747 983 Deus
776 926 1032 994 Abrahae,
1061 933 1117 982 et
1148 925 1302 981 dixit
1329 927 1384 981 ei
1408 942 1420 979 :
1455 925 1678 980 Semiui

95 1028 157 1075 tuo
179 1018 292 1074 dabo
318 1022 515 1072 terram
544 1019 733 1072 istam.
769 1018 835 1072 Et
860 1015 1153 1086 xdiﬁcavit
1177 1015 1260 1070 ibi
1287 1014 1569 1070 Abraham
1585 1010 1676 1068 al-

89 1122 172 1165 tare
197 1109 410 1172 Domino,
433 1108 530 1178 qui
559 1107 712 1160 visus
735 1113 815 1160 est
844 1106 918 1172 ei,
951 1109 1002 1159 et
1031 1107 1252 1159 recessit
1287 1103 1413 1158 inde
1432 1102 1493 1158 in
1521 1118 1673 1158 mon-

91 1206 166 1252 tem
176 1203 338 1254 contra
351 1199 617 1252 orientem
639 1193 849 1260 Bethel,
869 1202 918 1248 et
931 1191 1246 1264 aediﬁcavit
1267 1193 1345 1248 ibi
1363 1193 1542 1248 altare
1560 1193 1666 1248 Do-

87 1292 197 1345 mino
209 1293 377 1354 Deo,et
388 1290 667 1344 invocavit
683 1288 743 1341 in
757 1288 974 1340 nomine
988 1287 1205 1340 Domini
1217 1285 1442 1356 Dei,qui
1450 1285 1506 1339 ei
1516 1283 1666 1340 visus

86 1386 138 1433 est
160 1383 288 1448 (Gen.
317 1394 409 1443 xu,
440 1381 518 1446 7).
543 1377 958 1448 Eligantnunc
983 1375 1238 1430 haeretici
1261 1376 1415 1446 quod
1439 1373 1662 1440 volunt,

81 1477 128 1524 nt
151 1473 230 1523 aut
254 1467 462 1524 Patrem
499 1467 802 1522 fateantur
831 1464 1076 1522 Abrahae
1114 1464 1328 1531 visum,
1380 1473 1478 1518 aut
1509 1469 1662 1519 certe

80 1557 373 1612 consentiant
400 1555 473 1610 ab
503 1553 812 1610 Abraham
844 1553 982 1609 Filio
1008 1553 1191 1609 altare
1213 1557 1622 1608 constructum
1645 1570 1658 1620 ;

83 1645 213 1702 altare
225 1661 339 1701 vero
356 1661 468 1700 non
488 1645 562 1699 ob
582 1643 747 1700 aliud
768 1642 1067 1710 aediﬁcari,
1083 1643 1193 1698 nisi
1209 1644 1279 1697 ad
1295 1643 1657 1698 offerendum

79 1737 356 1791 sacriﬁcium
372 1735 752 1802 Deo,Veteris
765 1733 1122 1790 Testamenti
1137 1731 1308 1788 lectio
1326 1733 1659 1804 frequenter

1786 747 1837 802 ei
1869 748 1978 803 soli
2010 751 2365 806 sacriﬁcium
2396 755 2664 806 asserant
2693 749 3084 814 immolatum,
3108 750 3165 803 in
3188 767 3255 806 eo
3278 750 3436 822 quod

1784 837 1945 895 visus
1963 841 2271 908 asseritur,
2291 858 2404 897 non
2418 841 2823 912 erittanquam
2842 840 3156 896 invisibilis
3178 841 3443 896 Peterin-

1782 927 1999 983 visibili
2024 928 2167 985 Filio
2186 931 2647 1002 prteponendus;
2672 930 2934 985 siautem
2949 931 3129 984 Filius
3142 929 3305 984 visus
3323 934 3435 998 est,

1781 1017 1907 1072 etei
1939 1019 2295 1075 sacriﬁcium
2320 1025 2564 1076 sanctus
2587 1019 2920 1091 patriarcha
2941 1018 3176 1086 obtulit,
3201 1036 3317 1074 non
3343 1023 3434 1075 est

1781 1104 1936 1161 Patri
1964 1107 2142 1163 Filius
2160 1109 2218 1164 in
2240 1109 2438 1181 aliquo
2463 1109 2928 1180 praeponendos;
2957 1124 3144 1180 neque
3166 1109 3321 1164 enim
3343 1108 3430 1164 illi

1780 1195 2075 1252 Abraham
2094 1197 2452 1253 sacriﬁcium
2471 1198 2725 1264 oﬁerret,
2740 1197 2790 1252 si
2807 1197 3090 1268 potiorem
3109 1196 3206 1252 illo
3222 1212 3430 1268 quem-

1776 1300 1955 1354 quam
1988 1285 2169 1342 alium
2199 1285 2566 1342 credidisset.
2594 1289 2675 1342 Ac
2705 1287 2791 1341 sic
2822 1286 2942 1351 isti,
2979 1286 3076 1356 qui
3111 1286 3284 1342 ﬁdem
3316 1302 3440 1342 no--

1774 1377 1955 1430 stram
1983 1374 2158 1446 huius
2179 1375 2438 1447 impulsu
2456 1375 2916 1447 qumstionislo
2931 1375 3430 1448 existimantqua-

1773 1463 2057 1532 tiendam,
2077 1464 2388 1537 utrobique
2411 1479 2650 1521 necesse
2666 1469 2757 1521 est
2771 1463 3142 1519 mendacium
3169 1480 3288 1519 sum
3307 1479 3428 1519 cre-

1771 1553 2038 1610 dulitatis
2071 1556 2169 1627 (al.
2214 1555 2668 1629 incredulitatis)
2701 1559 3047 1627 agnoscant.
3084 1554 3150 1610 Et
3192 1556 3419 1611 utinam

1769 1651 2185 1717 cognoscentes
2230 1647 2533 1717 abjiciant,
2567 1656 2621 1703 et
2650 1647 2721 1702 ad
2769 1663 2964 1702 veram
3009 1646 3184 1701 ﬁdem
3214 1646 3416 1719 (quam

1769 1733 2024 1790 inaniter
2044 1733 2288 1790 rebelles
2305 1735 2682 1806 impugnant)
2701 1733 3022 1790 salubriter
3043 1732 3296 1788 humiles
3315 1749 3418 1804 pa-

78 1825 291 1880 insinuat.
319 1828 536 1896 Moyses
568 1824 794 1895 quippe
825 1824 896 1878 de
921 1822 1038 1880 Noe
1060 1823 1217 1892 justo
1242 1822 1327 1877 sic
1351 1821 1648 1893 loquitur:
1680 1851 1726 1916 Β
1765 1822 2137 1894 catiquejam
2169 1822 2443 1878 redeant!
2471 1823 2766 1878 Abraham
2796 1821 2953 1877 enim
2979 1821 3078 1892 qui
3103 1838 3216 1877 non
3244 1821 3412 1878 alteri

78 1913 375 1982 [tediﬁcavit
401 1918 516 1970 Noe
543 1916 732 1968 altare
764 1914 886 1981 Deo,
917 1915 974 1967 et
1011 1917 1292 1983 tanquam
1323 1910 1650 1983 interroga-
1680 1910 1720 1916 “
1755 1917 1894 1977 Deo,
1927 1913 2028 1967 sed
2052 1911 2104 1966 ei
2126 1912 2228 1984 qui
2250 1912 2362 1967 sibi
2387 1912 2546 1968 visus
2571 1916 2661 1968 est
2680 1911 2862 1966 altare
2885 1911 3228 1966 construxit.
3247 1915 3414 1968 utse-

75 2009 203 2067 retur,
223 2003 371 2073 cujus
392 2004 467 2058 rei
491 2003 688 2075 gratia
704 2003 1001 2073 virjustus
1019 2001 1166 2057 illud
1185 2001 1369 2056 altare
1389 2006 1652 2056 constru-

72 2093 194 2155 xerit,
219 2100 434 2147 secutus
464 2092 744 2161 adjunxit
769 2109 782 2145 :
817 2094 888 2145 Et
907 2093 1115 2162 accepit
1135 2092 1201 2145 ab
1224 2091 1474 2146 omnibus
1501 2105 1653 2161 peco-

72 2183 182 2234 ribus
203 2182 416 2247 mundis,
442 2182 576 2236 etab
601 2182 856 2236 omnibus
873 2180 1190 2235 volatilibus
1211 2179 1455 2245 mundis,
1479 2189 1530 2234 et
1553 2179 1616 2234 ob
1631 2208 1650 2219 -

72 2274 166 2324 tulit
188 2272 392 2326 hostiam
423 2287 602 2338 super
633 2272 815 2326 altare
849 2272 952 2324 Deo
980 2269 1134 2340 (Gen.
1163 2286 1287 2326 vui.
1318 2272 1428 2340 20).
1461 2269 1651 2325 Claret

69 2360 198 2427 igitur
217 2366 463 2416 sanctum
499 2375 744 2431 quoque
769 2358 1081 2423 Abraham,
1103 2359 1357 2412 amicum
1381 2358 1476 2412 Dei
1513 2358 1650 2413 ﬁde-

71 2449 168 2511 lem,
191 2454 238 2502 et
262 2451 510 2520 gentium
539 2447 808 2503 ﬁdelium
837 2453 1082 2518 patrem,
1105 2447 1179 2501 ob
1205 2447 1312 2502 hoc
1336 2451 1446 2502 Deo
1472 2447 1573 2518 qui
1594 2447 1648 2502 ei

71 2536 183 2590 visus
208 2544 282 2592 est
307 2538 626 2592 aediﬁcasse
647 2537 848 2596 altare.
885 2541 949 2590 ut
978 2535 1027 2591 ei
1063 2541 1259 2606 posset
1287 2536 1644 2591 sacriﬁcium

68 2641 270 2696 congruae
292 2626 717 2682 immolationis
733 2625 957 2682 oﬁ‘erre.
984 2625 1064 2680 Ne
1087 2631 1302 2692 autem,
1327 2643 1456 2680 cum
1477 2625 1535 2680 in
1553 2643 1652 2681 no-

68 2718 178 2768 mine
194 2718 395 2770 Domini
416 2715 512 2771 Dei
538 2716 766 2771 dicitur
786 2715 1109 2781 invocasse,
1125 2717 1435 2787 quisquam
1455 2715 1649 2770 existi-

64 2804 363 2860 metalterum
381 2810 559 2861 Deum
582 2807 642 2859 in
660 2805 895 2860 nomine
914 2804 1007 2859 Dei
1021 2804 1264 2859 alterius
1288 2806 1642 2874 invocatum,

62 2907 154 2947 cum
168 2910 261 2948 non
281 2895 429 2950 aliud
449 2897 549 2965 sit,
589 2895 889 2949 invocasse
917 2897 977 2948 in
1002 2893 1241 2948 nomine
1267 2893 1497 2948 Domini
1521 2893 1642 2961 Dei,

60 2996 187 3050 qnam
215 2983 494 3040 invocasse
527 3001 749 3040 nomen
789 2982 1014 3039 Domini
1047 2982 1166 3050 Dei,
1218 2985 1645 3054 subsequenter

58 3072 722 3130 eridentimauifestatione
738 3073 1092 3145 hocquoque
1105 3072 1404 3143 Scriptura
1418 3073 1646 3128 curavit

59 3158 203 3216 divina
216 3169 548 3231 monstrare;
578 3162 760 3236 paulo
783 3162 1078 3233 postenim
1097 3161 1180 3217 sic
1202 3161 1444 3216 dicitur:
1467 3163 1635 3216 Abra-

57 3247 145 3301 ham
166 3257 323 3307 autem
347 3261 467 3308 erat
483 3257 725 3308 onustus
745 3251 901 3307 valde
917 3252 1223 3322 pecoribus,
1248 3255 1299 3306 et
1329 3255 1574 3319 argento,
1589 3261 1641 3307 et

52 3353 163 3403 auro,
188 3350 232 3395 et
254 3343 386 3397 abiit
409 3344 508 3397 illo
542 3344 653 3406 (at.
674 3341 858 3410 illuc),
878 3341 1020 3396 unde
1033 3350 1272 3406 venerat,
1291 3343 1351 3396 in
1362 3341 1636 3396 desertum

51 3442 168 3496 usque
193 3431 372 3496 Bethel,
403 3433 472 3487 ad
502 3434 694 3487 locum
726 3433 820 3485 ubi
847 3434 1040 3501 fuerat
1063 3431 1483 3486 tabernaculum
1515 3433 1635 3502 ejus

50 3520 176 3581 prius.
204 3522 332 3573 inter
362 3523 555 3576 Bethel
583 3528 640 3576 et
672 3524 816 3575 inter
836 3521 978 3590 Agge
997 3564 1012 3588 ,
1038 3523 1096 3574 in
1127 3522 1307 3574 locum
1338 3522 1436 3574 ubi
1461 3522 1641 3577 altare

49 3608 199 3670 fecerat
224 3613 391 3677 initio,
424 3616 476 3666 et
499 3615 865 3666 invocaverat
901 3611 976 3664 ibi
1009 3610 1283 3665 Abraham
1315 3625 1510 3664 nomen
1546 3611 1641 3666 Dei

55 3695 164 3750 tGen.
185 3713 290 3764 xm,
310 3702 379 3760 ti.
405 3701 799 3773 Cognoscitur
822 3701 1020 3772 itaque
1040 3700 1146 3755 hoc
1172 3701 1355 3755 tuisse
1373 3701 1640 3755 invocare

52 3784 90 3837 in
111 3789 304 3843 nomine
322 3791 548 3846 Domini
574 3791 701 3856 Dei,
728 3791 880 3861 quod
905 3796 997 3844 est
1018 3791 1284 3846 invocare
1306 3807 1512 3846 nomen
1537 3794 1644 3844 Do-

58 3874 159 3928 mini
187 3876 291 3933 Dei.
313 3879 592 3943 Quocirca
619 3879 819 3934 dicant
851 3879 1128 3944 haeretici,
1166 3885 1358 3934 utrum
1390 3879 1545 3934 Patri
1569 3897 1639 3934 an

56 3960 156 4018 Filio
173 3967 435 4024 Abraham
460 3970 810 4026 existiment
830 3969 1231 4024 construxisse
1245 3969 1425 4024 altare
1440 3969 1639 4040 ‘lquia,

53 4054 118 4105 cui
135 4055 282 4111 altare
297 4065 528 4114 constru
543 4077 567 4112 κ
583 4061 650 4126 it,
671 4057 859 4128 ipsius
880 4058 1081 4129 utique
1100 4075 1311 4113 nomen
1327 4059 1637 4114 invocavit.

55 4139 146 4202 [Dite
171 4151 337 4202 autem
371 4165 484 4202 non
522 4147 643 4202 nisi
683 4152 816 4214 Deo,
850 4146 948 4216 qui
980 4147 1029 4201 ei
1081 4147 1246 4200 visus
1297 4155 1407 4210 est,
1459 4145 1640 4202 altare

53 4235 507 4306 construxit,quem
531 4233 794 4290 heretici
813 4233 956 4289 Filiu
969 4251 1024 4290 m
1040 4235 1232 4290 dicere
1244 4251 1530 4290 consueru
1542 4240 1636 4288 ut:

55 4316 250 4374 nitentes
274 4323 480 4394 quippe
505 4322 704 4379 Patris
726 4329 784 4378 et
810 4323 933 4378 Filii
958 4324 1249 4378 diversam
1275 4324 1482 4377 docere
1506 4323 1640 4377 sub-

53 4407 288 4474 stantiam,
317 4427 519 4468 omnes
553 4429 975 4484 corporearum
997 4429 1188 4467 rerum
1213 4410 1638 4482 conspicabiles

50 4490 215 4551 formas
229 4501 378 4569 (quas
399 4504 467 4556 ad
493 4503 923 4557 insinuandam
943 4518 1004 4557 se
1019 4502 1361 4557 hominibus
1381 4501 1642 4573 omnipo-

50 4584 315 4642 tentissima
336 4591 548 4660 deitas,
573 4597 858 4646 creatura;
881 4591 1062 4645 totius
1086 4591 1345 4654 domina,
1371 4589 1525 4645 sicut
1547 4607 1640 4646 νο·
1679 4599 1681 4620 ’
1705 4613 1707 4616 ‘

49 4667 142 4734 luit,
157 4681 520 4750 etcongruere
538 4681 965 4751 temporalibus
979 4679 1635 4751 (al.temporibus)locis

51 4775 98 4810 ac
123 4769 349 4830 personis
381 4777 646 4832 noverat,
682 4772 994 4839 coaptavit)
1042 4767 1182 4823 Filio
1229 4769 1634 4824 tantummodo

55 4850 327 4910 existimant
348 4859 721 4930 deputandas
747 4876 758 4913 :
780 4859 915 4914 inde
933 4864 1262 4914 asserentes
1283 4859 1632 4930 inaequalem

54 4940 168 4993 Patri
180 4952 333 5014 atque
347 4947 636 5019 imparem
655 4949 888 5013 Filium,
910 4948 1062 5020 quod
1083 4949 1212 5018 ejus
1230 4955 1439 5004 natura
1456 4966 1637 5022 capax

56 5029 359 5088 mutabilium
385 5037 643 5107 potuerit
664 5054 788 5092 esse
814 5038 1153 5093 formarum.
1181 5037 1247 5093 Et
1263 5042 1546 5111 tanquam
1569 5055 1635 5094 eo

56 5121 338 5178 naturaliter
364 5127 493 5196 ejus
527 5126 806 5183 divinitas
829 5127 1080 5182 visibilis
1106 5127 1299 5194 fuerit,
1333 5145 1448 5200 quo
1479 5145 1541 5184 se
1563 5129 1632 5184 ad

51 5203 361 5280 inﬁrmas(al.
381 5214 813 5288 informandas)
833 5216 1139 5272 hominum
1157 5223 1382 5272 mentes
1396 5217 1632 5272 visibili-

48 5291 133 5348 bus
155 5301 306 5357 rebus
335 5306 742 5359 demonstrare
777 5322 889 5360 non
924 5305 1163 5377 sprevit.
1187 5305 1265 5361 De
1289 5322 1408 5378 qua
1437 5323 1497 5361 re
1521 5323 1633 5360 non

51 5390 118 5435 est
152 5389 294 5446 nobis
323 5393 427 5448 hoc
456 5409 635 5464 Opere
681 5395 1128 5466 disputandum,
1161 5412 1292 5450 cum
1330 5394 1636 5466 praesentis

49 5479 332 5538 questionis
364 5483 471 5538 hoc
507 5487 737 5538 tantum
770 5485 1046 5554 deposcat
1087 5483 1368 5538 intentio:
1405 5489 1470 5538 ut
1500 5484 1638 5554 quia

48 5570 244 5622 sanctus
272 5573 554 5628 Abraham
590 5572 670 5627 illi
704 5578 815 5628 Deo
847 5573 1208 5628 sacriﬁcasse
1238 5573 1637 5645 cognoscitur,

49 5663 188 5734 gnem
213 5657 254 5709 ei
286 5659 468 5715 visum
500 5661 680 5718 fuisse
705 5662 904 5718 divina
927 5661 1227 5734 Scriptura
1246 5667 1516 5731 testatur,
1541 5670 1639 5718 aut

49 5732 235 5796 Patrem
262 5747 438 5804 visum
464 5751 708 5806 Abrahte
728 5752 925 5808 dicant
947 5732 1209 5808 aut—Filio
1233 5751 1527 5808 Abraham
1546 5769 1639 5809 sa-

1758 2000 2012 2055 cundum
2033 2001 2090 2054 id
2109 2001 2260 2072 quod
2281 2000 2542 2056 sentiunt
2565 1999 2820 2056 heretici
2838 2000 3284 2067 convincuntur,
3306 2003 3410 2055 aut

1758 2087 1985 2144 Patrem
2017 2088 2184 2157 vidit,
2211 2095 2313 2144 aut
2339 2088 2479 2145 Filio
2510 2088 2874 2144 sacriﬁcavit.

1756 2194 1948 2252 CAPUT
1975 2212 2052 2251 ιν.
2084 2197 2241 2253 Isaac
2257 2212 2466 2269 quoque
2495 2197 2603 2251 Deo
2627 2198 2726 2267 qui
2741 2197 2795 2250 ei
2818 2194 2966 2250 visus
2985 2199 3068 2250 est
3088 2197 3401 2252 construxit

1825 2277 2028 2332 altare.
2059 2277 2220 2333 Iacob
2248 2280 2375 2332 item
2398 2277 2574 2332 eidem
2611 2277 2717 2331 Deo
2739 2277 2919 2331 altare
2933 2280 3134 2347 jussus
3155 2287 3400 2332 constru-

1823 2362 1930 2415 xit.
1951 2359 2410 2414 Patriarcharum
2422 2357 2698 2428 sacrificia
2714 2362 2915 2414 nostris
2926 2361 3257 2426 congruunt,
3274 2373 3399 2430 quae

1825 2440 1966 2510 fiunt
1985 2438 2090 2494 toti
2123 2439 2399 2495 Trinitati.

1826 2541 1996 2592 Hunc
2017 2536 2199 2592 Deum
2231 2537 2326 2607 qui
2359 2535 2523 2592 visus
2553 2539 2644 2591 est
2674 2535 2941 2602 Abrahm,
2969 2535 3182 2608 cuique
3213 2537 3394 2593 Abra-

1754 2625 1914 2690 ham,
1948 2641 2063 2681 non
2099 2626 2301 2696 utique
2324 2627 2390 2680 ad
2416 2624 2597 2692 aliud,
2626 2641 2801 2696 quam
2825 2627 2896 2680 ad
2920 2625 3282 2680 offerendum
3303 2643 3396 2682 sa-

1752 2715 2383 2782 criﬁcium,mdiﬁcavit
2400 2715 2608 2770 altare:
2632 2715 2792 2770 Isaac
2806 2732 3040 2786 quoque
3063 2715 3230 2778 vidit,
3249 2721 3305 2770 et
3321 2715 3394 2781 ei,

1752 2810 2007 2876 pateram
2038 2805 2174 2860 ﬁdei
2197 2811 2391 2868 tenax,
2418 2804 2600 2859 altare
2620 2813 2967 2871 construxit,
2987 2805 3284 2874 Scriptum
3309 2809 3399 2860 est

1751 2896 1906 2948 enim
1940 2895 2010 2949 dc
2035 2895 2195 2950 Isaac
2216 2896 2344 2965 (hoc
2367 2894 2514 2949 liber
2531 2898 2820 2948 Geneseos
2844 2910 2856 2947 :
2888 2895 3172 2963 continet)
3199 2894 3394 2949 Ascen-

1749 2983 1827 3038 dit
1847 2988 2034 3038 autem
2055 2983 2180 3039 inde
2201 2984 2278 3038 ad
2293 2987 2520 3054 puteum
2537 2984 2863 3051 iuramenti,
2891 2991 2941 3038 et
2961 2983 3108 3036 visus
3128 2987 3205 3037 est
3220 2987 3274 3038 ei
3289 2984 3393 3038 Do-

1749 3076 1938 3129 minus
1958 3077 2018 3127 in
2045 3074 2148 3128 illa
2181 3077 2360 3142 nocte,
2393 3076 2446 3128 et
2473 3073 2619 3128 dixit
2648 3073 2704 3127 ei
2727 3089 2740 3126 :
2771 3076 2877 3142 Ego
2907 3088 3026 3125 sum
3051 3073 3189 3126 Deus
3217 3073 3392 3127 Abra-

1749 3164 1878 3218 ham
1893 3164 2182 3232 patristui
2211 3182 2225 3230 ;
2251 3178 2318 3217 ne
2351 3166 2566 3228 timeas,
2601 3170 2777 3218 tecum
2805 3160 2952 3216 enim
2973 3177 3117 3228 sum,
3149 3165 3198 3216 et
3231 3161 3394 3218 bene-

1750 3253 1934 3308 dicam
1965 3263 2032 3314 te,
2047 3251 2430 3322 etmultiplica
2441 3251 2503 3306 bo
2515 3267 2695 3306 semen
2709 3261 2866 3305 tuum
2883 3254 3106 3318 prapter
3118 3251 3155 3304 A
3166 3250 3394 3304 braham

1740 3351 1956 3414 patrem
1983 3354 2157 3396 tuum.
2187 3342 2245 3395 Et
2276 3342 2568 3410 avrti/icavit
2593 3342 2672 3394 ibi
2693 3341 2840 3394 Isaac
2869 3340 3072 3402 altare,
3095 3349 3147 3392 et
3171 3341 3394 3394 invoca-

1745 3431 1826 3486 vit
1857 3430 1919 3485 in
1947 3429 2172 3485 nomine
2205 3427 3047 3500 Domini(Gen.xx,23).Procul
3067 3428 3242 3481 dubio
3265 3432 3394 3496 ejus

1751 3520 2000 3587 Domini,
2023 3517 2120 3588 qui
2142 3519 2191 3572 ei
2218 3519 2382 3573 visus
2401 3518 2719 3588 praesentiae
2743 3534 2860 3570 sum
2885 3517 3191 3578 auxilium,
3217 3523 3273 3571 et
3294 3517 3392 3572 be-

1747 3607 2095 3664 nedictionis
2110 3605 2856 3677 donum,etmultip|icaodi
2873 3606 3108 3659 seminis
3122 3607 3393 3676 promisit

1745 3704 2152 3769 augmentum.
2183 3695 2364 3750 Jacob
2395 3712 2626 3767 quoque
2658 3712 2770 3750 non
2807 3694 2968 3750 alteri
3008 3701 3140 3758 Deo,
3176 3696 3274 3750 sed
3309 3694 3390 3750 illi

1745 3789 1846 3860 qui
1880 3789 2038 3844 visus
2073 3796 2161 3842 est
2191 3789 2265 3854 ei,
2288 3785 2466 3841 altare
2495 3786 2700 3841 fecisse
2727 3786 3120 3858 cognoscitur.
3147 3786 3388 3857 thuod

1745 3877 1999 3949 amplius
2029 3882 2138 3939 est,
2175 3894 2288 3932 non
2340 3877 2446 3930 hoc
2477 3881 2686 3946 sponte
2735 3877 3008 3945 arripuit,
3043 3879 3137 3930 sed
3175 3875 3389 3930 divinis

1744 3968 2024 4023 obediens
2049 3966 2352 4037 praeceptis
2372 3964 2652 4035 implevit.
2671 3966 2831 4030 Quod
2860 3965 2952 4020 his
2973 3966 3164 4020 verbis
3188 3971 3391 4020 sancta

1743 4055 2044 4126 Scriptura
2071 4061 2322 4109 testatur
2346 4070 2359 4109 :
2392 4055 2542 4108 Dixit
2567 4062 2754 4107 autem
2777 4054 2914 4108 Deus
2935 4054 3004 4107 ad
3024 4055 3187 4109 Iacob
3217 4071 3228 4108 :
3251 4055 3385 4108 Sur-

1741 4160 1872 4215 gens
1893 4144 2120 4200 ascende
2135 4147 2192 4199 in
2211 4145 2388 4199 locum
2411 4142 2624 4209 Bethel,
2649 4147 2702 4196 et
2723 4142 2979 4196 inhabile
3004 4142 3100 4196 ibi.
3121 4150 3171 4196 et
3198 4146 3289 4208 fac
3311 4141 3392 4197 ibi

1743 4233 1928 4288 altare
1960 4235 2087 4296 Deo,
2119 4232 2216 4303 qui
2236 4234 2382 4287 visus
2405 4232 2629 4299 esttibi,
2655 4247 2775 4285 cum
2797 4233 3015 4300 fugeres
3035 4248 3064 4282 α
3083 4230 3225 4297 facie
3248 4231 3392 4283 Esau

1743 4324 1952 4394 fratris
1985 4321 2068 4376 lui
2096 4321 2248 4391 (Gen.
2278 4337 2444 4386 xxvv,
2482 4320 2552 4390 1).
2586 4319 2654 4372 Et
2677 4319 3114 4389 subsequenter
3137 4318 3389 4371 dicitur:

1751 4413 1903 4468 Venit
1935 4419 2117 4465 autem
2137 4411 2296 4466 Iacob
2325 4412 2380 4463 in
2405 4410 2548 4463 Lusa
2581 4421 2705 4478 quae
2725 4416 2800 4461 est
2830 4410 2887 4461 in
2937 4418 3084 4461 terra
3105 4406 3392 4468 Chanaan,

1745 4519 1870 4573 quae
1899 4511 1979 4556 est
2005 4499 2216 4564 Bethel,
2247 4501 2354 4568 ipse
2370 4502 2420 4552 et
2441 4499 2620 4552 omnis
2634 4497 2786 4567 plebs
2811 4510 2933 4568 quae
2953 4499 3069 4550 erat
3090 4511 3214 4548 cum
3238 4510 3320 4558 eo,
3342 4501 3393 4551 et

1748 4591 2042 4661 a’di/icavit
2074 4576 2155 4644 ibi
2183 4588 2382 4652 altare,
2415 4588 2632 4641 vocavit
2651 4600 2855 4640 nomen
2880 4583 3169 4640 lociillius
3195 4585 3394 4640 Domus

1747 4682 1843 4736 Dei
1867 4697 1880 4746 ;
1898 4680 1976 4734 ibi
1994 4679 2140 4734 enim
2162 4677 2422 4748 apparuit
2440 4675 2493 4730 ei
2517 4676 2672 4738 Deus,
2693 4690 2818 4729 cum
2832 4679 3046 4744 fugeret
3069 4691 3099 4728 a
3115 4676 3257 4743 facie
3276 4675 3393 4742 fra-

1743 4772 1845 4826 tris
1874 4771 1963 4824 sui
1993 4771 2135 4823 Esau
2163 4766 2342 4837 (Ibid.,
2373 4768 2450 4825 6).
2476 4766 2617 4820 Ecce
2640 4765 2696 4819 in
2721 4781 2819 4820 ore
2841 4766 3091 4820 duorum
3124 4771 3180 4820 et
3211 4765 3389 4820 trium

1745 4860 1986 4915 testium
2019 4857 2258 4911 verbum
2295 4856 2427 4910 ﬁdei
2461 4861 2673 4910 nostra
2695 4854 3003 4922 consistit;
3028 4871 3157 4910 ecce
3180 4857 3394 4912 amico-

1747 4965 1876 5004 rum
1894 4947 1986 5003 Dei
2007 4946 2293 5002 sacriﬁcio
2309 4962 2548 5017 prorsus
2564 4944 2832 5000 Ecclesias
2847 4944 3143 4999 catholicis
3158 4961 3392 5000 concor-

1746 5041 1848 5096 dat
1871 5037 2110 5102 oblatio,
2145 5053 2272 5108 qua:
2304 5036 2388 5094 sic
2419 5037 2712 5092 sacriﬁcat
2743 5035 2919 5102 Patri,
2947 5041 3006 5089 ut
3031 5034 3208 5090 simul
3233 5035 3392 5090 omni

1748 5125 2035 5181 sacriﬁcet
2066 5124 2374 5192 Trinitati;
2410 5125 2684 5196 quoniam
2718 5127 2774 5177 et
2805 5122 2993 5177 sancti
3027 5121 3393 5192 patriarchae,

1747 5214 2104 5272 sacriﬁcium
2138 5214 2293 5287 quod
2327 5214 2466 5269 Filio
2484 5214 2850 5284 jubebantur
2871 5211 3097 5276 offerre,
3133 5210 3398 5265 sciebant

1746 5321 1807 5360 se
1842 5303 1992 5360 Patri
2024 5303 2200 5359 simul
2235 5309 2291 5358 et
2321 5302 2463 5357 Filio
2505 5300 2737 5372 placitis
2768 5299 3069 5369 obsequiis
3099 5298 3394 5356 exhibere.

1749 5395 1968 5450 Idcirco
1989 5399 2186 5448 autem
2205 5391 2286 5448 eis
2307 5387 2943 5458 divinitusjubebatur,
2971 5392 3033 5440 ut
3056 5387 3196 5442 Filio
3215 5387 3398 5446 altare

1746 5486 2292 5544 construerent,uon
2309 5479 2447 5551 quia
2460 5475 2908 5531 sacriﬁcandum
2927 5491 3038 5529 non
3055 5482 3208 5531 esset
3223 5479 3398 5550 Patri,

1748 5574 1847 5629 sed
1877 5578 1941 5627 ut
1971 5572 2122 5644 quod
2149 5567 2569 5624 immolabatur
2589 5583 2618 5618 a
2641 5565 2888 5631 sanctis,
2918 5565 3097 5620 simul
3121 5567 3261 5622 Filio
3287 5568 3396 5622 im-

1750 5661 2071 5718 molaretur
2087 5665 2141 5714 et
2160 5656 2337 5722 Patri,
2353 5671 2540 5728 neque
2557 5659 2618 5710 ut
2633 5657 2981 5727 pmponend
2992 5673 3060 5711 us
3074 5666 3224 5712 esset
3241 5657 3398 5712 Patri

1746 5752 1948 5824 Filius,
1981 5749 2081 5806 sed
2117 5764 2188 5806 ne
2221 5751 2526 5820 putaretur
2553 5745 2803 5820 genitori
2835 5747 3071 5820 genitus
3106 5746 3162 5801 in
3197 5745 3396 5816 aliquo
