3836 6324
402 408 518 470 183

1359 411 1418 474 S.
1470 407 1891 477 FULGENTII
1940 405 2286 469 EPISCOPI
2334 412 2759 483 HUSPENSIS

3679 428 3778 487 184

406 565 868 638 postponendus.
903 563 1151 618 Proinde
1186 563 1320 618 licet
1351 562 1499 619 nulli
1544 563 1789 618 dubium
1840 561 1919 617 sit
1948 577 2049 631 pa-
2083 543 2134 608 Α
2166 559 2281 638 qu?
2309 546 2661 638 Videbam“?
2689 524 2900 622 ίεηατί.
2922 553 3200 624 deinceps
3223 554 3373 611 8οίΡο
3395 557 3601 613 debet“
3623 576 3777 617 omne

404 653 737 710 triarcbalis
762 652 1031 707 sacriﬁcii
1055 652 1392 708 testimonio
1410 654 1815 708 rectitudinem
1844 655 2054 706 nostra:

407 742 539 798 ﬁdei
556 740 1032 811 communiri,cui
1048 742 1307 811 quandiu
1324 742 1610 796 obdurato
1624 742 1795 795 corde
1808 739 2058 813 quilibet

409 831 797 888 obnitendum
832 831 1152 895 existimat,
1190 847 1221 884 a
1252 832 1363 885 ﬁde
1387 832 1798 897 consortioque
1818 834 2054 884 sancto-

410 937 540 976 rum
564 920 792 974 alienus
807 925 1071 987 exerrat,
1107 935 1415 989 possemus
1428 920 1565 974 etde
1580 919 1878 989 prophetis
1895 916 2056 971 testi-

407 1009 731 1065 monianon
778 1008 1021 1079 imparis
1064 1009 1361 1063 ﬁrmitatis
1401 1024 1468 1063 ac
1491 1006 2053 1072 roborisinnectere,

408 1099 520 1154 nisi
552 1096 731 1152 totius
756 1098 1031 1150 reddendi
1053 1112 1335 1150 memores
1363 1097 1567 1161 debiti,
1594 1098 1664 1151 ad
1683 1095 2051 1151 residuarum

406 1187 580 1243 etiam
598 1186 926 1257 quaestionu
940 1201 990 1238 tn
1016 1184 1370 1240 solutionem
1391 1183 2055 1257 mallemusquantocius

411 1276 713 1339 festinare,

406 1368 599 1420 CAPUT
625 1381 677 1418 v.
712 1363 875 1418 Aliud
927 1361 1311 1418 testimonium
1340 1379 1411 1418 ea:
1452 1364 1753 1433 prophetis,
1800 1371 1863 1417 ut
1911 1361 2054 1416 Filio

477 1452 692 1507 quoque
723 1440 989 1498 o/leralur
1016 1435 1376 1503 sacriﬁcium.
1410 1435 1720 1491 Obduratio
1768 1434 2056 1507 heretico-

479 1505 605 1562 rum
621 1510 715 1578 qui
742 1509 890 1563 Filio
915 1525 1025 1560 non
1049 1507 1385 1576 sacriﬁcant.
1405 1506 1674 1561 Catholici
1697 1505 1799 1560 toti
1815 1507 2054 1577 oﬂerunt

481 1579 759 1643 Trinitati,
799 1579 1026 1633 etiamsi
1054 1578 1223 1632 solius
1257 1579 1437 1632 Patris
1485 1594 1683 1633 nomen
1715 1586 2049 1648 exprimant.

483 1650 918 1715 Verumtamen,
972 1666 1041 1702 nc
1075 1652 1184 1703 sub
1220 1650 1457 1704 nomine
1485 1650 1858 1704 abundantia:
1889 1650 2056 1720 quis-

412 1755 582 1809 quam
602 1756 705 1793 nos
724 1739 1023 1808 penuriam
1040 1738 1400 1793 defensionis
1431 1738 1731 1793 existimet
1762 1737 2054 1793 obcelasse

410 1828 509 1900 (αι’
525 1827 870 1897 obvolasse),
889 1844 1068 1881 unum
1104 1828 1174 1881 de
1190 1827 1902 1905 prophetistestimonium
1924 1843 2053 1898 pro-

2167 636 2483 706 cujuslihet
2507 638 2962 696 honoriﬁcentia;
2984 648 3042 697 et
3055 645 3326 699 sacriﬁcii
3340 647 3613 703 salutaris
3627 650 3777 705 obse-

2165 726 2391 794 quium,
2423 732 2479 781 ct
2510 729 2664 783 Patri
2700 736 2756 784 et
2788 730 2930 785 Filio
2961 738 3016 785 et
3048 732 3289 803 Spiritui
3312 741 3538 801 sancto,
3570 736 3672 793 hoc
3705 746 3780 795 est

2165 821 2379 870 sanctae
2408 816 2700 879 Trinitati.
2726 819 2798 873 ab
2823 819 3079 875 Ecclesia
3100 822 3385 879 catholica
3411 826 3622 895 pariter
3636 828 3778 883 exhi-

2166 903 2308 959 beri.
2327 903 2388 959 In
2409 906 2500 976 cuj
2513 909 2795 979 usutique
2810 926 2923 966 uno
2938 911 3173 966 nomine
3187 913 3660 971 manifestumest
3671 935 3780 974 san-

2165 996 2323 1048 ctum
2349 1010 2581 1066 quoque
2597 998 2889 1067 baptisma
2903 998 3202 1056 celebrari.
3218 1001 3416 1074 Neque
3427 1004 3581 1059 enim
3595 1009 3778 1077 preju-

2164 1082 2383 1137 dicium
2407 1084 2546 1139 Filio
2567 1085 2651 1141 vel
2677 1094 2880 1141 sancto
2895 1087 3138 1159 Spiritui
3156 1097 3553 1162 comparatur,
3576 1094 3703 1149 dum
3719 1097 3777 1152 ad

2166 1173 2355 1227 Patris
2374 1190 2686 1244 personam
2715 1178 2969 1247 precatio
2992 1179 3062 1232 ab
3084 1180 3359 1236 otl‘erente
3384 1182 3669 1255 dirigitur.
3691 1189 3780 1241 Cu-

2156 1260 2260 1331 jus
2290 1264 2747 1327 consummatio.
2773 1269 2912 1321 dum
2941 1268 3066 1322 Filii
3102 1275 3160 1324 et
3177 1270 3779 1341 Spiritussancticom-

2168 1349 2439 1420 plectitur
2470 1370 2704 1424 nomen,
2737 1356 2995 1411 ostendit
3027 1357 3254 1413 nullum
3279 1375 3406 1416 esse
3436 1360 3493 1414 in
3527 1361 3780 1418 Trinitate

2164 1440 2503 1497 discrimen.
2526 1443 2673 1509 Quia
2696 1444 2836 1498 dum
2860 1446 2930 1500 ad
2958 1445 3142 1501 solius
3165 1447 3354 1504 Patris
3374 1466 3674 1520 personam
3695 1452 3775 1506 bo-

2166 1531 2325 1585 noris
2347 1546 2539 1586 sermo
2557 1533 2851 1603 dirigitur,
2880 1534 3025 1590 bene
3045 1536 3335 1593 credentis
3352 1539 3465 1593 fide
3489 1544 3604 1594 tota
3622 1541 3778 1595 Trini-

2165 1622 2256 1672 tas
2282 1618 2603 1675 honoratur
2624 1636 2638 1674 :
2662 1627 2718 1676 et
2734 1638 2869 1677 cum
2895 1624 2963 1677 ad
2988 1623 3465 1681 Patremlitantis
3483 1627 3775 1684 destinatur

2164 1709 2431 1775 intentio,
2448 1710 2717 1766 sacriﬁcii
2735 1729 2952 1768 munus
2966 1716 3125 1768 omni
3140 1714 3433 1785 Trinitati,
3452 1719 3775 1774 unoeodem~

2165 1815 2280 1871 que
2294 1801 2535 1855 odertur
2551 1799 2775 1856 litantis
2789 1802 3001 1860 ofﬁcio.
3019 1807 3134 1859 Nos
3149 1805 3349 1877 itaque
3369 1807 3778 1875 dum'l‘rinitati,

410 1894 688 1986 ieremus,
729 1894 845 1987 quo
880 1917 1067 1983 possit
1122 1894 1680 1973 evidenterostcndi
1741 1894 2057 1989 prophetas
2086 1908 2137 1975 B
2166 1906 2292 1960 qua
2313 1896 2533 1989 “nuéef
2550 1898 2822 1989 “3"???”
2848 1894 3015 1959 θθυθν
3042 1895 3777 1989 υηυωεεθτίθςὶυωρσετῖ·

409 2012 645 2063 sanctos
660 2007 939 2061 divinitus
955 2007 1294 2077 inspiratos,
1311 2007 1403 2061 31
1427 2011 1581 2062 certo
1596 2006 1725 2062 fidei
1738 2008 1833 2063 issi
1846 2023 2056 2078 moque

409 2096 683 2151 vaticinio
699 2096 1057 2167 praedixisse,
1078 2095 1213 2150 Novi
1232 2112 1460 2167 quoque
1474 2101 1583 2150 tem
1594 2100 2060 2167 poreTcstamen-

407 2185 758 2256 tiSpiritales
775 2185 995 2239 hostias
1013 2201 1122 2237 non
1143 2184 1292 2240 Patri
1318 2190 1572 2254 tantum,
1589 2186 1690 2241 sed
1714 2186 1889 2241 etiam
1912 2186 2055 2241 Filio

413 2289 447 2328 a
464 2274 735 2327 fidelibus
751 2274 1520 2343 otl'erendas.(a)Sophonias
1536 2274 1751 2346 quippe
1767 2275 2061 2330 dicit:Sus-

413 2363 645 2431 tineme,
670 2364 806 2416 dicit
822 2362 1104 2429 Dominus,
1130 2364 1187 2416 in
1212 2365 1361 2418 diem
1385 2363 1804 2418 resurrectionis
1838 2380 1971 2419 meae
1997 2365 2057 2419 in

418 2455 795 2511 testimonium
819 2452 1401 2523 :quoniamjudicium
1418 2471 1598 2508 meum
1616 2456 1671 2507 in
1688 2453 2061 2524 congregatio-

417 2558 543 2598 nem
564 2545 812 2611 gentium
834 2543 957 2606 erit,
987 2546 1048 2595 ut
1068 2544 1331 2607 recipiam
1356 2558 1510 2609 rcges
1530 2551 1579 2597 et
1597 2543 1874 2613 eﬂundam
1896 2559 2063 2614 super

417 2647 506 2687 eos
518 2633 658 2686 iram
672 2632 883 2699 furoris
901 2630 1037 2684 mei:
1051 2634 1309 2699 quoniam
1330 2631 1384 2684 in
1403 2633 1526 2701 igne
1538 2633 1912 2688 aemulationis
1927 2648 2063 2691 mea:

415 2720 1075 2777 consummabiluromnis
1090 2730 1233 2774 terra
1245 2764 1252 2772 .
1264 2737 1329 2790 qu
1342 2722 1397 2774 ia
1413 2725 1889 2791 tunctransferam
1902 2739 2066 2794 super

415 2810 647 2883 papulas
661 2810 850 2879 lingua
862 2826 910 2862 m
926 2812 981 2862 in
995 2811 1288 2878 progenies
1301 2811 1505 2874 cius,ut
1518 2812 1763 2867 invocent
1775 2828 1959 2867 omnes
1972 2828 2062 2868 no—

422 2917 549 2954 men
570 2899 803 2959 Domini,
823 2902 1131 2953 elserviant
1148 2898 1203 2952 ei
1215 2899 1459 2970 subjugo
1474 2916 1600 2965 uno,
1615 2917 1646 2954 a
1673 2902 2064 2971 trans/lumine

419 2988 716 3059 .Ethiopize
730 2988 1024 3057 suscipiam
1046 2988 1391 3043 observantes
1412 3005 1517 3051 me,
1542 2992 1644 3059 qui
1661 2990 2062 3061 dispersisunt,

416 3079 645 3152 aﬂ‘crent
660 3078 860 3132 bestias
874 3078 1016 3132 mihi
1029 3081 1085 3131 in
1102 3078 1197 3132 illo
1210 3077 1298 3133 die
1313 3078 1565 3148 (Sophon.
1583 3095 1665 3143 ιιι,
1682 3082 1754 3147 8).
1772 3080 1915 3144 Quid
1933 3080 2060 3148 hac,

420 3167 1015 3240 rogo,vat;cinntione
1040 3166 1335 3221 lucidius?
1356 3167 1440 3220 vel
1465 3170 1614 3238 quod
1635 3168 1726 3222 hic
1742 3171 2063 3226 tenebrosa

2173 1979 2494 2043 mus,vanis
2509 1978 2913 2036 haereticorum
2930 1997 3041 2036 non
3060 1998 3402 2038 moveamur
3413 1984 3775 2054 objectis,cum

2169 2068 2238 2121 ad
2265 2067 2373 2122 hoc
2397 2070 2788 2139 sequendum,
2814 2087 2881 2125 ac
2905 2071 3316 2127 robustissima
3338 2074 3717 2139 retinendum,
3736 2080 3777 2128 et

2169 2156 2450 2211 divinitus
2468 2157 2854 2228 promulgatis
2871 2160 3233 2216 instruamur
3250 2163 3590 2229 oraculis,et
3604 2179 3777 2235 prace-

2171 2247 2432 2301 dentinm
2466 2253 2807 2302 sanctorum
2840 2248 3146 2304 ﬁrmemur
3186 2252 3495 2324 exemplis.

2170 2355 2365 2429 ΟΑριιτ
2396 2370 2477 2429 νιἒ
2509 2354 2684 2408 Tertia
2719 2354 2951 2425 qumslio
2980 2355 3225 2424 Monimi,
3273 2373 3381 2411 cur
3427 2357 3491 2413 in
3533 2360 3779 2429 sacriﬁciis

2243 2427 2416 2479 solius
2446 2426 2687 2495 Spiritus
2718 2429 2907 2481 missio
2934 2430 3261 2496 postuletur.
3313 2430 3434 2485 Non
3478 2431 3590 2485 ideo
3630 2426 3779 2484 minor

2242 2507 2322 2551 est
2348 2498 2598 2567 Spiritus
2628 2505 2846 2551 sanctus
2876 2501 3015 2569 quod
3046 2503 3244 2554 missus
3283 2513 3367 2555 est
3396 2519 3431 2555 a
3466 2507 3621 2557 Patre
3643 2506 3684 2557 el
3706 2502 3777 2556 Fi-

2239 2572 2336 2635 lio,
2358 2572 2489 2640 quia
2510 2580 2560 2623 et
2576 2570 2749 2644 Filius
2771 2570 2973 2624 missus
3003 2576 3104 2625 est.
3137 2574 3334 2644 Missio
3362 2574 3499 2627 Filii
3512 2584 3559 2629 et
3575 2573 3779 2644 Spiritus

2242 2644 2434 2695 sancti
2465 2658 2569 2695 non
2604 2647 2687 2695 est
2717 2641 2972 2697 localiter
2999 2649 3169 2712 facta.
3203 2643 3497 2714 Scriptura
3533 2641 3668 2699 docet
3693 2648 3779 2697 im-

2245 2714 2595 2788 mensitatem
2616 2728 2724 2766 non
2747 2714 2926 2768 solum
2947 2715 3151 2786 Patris,
3174 2715 3268 2769 sed
3287 2724 3338 2770 et
3361 2716 3498 2772 Filii
3516 2718 3779 2788 etSpintus

2242 2786 2442 2839 sancti.

2246 2894 2347 2949 82
2368 2894 2495 2949 lam
2520 2910 2677 2949 nunc
2699 2894 2874 2949 etiam
2900 2893 3002 2949 illa
3024 2895 3193 2952 nobis
3214 2901 3304 2951 est
3325 2898 3401 2953 de
3414 2897 3657 2970 Spiritus
3674 2913 3779 2952 san-

2175 2982 2247 3036 cti
2269 2982 2546 3038 missione
2561 2982 2801 3054 quaestio
2829 2984 3168 3040 revolvenda
3192 3004 3204 3041 :
3221 2989 3337 3042 Cur
3358 2987 3577 3042 scilicet
3594 2986 3638 3042 si
3655 2984 3780 3043 omni

2174 3072 2443 3128 Trinitati
2467 3073 2817 3128 sacriﬁcium
2842 3074 3104 3143 offertur,
3124 3077 3191 3130 ad
3214 3077 3684 3131 sanctiﬁcandum
3702 3073 3779 3142 (al.

2176 3161 2563 3218 sacrificandu
2576 3166 2651 3231 tu)
2676 3161 2988 3218 oblationis
3003 3168 3214 3219 nostras
3232 3181 3475 3232 munus,
3497 3163 3782 3235 sanctiSpi-

422 3255 1442 3314 obstinationislatibulumhaeretica
1461 3257 2065 3327 potestinﬂdelitasre-
2096 3256 2143 3320 C
2182 3251 2331 3307 ritus
2362 3256 2588 3307 tantum
2627 3251 2829 3307 missio
2861 3254 3223 3323 postuletur:
3256 3257 3432 3327 quasi
3473 3272 3602 3311 vero
3629 3253 3782 3326 (utin

426 3346 635 3417 perire,
659 3362 776 3416 quo
793 3345 977 3416 possit
1001 3344 1198 3399 lumen
1215 3350 1387 3400 tanta:
1412 3346 1908 3403 manifestationis
1930 3348 2073 3403 etl‘u-

427 3450 562 3508 gere
582 3434 609 3488 ?
636 3434 778 3488 Cum
800 3435 883 3489 sic
908 3435 965 3489 in
990 3436 1113 3489 sole
1135 3434 1575 3489 tabernaculum
1603 3453 1773 3490 suum
1793 3439 2074 3508 posuerit,

434 3524 713 3579 Dominus
736 3524 892 3577 iPsal.
920 3541 1078 3588 xvm,
1102 3525 1175 3593 6),
1200 3529 1257 3577 ut
1275 3541 1385 3577 non
1405 3524 1591 3594 sitqui
1619 3542 1680 3579 se
1703 3526 2022 3580 abscondat
2045 3544 2077 3582 a

433 3612 624 3669 calore
646 3615 795 3682 ejus.
824 3614 1108 3675 Quoniam
1135 3614 1298 3682 (forte
1322 3615 1358 3665 A
1388 3613 1947 3684 quojam)siquissc.
1962 3617 2077 3687 gla-

433 3701 566 3756 ciali
595 3702 805 3771 frigore
826 3700 1190 3754 infidelitatis
1213 3702 1574 3767 stupefactus
1599 3702 1937 3764 abscondat,
1965 3705 2076 3758 sibi

434 3789 865 3863 propitiationis
899 3794 1079 3858 potest
1107 3788 1388 3842 auxilium
1415 3789 1781 3860 subtrahere,
1807 3809 1867 3846 se
1884 3800 2075 3849 autem

432 3896 547 3934 non
583 3883 771 3948 potest
800 3877 989 3931 celare
1021 3876 1304 3932 vindictae.
1339 3878 1481 3931 Ecce
1513 3877 1608 3933 ille
1642 3879 1740 3950 qui
1781 3897 1842 3934 se
1874 3898 2080 3953 exspe-

429 3968 706 4024 ctandum
728 3966 785 4020 in
807 3967 900 4021 die
924 3967 1363 4020 resurrectionis
1384 3984 1502 4021 sum
1529 3970 1812 4041 praecipit,
1829 3972 1951 4042 ipse
1967 3973 2078 4028 sibi

427 4057 654 4112 hostias
677 4056 749 4107 ab
771 4054 1047 4107 omnibus
1067 4053 1339 4122 gentibus
1364 4054 1688 4111 offerendas
1707 4062 1987 4116 ostendit:
2015 4067 2081 4118 ut

430 4149 847 4218 agnosceretur
871 4143 1223 4197 sacrificium
1247 4144 1388 4197 illud
1412 4161 1539 4199 csse
1565 4149 1920 4218 acccptabile
1945 4152 2078 4221 Deo,

426 4237 580 4310 quod
597 4234 986 4289 communiter
1003 4233 1148 4287 Patri
1165 4233 1806 4307 etFiliosupplexvtT-‘rt
1822 4240 2080 4298 ﬁdelium

430 4342 695 4399 puraque
725 4324 973 4379 devotio.
1025 4323 1127 4377 His
1149 4327 1324 4393 atque
1362 4324 1698 4393 hujusmodi
1727 4328 2079 4386 testimoniis

432 4416 685 4476 haeretici
712 4414 1076 4478 commoniti,
1105 4413 1325 4468 utinam
1354 4429 1465 4468 non
1496 4415 1691 4471 surdis
1713 4420 1952 4473 auribus
1976 4437 2075 4475 au-

430 4509 613 4573 diant,
641 4506 737 4560 sed
764 4504 1064 4558 veritatem
1091 4502 1245 4561 fidei.
1271 4519 1549 4558 concessa
1569 4505 1681 4559 sibi
1704 4506 1984 4565 divinitus
2004 4510 2077 4563 il-

2188 3342 2404 3413 dicam)
2437 3341 2557 3411 ipse
2591 3341 2758 3397 Pater
2786 3341 2960 3407 Deus,
2992 3359 3026 3397 a
3055 3359 3167 3413 quo
3189 3343 3447 3417 Spiritus
3469 3351 3658 3401 santus
3677 3358 3783 3415 pro.

2186 3431 2357 3496 cedit,
2382 3431 2734 3485 sacriﬁcium
2755 3431 2866 3486 sibi
2887 3431 3146 3487 oblatum
3166 3433 3534 3490 sanctiﬁcare
3555 3451 3657 3489 non
3680 3448 3786 3503 pos-

2188 3521 2267 3576 sit
2298 3538 2311 3588 ;
2337 3525 2438 3575 aut
2468 3521 2592 3592 ipse
2612 3520 2790 3576 Filius
2814 3522 3106 3577 sanctiﬁca
3119 3539 3178 3577 re
3201 3529 3457 3593 nequeat
3478 3522 3782 3579 sacriﬁcium

2188 3611 2449 3681 corporis
2472 3610 2587 3675 sui,
2611 3610 2765 3681 quod
2789 3610 3086 3666 oll‘erimus
3109 3629 3238 3677 nos,
3261 3628 3396 3668 cum
3422 3630 3625 3685 corpus
3643 3626 3784 3667 suum

2188 3698 2797 3772 ipsesanctiﬁcaverit,
2832 3702 2984 3769 quod
3020 3700 3255 3764 obtulit,
3289 3703 3783 3758 utredimeretnos;

2189 3794 2287 3845 aut
2315 3790 2393 3842 ita
2421 3790 2675 3860 Spiritus
2697 3793 2937 3843 sanctus
2971 3790 3040 3844 ad
3074 3791 3537 3847 consecrandum
3560 3788 3783 3846 Ecclesia

2190 3879 2541 3936 sacriﬁcium
2578 3878 2903 3934 mittendus
2925 3879 3018 3944 sil,
3042 3885 3317 3949 tanquam
3346 3880 3511 3936 Pater
3529 3887 3620 3935 aut
3641 3876 3783 3934 Filius

2189 3967 2654 4025 sacriﬁcantibus
2668 3969 2839 4023 desit.
2856 3968 3266 4039 Primoitaque
3281 3970 3691 4025 meminissime
3703 3982 3784 4021 nos

2190 4058 2478 4118 convenit.
2494 4058 2552 4113 in
2568 4057 2746 4126 hujus
2766 4057 3050 4112 vocabulo
3065 4059 3367 4114 missionis
3383 4059 3784 4115 necint'eriorem

2189 4146 2369 4219 accipi
2387 4146 2595 4201 deberc
2610 4152 2879 4201 sanctum
2898 4146 3116 4216 Spiritu
3130 4165 3179 4201 m
3193 4193 3207 4212 ,
3225 4164 3331 4203 nec
3347 4150 3626 4205 minorem
3650 4146 3785 4218 ;quia

2188 4238 2237 4294 si
2264 4238 2472 4303 minor,
2490 4236 2691 4307 utique
2716 4236 2975 4303 inferior,
2997 4243 3052 4291 et
3075 4240 3122 4292 si
3137 4236 3380 4293 inferior
3396 4240 3595 4311 utique
3613 4239 3783 4292 minor.

2189 4327 2305 4383 Hoc
2320 4333 2510 4382 autem
2530 4327 3266 4397 praemonuimus,scientes
3278 4329 3351 4383 ab
3365 4328 3642 4384 haereticis
3654 4340 3786 4398 quam

2192 4417 2443 4473 maxime
2476 4416 2607 4471 ﬁdei
2635 4420 2848 4470 nostra:
2869 4417 3202 4487 frequenter
3218 4418 3535 4486 objectum,
3558 4419 3673 4473 ideo
3688 4414 3786 4483 Spi-

2193 4507 2368 4562 ritum
2402 4509 2668 4560 sanctum
2706 4504 2989 4560 minorem
3024 4506 3373 4561 credendum
3400 4508 3563 4563 Patre
3589 4513 3640 4562 et
3660 4504 3785 4570 Pilio,

429 4596 815 4654 luininatione
836 4598 1212 4662 cognoscant,
1235 4598 1298 4646 ut
1317 4600 1546 4664 recepto
1563 4596 1806 4651 salutari
1831 4599 2070 4669 lumine,
2107 4620 2151 4683 D
2184 4596 2322 4670 quia
2350 4600 2408 4651 et
2438 4612 2471 4650 a
2506 4594 2929 4668 Patreimissus
2960 4601 3067 4657 est,
3100 4600 3157 4650 et
3187 4612 3220 4650 a
3256 4596 3413 4652 Filio.
3438 4598 3603 4653 Porro
3631 4600 3785 4651 autem

433 4686 701 4741 desinant
726 4682 999 4749 deinceps
1021 4680 1076 4733 in
1111 4681 1366 4737 tenebris
1391 4684 1698 4741 mortiteraz
1716 4687 2081 4746 inﬁdelitatis

433 4789 644 4831 errare.
672 4770 776 4835 Qui
824 4785 955 4821 cum
984 4769 1124 4821 Filio
1151 4770 1503 4825 sacriﬁcium
1531 4790 1641 4829 non
1668 4777 1941 4847 oll‘erunt,
1967 4785 2022 4834 et
2056 4797 2089 4835 a

435 4863 548 4919 ﬁde
568 4858 1038 4930 patriarcharum
1056 4874 1120 4910 ac
1141 4860 1555 4928 prophetarum
1577 4864 2088 4923 niiserabiliobdu-

437 4950 659 5007 ratione
690 4948 1041 5010 desciscunt,
1066 4946 1684 5018 impieﬂdelinquentes,
1709 4956 1974 5025 seipsosa
1998 4973 2086 5012 se.

438 5040 705 5112 metipsis
720 5039 1031 5091 damnatos
1044 5034 1723 5107 ostendunt.Apnstolica
1738 5044 1951 5117 quippe
1965 5063 2086 5101 om-

435 5149 568 5190 nem
591 5130 922 5186 htercticum
944 5124 1041 5177 tali
1069 5125 1436 5179 cognoscitur
1452 5132 1925 5196 pronuntiatione
1952 5152 2087 5190 con-

435 5213 1065 5280 demnassesententia.
1092 5212 1249 5276 Quod
1276 5219 1331 5266 et
1357 5214 1661 5272 haereticus
1683 5227 1809 5288 post
1838 5224 2086 5292 primam

435 5310 813 5367 etsecunda".
842 5303 1267 5374 correptionem
1292 5301 1367 5356 sit
1394 5304 1747 5362 omnimodis
1780 5311 2087 5367 evitandus

436 5401 560 5472 (Tit.
580 5415 664 5463 in,
686 5398 791 5464 10),
815 5412 880 5447 Bo
903 5395 1053 5464 quod
1079 5392 1369 5460 ejusmodi
1396 5411 1511 5449 non
1532 5396 1719 5452 solum
1747 5399 1821 5453 sit
1846 5401 2083 5456 subver-

439 5506 564 5552 sus,
597 5502 796 5541 verum
831 5483 1001 5537 etiam
1037 5498 1142 5534 suo
1180 5482 1254 5534 sit
1278 5482 1503 5551 judicio
1552 5490 1998 5545 condemnatus.
2026 5490 2086 5545 Si

442 5578 540 5649 qui
571 5592 703 5629 vero
721 5570 992 5626 catholici
1010 5570 1230 5632 ﬁdeles.
1258 5570 1435 5641 hu.;us
1448 5581 1797 5633 sacramenti
1818 5598 1970 5637 nunc
1987 5599 2085 5638 us-

512 5701 589 5773 (α)
610 5698 1178 5775 Hucirrepserantex
1193 5698 1452 5775 margine
1467 5700 1637 5775 verba
1651 5702 1780 5767 ista,
1800 5707 2083 5775 Prophetas

496 5768 547 5830 in
574 5768 773 5829 ouium
791 5771 856 5826 de
870 5768 1147 5838 sacri/icio
1167 5771 1320 5839 quod
1331 5785 1477 5824 nunc
1496 5773 1554 5824 in
1572 5775 1817 5830 bcclcsia
1833 5768 2075 5849 geritur,

2190 4688 2238 4742 si
2268 4686 2449 4740 misso
2482 4684 2720 4738 mittens
2756 4683 2946 4754 potior
2974 4688 3062 4737 est
3094 4684 3442 4754 credendus,
3477 4686 3785 4758 cognoscant

2196 4777 2255 4831 in
2292 4775 2396 4829 hoc
2426 4790 2591 4829 suam
2628 4772 2890 4827 convinci
2919 4773 3248 4844 perfidiam,
3279 4774 3415 4845 quia
3435 4777 3631 4830 sicuta
3655 4779 3785 4828 Patre

2196 4868 2253 4920 et
2282 4863 2422 4917 Filio
2456 4863 2672 4916 missus
2696 4860 2912 4932 legitur
2931 4861 3182 4926 Spiritus
3204 4869 3468 4927 sanctus,
3500 4865 3582 4918 sic
3606 4881 3636 4918 a
3660 4862 3784 4916 Patre

2196 4959 2256 5008 et
2285 4954 2503 5023 Spiritu
2538 4951 2755 5005 missus
2779 4949 3075 5004 invenitur
3104 4956 3160 5004 et
3178 4949 3378 5006 Filius.
3414 4954 3573 5018 Quod
3597 4953 3705 5023 ipse
3721 4949 3785 5003 Fi-

2197 5042 2312 5098 lius
2334 5048 2391 5098 et
2412 5058 2513 5113 per
2536 5039 2902 5112 prophelam,
2931 5038 3111 5094 multo
3134 5045 3451 5110 antequam
3487 5042 3784 5101 mitteretur,

2197 5132 2362 5199 dixit,
2386 5138 2444 5186 et
2468 5135 2776 5202 postquam
2803 5130 3020 5183 missus
3043 5135 3151 5197 est,
3178 5131 3413 5202 propria
3433 5131 3788 5188 testiﬁcatione

2196 5220 2472 5277 firmavit.
2488 5220 2634 5275 Nam
2656 5218 2892 5273 veniens
2910 5219 2964 5272 in
2984 5217 3292 5283 Nazareth,
3315 5220 3787 5293 etsynagogamin-

2198 5328 2457 5385 gressus,
2492 5327 2623 5365 cum
2658 5311 2871 5363 tradito
2904 5307 3016 5363 sibi
3049 5310 3118 5362 ad
3158 5308 3466 5380 legendum
3500 5311 3641 5366 libro
3666 5309 3788 5365 Isaia:

2200 5401 2511 5473 prophetae,
2544 5398 2711 5454 illum
2739 5397 2928 5452 locum
2957 5398 3267 5453 revolveret
3291 5400 3386 5453 ubi
3412 5400 3680 5470 scriptum
3700 5403 3786 5452 est:

2197 5490 2438 5561 Spiritus
2471 5490 2686 5544 Domini
2731 5504 2898 5558 super
2929 5502 3035 5546 me.
3085 5493 3313 5556 prcpter
3350 5490 3489 5559 quod
3537 5492 3686 5544 unxit
3712 5501 3786 5549 me,

2194 5581 2583 5648 euangelizare
2609 5579 2948 5649 pauperibus
2978 5576 3131 5632 misit
3160 5592 3245 5632 me
3273 5578 3419 5649 (Luc.
3446 5594 3521 5645 iv,
3558 5580 3638 5649 t8)
3662 5594 3672 5631 :
3694 5575 3789 5629 red-

2193 5704 2467 5778 qu:eideo
2492 5702 2842 5778 abrasiinus,
2868 5702 3007 5773 quia
3026 5719 3130 5757 nec
3160 5703 3215 5757 in
3245 5720 3385 5759 mss.
3404 5703 3699 5771 habentur,
3714 5713 3789 5756 nec

2192 5776 2516 5852 quidquam
2544 5776 2745 5832 sensui
2776 5779 3106 5832 conferunt.
