3916 6228
72 359 230 415 θοι
530 352 533 355 ’
1090 353 1146 408 S.
1189 345 1519 406 FERREO-Ll
1559 344 1719 401 REGI

1825 380 1830 403 .
1886 345 1976 401 Al)
2019 340 2406 427 nauseans.
3262 334 3364 392 sas

72 481 186 521 ea
214 478 425 522 amatur
452 479 507 520 ut
533 478 698 537 pater,
729 466 814 521 cui
843 472 1038 520 sancta:
1078 458 1499 544 congregationis
1525 472 1686 527 grege
1720 486 1766 545 Α
1792 458 1837 511 si
1867 458 2041 510 abbati
2074 458 2239 511 visum
2280 455 2437 508 fuerit
2480 452 2863 522 alittuantnlum
2898 460 3216 518 temperare,
3264 468 3360 501 au-

84 565 430 617 cotnmisso
451 564 741 616 animarum
773 559 983 629 proprie
1015 573 1137 612 cura
1180 554 1456 609 mandatur
1485 570 1500 607 :
1531 566 1693 621 quem
1802 560 2011 617 tequatn
2040 564 2133 603 sex
2179 549 2438 603 mensium
2481 548 2686 601 dlcrum
2732 561 2983 601 numerus
3008 546 3366 615 compleatur,

92 656 443 708 Nilicitndo
480 656 756 709 commissa
801 651 1035 722 quotidie
1084 664 1178 718 per
1227 648 1350 701 illtid
1409 648 1529 713 iter,
1560 642 1699 714 quod
1802 641 2181 693 m0nachorutn
2205 639 2556 695 contubernio
2592 654 2695 693 non
2719 637 3004 709 jungatur:
3042 637 3181 701 utin
3209 646 3362 691 tanto

96 758 229 801 est
268 748 570 801 inevitabile
609 746 907 809 morituris,
954 755 1043 796 ant
1067 739 1225 794 trahit
1255 738 1319 792 ad
1348 752 1583 807 ptenatn,
1613 743 1704 787 aut
1801 731 1971 798 spatio
2005 728 2364 798 ignorantibus
2409 729 2581 798 qualis
2618 728 2686 780 sit
2733 728 2936 781 iuturus
2984 727 3262 786 oswudat;
3310 735 3367 779 et

104 838 393 905 perduit
428 841 494 891 ad
551 837 801 908 gloriam;
842 837 1048 889 dicente
1101 834 1410 900 Scriptura:
1448 828 1540 882 Cui
1586 828 1703 898 plus
1801 821 2047 875 diuturna
2079 820 2448 874 observatione
2484 820 2689 873 clarere
2735 819 2919 886 possit.
2952 818 2996 873 si
3021 818 3143 887 quid
3184 831 3365 871 secum

108 934 554 999 commendatur,
611 934 781 999 utique
804 932 915 999 plus
938 928 1013 985 tab
1036 943 1094 980 eo
1133 927 1350 995 exigitur
1387 921 1537 994 (Luc.
1580 920 1698 986 xu).
1802 911 2130 967 crudelitatis
2149 911 2401 966 attuletit.
2433 911 2501 965 At
2522 926 2647 964 vero
2674 912 2884 979 quando
2912 908 3056 977 prius
3086 910 3150 962 a-l
3183 924 3247 962 tu.
3270 923 3368 962 uri—

109 1025 408 1080 Stsuiliter
438 1027 595 1078 etiam
621 1026 889 1092 aperiente
914 1019 1065 1073 nobis
1111 1014 1395 1085 Evangelii)
1438 1029 1531 1084 per
1554 1011 1704 1066 simio
1804 1006 2023 1060 steriutn
2049 1005 2210 1070 venit,
2240 1014 2294 1059 et
2322 1004 2483 1070 recipi
2508 1017 2567 1057 se
2590 1003 2642 1056 iu
2671 1016 2894 1057 numero
2927 1000 3157 1071 postulat
3179 1014 3360 1053 mima-

115 1116 426 1170 litudmen.
464 1089 724 1183 pag-nbula
750 1113 1060 1172 veritatem,
1108 1107 1191 1159 ubi
1238 1105 1427 1173 Ιεκὶιιιι·
1455 1098 1706 1170 quinque
1804 1099 2060 1161 chorum,
2111 1096 2462 1164 interrogetur
2505 1103 2679 1148 utrum
2725 1094 2856 1148 liber
2902 1098 2973 1146 ait
3008 1108 3022 1145 :
3057 1105 3157 1146 nec
3194 1089 3371 1144 abbati

118 1221 310 1262 servo
357 1210 550 1260 talenta
592 1200 845 1257 Dominus
871 1200 1181 1263 tradidisse;
1210 1210 1262 1250 et
1312 1196 1430 1265 quia
1467 1194 1708 1262 superla-

123 1306 331 1351 cratua
380 1296 485 1349 alia
527 1294 788 1364 quinque,
834 1307 863 1345 a
925 1290 1146 1345 Domino
1197 1296 1429 1341 meretur
1457 1276 1644 1338 audire
1688 1299 1701 1336 :

132 1386 322 1460 Euge,
351 1403 488 1442 sene
518 1386 641 1440 bone
664 1396 709 1442 et
736 1384 926 1455 ﬁdelis,
959 1384 1075 1448 quia
1105 1397 1252 1447 super
1289 1394 1447 1448 pauca
1473 1378 1619 1448 fuisti
1645 1376 1709 1445 ﬁ-

121 1483 281 1538 delis
318 1481 458 1545 mihi,
505 1494 655 1551 super
682 1480 841 1533 multi
872 1486 919 1530 te
942 1476 1239 1528 constituam
1270 1488 1287 1525 :
1320 1473 1454 1525 intra
1480 1472 1533 1525 in
1580 1485 1709 1540 gau-

116 1575 294 1631 dium
344 1572 547 1627 Domini
595 1575 668 1624 tui
716 1569 928 1640 (Matth.
963 1578 1122 1637 xxV).

547 1762 551 1766 ι
598 1684 732 1741 CAP;
766 1702 842 1740 tit.
886 1684 960 1738 De
995 1684 1255 1737 cltaritate.

226 1799 412 1856 Tertio
448 1800 501 1854 in
542 1800 659 1869 loco
688 1807 900 1867 prapter
930 1798 1097 1867 ipsum
1125 1799 1281 1850 etiam
1319 1804 1580 1849 sacratum
1614 1808 1709 1847 nu-

137 1909 365 1949 merum
405 1892 695 1954 Trinitatis,
739 1894 958 1945 matrem
1006 1891 1240 1943 omnium
1285 1888 1533 1942 virtutum
1568 1888 1707 1940 iuse-

112 1985 380 2051 vs‘eudam
411 1983 701 2051 putavimus
730 1981 1040 2035 cbaritatem
1073 1998 1086 2033 :
1119 1995 1272 2049 quam
1305 1977 1589 2048 Ap0stolus
1622 1975 1710 2032 tali

148 2075 290 2133 ante
342 2091 527 2130 omnes
570 2076 788 2127 virtutes
840 2075 993 2128 laude
1041 2072 1371 2142 prosequitur
1413 2089 1426 2122 :
1479 2068 1711 2124 Charitas

150 2181 262 2219 non
288 2167 392 2235 agit
415 2179 675 2235 perperam
703 2178 720 2216 :
750 2164 969 2217 charitas
1004 2177 1261 2230 nunquam
1286 2162 1469 2215 excidit
1494 2158 1543 2228 (Ι
1589 2160 1708 2213 Cor.

150 2256 330 2324 xui);
382 2265 437 2309 et
508 2255 697 2308 iterum
750 2269 764 2306 :
812 2250 1043 2307 Charitas
1081 2253 1300 2315 coaperit
1346 2251 1713 2321 multitudinem

152 2356 485 2415 peccatorum
532 2342 583 2414 (I
616 2342 890 2411 Petr.ttv).
922 2342 1052 2398 Huic
1085 2358 1211 2411 ergo
1238 2351 1501 2410 prmcepto
1528 2337 1713 2394 trinita-

154 2436 288 2490 cl:is
317 2436 562 2495 convenit
587 2432 875 2496 iuba-rere.
904 2433 974 2486 ita
1001 2443 1059 2485 ut
1095 2431 1241 2485 multi
1280 2430 1565 2485 secundum
1595 2431 1715 2483 bca-

157 2534 283 2581 lum
316 2525 617 2595 Apestolum
662 2540 822 2577 unum
851 2536 1041 2591 corpus
1082 2523 1379 2576 elllciantur
1419 2539 1467 2574 ut
1509 2522 1716 2576 Christo

158 2616 220 2687 (Ι
251 2614 372 2672 Cor.
397 2615 523 2683 xu),
547 2626 600 2669 et
628 2615 907 2683 impleatur
931 2616 983 2667 in
1009 2613 1276 2684 illisrquod
1309 2612 1464 2667 lectio
1494 2614 1716 2667 Actuum

160 2706 569 2775 apostolorum,
616 2703 765 2774 quasi
811 2703 1052 2757 omnibus
1100 2703 1344 2770 exemplo
1400 2701 1671 2770 prwntisSu
1699 2741 1715 2767 ,

155 2797 473 2864 specialiter
521 2808 692 2849 tamen
742 2795 1124 2864 Religiosorum
1173 2794 1341 2847 oculis
1401 2792 1718 2858 anteponit:

165 2885 302 2940 Erat
331 2887 429 2940 illis
456 2901 540 2939 cor
569 2902 722 2939 unum
760 2897 805 2938 et
832 2885 1003 2938 animo
1045 2901 1149 2936 una
1178 2883 1314 2952 (Act.
1343 2880 1441 2951 tv).
1473 2883 1538 2936 Et
1591 2882 1720 2935 illud

162 2983 224 3033 in
270 2979 405 3034 libro
445 2980 803 3032 l’salmornm:
853 2976 1008 3040 Deus,
1039 2975 1126 3042 qui
1172 2974 1395 3027 habitare
1437 2974 1563 3042 faris
1594 2988 1721 3025 una-

164 3073 331 3124 nimes
362 3071 414 3124 in
459 3069 607 3122 domo
652 3066 835 3137 (l’sal.
884 3065 1083 3135 stu).
1130 3064 1445 3134 Cavendum
1475 3073 1557 3117 est
1597 3076 1723 3128 ergo

162 3176 270 3232 per
294 3162 468 3215 omnia
498 3161 756 3213 monacho
803 3175 870 3213 ne
917 3157 1113 3227 aliquid
1163 3154 1446 3209 simultatis
1495 3164 1583 3207 aut
1612 3154 1718 3207 odii

168 3257 255 3311 vel
280 3255 439 3308 corde
458 3264 627 3325 geiat,
653 3254 734 3306 vel
778 3268 937 3322 Opi-rc
988 3254 1239 3320 proterat,
1296 3253 1375 3304 vel
1432 3250 1508 3302 ira
1556 3249 1722 3303 victus

164 3351 418 3404 ostendat
449 3361 712 3416 :‘propter
756 3346 885 3400 illud
926 3344 1063 3417 quod
1106 3345 1232 3399 dicit
1263 3343 1585 3412 Apostolus:
1633 3337 1724 3391 Ira

166 3439 258 3493 cui
280 3475 304 3488 ..
329 3438 422 3491 viri
438 3437 691 3508 justitiam
724 3434 813 3488 Dei
845 3451 944 3487 non
980 3420 1215 3503 operatur
1236 3432 1371 3504 (Jac.
1405 3438 1497 3500 t);
1525 3439 1577 3484 ct
1600 3430 1724 3483 illud

167 3528 552 3599 Sapientissimi
598 3524 1081 3601 Salomonisglra
1130 3527 1183 3576 in
1230 3532 1396 3576 ventre
1465 3521 1726 3592 requiescit

166 3622 319 3676 stulti
348 3619 674 3690 (Eadem);
722 3633 819 3672 nec
863 3633 964 3669 non
991 3624 1045 3670 et
1073 3614 1195 3669 illud
1228 3613 1464 3683 Apostoli
1495 3629 1506 3663 :
1550 3612 1723 3665 Omnis

168 3713 484 3772 amaritudo.
514 3721 561 3765 et
602 3711 699 3771 ira,
730 3716 779 3762 et
820 3707 1123 3778 indignatio,
1155 3715 1202 3758 et
1248 3709 1461 3768 clamor,
1506 3714 1550 3757 et
1592 3702 1726 3755 blas-

174 3804 377 3872 phemia
403 3805 607 3856 tollatur
633 3817 665 3854 a
694 3799 827 3852 vobis
856 3814 967 3850 cum
997 3798 1131 3850 omni
1167 3798 1359 3848 malitia
1384 3793 1596 3865 (Ephes.
1622 3798 1721 3862 tv).

172 3914 305 3975 CAP.
348 3931 418 3970 tv.
459 3914 542 3969 Ne
567 3914 673 3968 ulla
699 3913 879 3967 mulier
915 3913 967 3966 in
1005 3911 1360 3965 monasterium
1388 3908 1722 3981 ingrediatur.

249 4027 384 4081 Illud
423 4039 648 4094 namque
674 4022 1009 4077 statuendum
1036 4029 1327 4092 opportune
1357 4020 1640 4085 credimus,
1660 4002 1755 4074 ἰη’

152 4105 322 4172 ἰιυιιι
368 4118 573 4186 penitus
622 4116 809 4168 mulier
846 4116 911 4167 ad
951 4123 1348 4176 monastenum,
1382 4113 1586 4167 etiamsi
1628 4128 1725 4180 pro

176 4210 461 4266 dilvctioue
488 4219 736 4277 expetere
771 4208 1032 4275 videatur,
1059 4207 1293 4261 accedat.
1323 4206 1583 4260 Similiter
1607 4223 1722 4261 eam

177 4303 336 4356 eziam
367 4299 627 4368 religiosis
656 4298 864 4355 feminis
889 4299 972 4352 vel
997 4298 1204 4367 puellis,
1237 4314 1302 4351 ne
1321 4312 1421 4365 qua
1460 4297 1597 4351 forte
1625 4314 1721 4351 ex—

178 4394 382 4447 cusatio
418 4391 590 4445 minus
616 4391 1025 4455 intelligentibus
1060 4390 1407 4458 relinquatur,
1439 4388 1723 4442 accedendi

181 4483 448 4539 lcentiam
474 4490 802 4549 amputamns
831 4499 844 4532 :
876 4482 995 4548 quia
1039 4497 1143 4535 non
1170 4490 1344 4549 potest
1387 4480 1640 4533 habitatio
1670 4481 1722 4532 in

134 4582 137 4585 ‘
182 4576 393 4643 longum
426 4589 542 4628 esse
570 4588 772 4635 secura,
805 4572 1017 4625 inimico
1060 4575 1319 4647 proximo,
1352 4574 1434 4627 vel
1468 4575 1617 4625 hoste
1644 4570 1721 4623 vi-

182 4672 347 4722 cino:
395 4665 681 4733 prat~ertim
708 4680 827 4719 cum
872 4664 924 4717 in
956 4665 1169 4717 dubium
1193 4668 1389 4727 veniat,
1419 4667 1535 4734 quis
1576 4663 1727 4719 hoste

183 4760 390 4827 publica
426 4768 479 4812 et
518 4767 721 4811 secreta
764 4769 930 4824 pugna
978 4758 1263 4810 vincatur:
1316 4758 1402 4808 ubi
1446 4755 1555 4825 jam
1598 4756 1725 4809 nihil

171 4848 231 4911 ,al
254 4849 319 4903 .td
350 4864 504 4917 quam
544 4858 634 4901 aut
673 4851 881 4909 vincere
909 4849 977 4901 sit
1012 4856 1103 4903 aut
1148 4846 1336 4915 perire.
1382 4845 1485 4900 Sed
1518 4846 1671 4915 longe
1699 4863 1727 4899 a

184 4942 522 5004 nionaswrio,
549 4940 833 5009 quemlibet
858 4940 1088 5001 Iratrum
1130 4939 1350 4993 evidens
1379 4951 1536 4990 causa
1566 4939 1727 4991 collo-

149 5049 361 5114 .qutum
389 5047 507 5085 cum
552 5031 759 5085 Ietninis
796 5012 1049 5083 duntaxat
1092 5029 1329 5084 hunestis
1358 5027 1558 5080 habere
1582 5041 1729 5080 com-

185 5123 395 5193 pulerit,
426 5124 624 5191 sciente
656 5121 737 5175 vel
769 5123 1100 5187 permittente
1138 5120 1347 5183 abbate,
1390 5126 1445 5171 et
1473 5110 1727 5169 adhibitis

150 5215 423 5284 ,testibus,
464 5215 513 5287 id
537 5221 639 5278 est,
654 5212 858 5282 junctis
901 5225 1077 5265 secum
1107 5202 1312 5264 duobus
1350 5226 1413 5264 ex
1447 5208 1720 5273 fratribus,

182 5306 440 5373 accipiant
470 5304 731 5359 licentiam
756 5300 1087 5370 colloquendi
1118 5316 1132 5351 :
1167 5301 1235 5353 ita
1264 5310 1441 5354 tamen
1470 5307 1527 5352 ut
1554 5297 1720 5351 abbas

186 5406 395 5447 causam
415 5392 483 5446 de
508 5404 611 5461 qua
634 5392 914 5445 collocutio
933 5387 1211 5451 exstiterit,
1244 5403 1347 5440 non
1389 5387 1630 5457 ignoret.

253 5504 381 5560 Car.
420 5519 473 5558 v.
514 5501 591 5561 De
635 5519 693 5558 eo
720 5505 809 5574 qui
842 5503 1111 5567 monachus
1138 5516 1240 5554 esse
1274 5500 1405 5569 vult,
1442 5498 1663 5569 qualiter

821 5573 1104 5640 recipiatur.
1697 5623 1707 5631 .

242 5654 314 5722 ’ἐξ
342 5662 459 5736 quis
505 5666 680 5719 veniat
707 5652 1011 5733 religittttettt
1052 5670 1302 5730 expetens
1344 5658 1719 5713 monasterium

166 5832 169 5835 Α
194 5752 505 5834 intraturus.
530 5759 625 5814 nisi
644 5742 849 5819 elapso
864 5758 1014 5819 prius
1054 5755 1169 5807 anni
1195 5754 1422 5817 circulo;
1457 5752 1535 5806 vel
1556 5744 1725 5815 certe,

1810 1188 1977 1259 prima
2006 1202 2126 1243 cum
2155 1186 2489 1248 satisfecerit.
2509 1185 2802 1241 subsecuta
2818 1182 3091 1253 responsio
3120 1181 3333 1249 adjiciat
3358 1196 3369 1231 :

1805 1280 1852 1335 si
1883 1280 2026 1334 nulla
2056 1288 2247 1349 praeter
2275 1279 2570 1334 devotionis
2594 1292 2805 1333 causam
2845 1280 3147 1343 compulsus
3173 1289 3370 1328 mona—

1805 1370 2026 1427 sterium
2076 1370 2285 1424 duxerit
2329 1368 2705 1438 expetendum.
2754 1366 2880 1420 Post
2923 1360 3022 1419 hoc
3051 1363 3363 1418 mottasterii

1807 1460 1992 1530 regula
2036 1458 2244 1514 abbatis
2294 1459 2342 1512 ei
2388 1458 2623 1526 iussione
2657 1456 2859 1525 legatur
2892 1472 2904 1506 :
2938 1465 2997 1508 ut
3024 1454 3370 1521 illlpOalerlltn

1808 1552 1939 1607 nihil
1967 1567 2157 1606 ttovum
2184 1550 2268 1604 vel
2298 1550 2625 1612 inusitatum,
2658 1558 2749 1601 aut
2782 1546 2827 1601 si
2869 1545 3204 1599 dist-essurus
3236 1559 3373 1612 pta:-

1810 1656 2012 1709 tereat;
2060 1654 2152 1697 aut
2190 1644 2232 1699 si
2272 1657 2581 1705 mansurus.
2632 1649 2907 1710 agnoscat.
2962 1637 3198 1691 Vicinam
3249 1646 3374 1689 tunc

1810 1738 2132 1793 monasterio
2167 1736 2435 1796 cellulam,
2476 1735 2600 1787 dum
2628 1739 2998 1802 pernoctatum
3042 1739 3250 1796 tempus
3280 1730 3374 1781 ob-

1740 1856 1784 1916 B
1808 1838 2006 1891 servat,
2036 1825 2276 1894 accipiat,
2308 1828 2610 1891 victumque
2631 1822 2997 1890 quotidianum
3031 1833 3061 1871 a
3106 1826 3374 1871 monaste-

1813 1922 1914 1985 rio,
1960 1921 2004 1973 si
2050 1920 2189 1972 inter
2233 1917 2465 1984 reliquos
2498 1921 2770 1982 operetur,
2810 1917 3127 1980 exspectet:
3160 1906 3373 1962 lectioni

1812 2019 1934 2063 ante
1953 2010 2127 2061 omnia
2152 2016 2206 2060 et
2228 2005 2452 2061 orationi
2482 2004 2614 2057 dans
2637 2014 2875 2070 Operam,
2904 2012 2954 2053 ut
2977 1998 3225 2067 dignetur
3245 2010 3369 2049 eum

1814 2102 1903 2155 ille
1955 2102 2291 2167 omnipotens
2338 2104 2604 2152 scrutator
2650 2094 2841 2147 animae
2888 2091 3232 2161 cognitorque
3287 2104 3374 2140 se-

1810 2202 1970 2249 orette
2008 2192 2217 2245 latitilite
2242 2203 2353 2243 suae
2392 2188 2596 2243 meritis
2619 2201 2784 2240 sacra:
2811 2180 3241 2252 congregationis
3280 2194 3375 2229 an-

1814 2296 2116 2343 numerare.
2148 2270 2201 2335 et
2231 2279 2339 2347 liat,
2386 2281 2522 2333 sicut
2550 2277 2803 2345 scrittum
2850 2284 2954 2339 est,
2986 2288 3115 2325 unus
3140 2286 3277 2341 .grea
3326 2277 3372 2323 et

1812 2391 1943 2428 unus
1972 2374 2155 2428 Pastor
2184 2374 2362 2443 (Joan.
2393 2371 2472 2440 x).

1813 2482 1945 2539 Car.
1982 2500 2051 2538 vr.
2098 2484 2163 2539 Ut
2198 2483 2367 2537 nullus
2404 2482 2678 2535 monachus
2716 2479 2794 2533 vel
2836 2478 3047 2533 clericus
3088 2476 3378 2530 retinendus

2439 2571 2738 2635 recipiatur.

1886 2687 2192 2743 Monachum
2231 2685 2447 2738 omnino
2479 2684 2596 2737 sive
2622 2681 2874 2736 clericum
2902 2677 3121 2733 alterius
3155 2675 3253 2729 loci
3292 2675 3375 2727 vel

1818 2778 2122 2835 monasterii
2153 2776 2315 2845 recipi
2346 2775 2443 2829 sub
2467 2774 2697 2841 qualibet
2723 2786 2880 2850 causa
2906 2770 3152 2825 nolumus
3179 2810 3193 2833 ,
3223 2757 3380 2821 intur-

1817 2870 2079 2932 dicimus,
2131 2868 2471 2935 prohibemus
2517 2882 2529 2919 :
2588 2864 2977 2933 prospicientes
3032 2860 3155 2914 talia
3211 2859 3384 2912 studio

1818 2960 2115 3022 charitatis,
2166 2975 2232 3013 ne
2271 2972 2465 3012 novum
2494 2953 2721 3024 aliquod
2753 2953 2889 3005 forte
2922 2949 3230 3005 scandalum
3268 2961 3384 3002 aur-

1818 3063 2002 3121 gentes
2026 3050 2297 3105 inducant.
2329 3046 2465 3101 Dicit
2487 3046 2629 3099 enim
2655 3042 2925 3111 Scriptura
2956 3058 2969 3092 :
3006 3036 3268 3121 Quidquid
3297 3037 3384 3088 tibi

1819 3116 1919 3199 non
1945 3145 2039 3207 vis,
2068 3142 2157 3196 alii
2179 3156 2276 3193 non
2306 3140 2480 3209 feceris
2510 3134 2661 3203 (Tob.
2689 3150 2738 3187 tv
2745 3155 2785 3203 ).
2818 3133 2948 3186 llinc
2972 3130 3114 3185 enim
3146 3116 3346 3196 plerum
3365 3156 3384 3168 -

1746 3215 1795 3278 (ἶ
1824 3251 1927 3306 que
1966 3250 2071 3288 non
2105 3241 2304 3286 tantum
2334 3230 2472 3284 inter
2501 3226 2743 3291 abbates,
2774 3225 2866 3279 sed
2895 3223 3054 3281 etiam
3101 3222 3237 3277 inter
3273 3236 3385 3274 mo-

1825 3326 2052 3382 nasteria
2081 3326 2197 3379 lites
2228 3321 2546 3376 insanabiles
2572 3319 2850 3379 oriuntur;
2882 3315 3006 3369 dum
3042 3328 3175 3367 unus
3204 3311 3386 3367 nititur
3464 3363 3469 3369 ,

1823 3417 2105 3473 defendere
2134 3428 2288 3483 quem
2318 3410 2569 3478 suscepit,
2600 3397 2737 3461 alter
2773 3420 3021 3460 revocare
3068 3418 3222 3468 quem
3262 3416 3387 3470 per-

1823 3509 1953 3564 didit
1984 3526 1996 3559 :
2030 3518 2083 3561 et
2123 3505 2188 3559 ad
2230 3512 2544 3562 extremum,
2604 3498 2703 3552 nisi
2755 3497 3007 3551 reddatur
3054 3494 3129 3547 illi
3172 3492 3411 3573 petitori:

1825 3602 2115 3671 petitus,,et
2144 3596 2228 3650 isti
2260 3591 2574 3649 restauratio
2599 3592 2796 3658 recepti
2819 3588 3104 3656 placaverit
3132 3578 3386 3652 iniuriam

1822 3699 2110 3758 acceptam,
2142 3702 2295 3758 quam
2337 3693 2529 3752 potest,
2581 3684 2660 3749 lit,
2711 3693 2766 3735 nt
2796 3697 2898 3733 non
2930 3678 3220 3753 secundum
3264 3678 3389 3730 bea-

1825 3792 1933 3836 tum
1966 3779 2269 3841 Apostolum
2319 3775 2494 3846 (Itoni.
2533 3777 2652 3839 xu),
2686 3773 2896 3826 vincant
2923 3769 2975 3823 in
3004 3769 3143 3823 bono
3165 3768 3385 3832 malum,

1823 3875 1913 3931 scd
1960 3876 2140 3941 utique
2187 3869 2310 3925 ntali
2354 3869 2630 3923 vincantur
2671 3880 2776 3920 uno
2817 3864 2977 3918 malo.
3009 3864 3255 3917 Attamen
3287 3876 3385 3916 nec
3462 3893 3475 3904 -

1826 3969 1951 4025 illud
1984 3964 2405 4039 praetereundum
2442 3959 2764 4023 censoimus,
2808 3956 2934 4009 utsi
2982 3954 3117 4009 forte
3164 3952 3380 4006 alterius

1824 4060 1944 4126 loci,
1986 4071 2041 4114 ut
2088 4072 2245 4124 supra
2294 4053 2420 4115 dixi,
2470 4049 2761 4104 monachus
2806 4046 2918 4101 sive
2944 4044 3166 4098 clericus
3194 4045 3387 4107 scripta

1822 4151 2029 4205 abbatis
2061 4150 2143 4203 vel
2188 4144 2421 4215 episcopi
2452 4143 2531 4196 sui
2582 4141 2805 4199 deferat,
2840 4138 2892 4190 in
2921 4135 3073 4205 queis
3114 4134 3391 4188 manifeste

1824 4241 2092 4311 probetur,
2124 4254 2226 4292 non
2264 4245 2479 4307 pr0pter
2528 4225 2654 4285 vitia
2699 4227 2987 4288 cavendus,
3038 4224 3129 4278 sed
3174 4231 3388 4292 propter

1822 4335 2130 4389 charitatem
2162 4331 2253 4387 Dei
2285 4330 2496 4393 missus,
2538 4327 2650 4396 ipse
2682 4332 2883 4378 tantum
2910 4319 3087 4373 socius
3119 4316 3232 4371 ﬁeri
3254 4329 3384 4369 con-

1823 4422 2141 4496 gregationis
2170 4422 2423 4475 obtineat.
2457 4418 2513 4473 Si
2560 4427 2735 4471 tamen
2781 4411 2922 4468 credi
2958 4411 3063 4464 ulle
3111 4408 3267 4462 modo
3290 4422 3383 4475 po.

1739 4562 1746 4569 .
1826 4524 1952 4578 test,
2003 4515 2141 4565 bono
2179 4527 2276 4565 suo
2327 4522 2588 4578 quemque
2637 4507 2770 4559 vclle
2812 4499 3117 4571 exspoliati.
3148 4508 3201 4553 et
3229 4499 3388 4551 alium

1752 4589 1799 4648 Ῑ)
1825 4621 1916 4659 sua
1948 4602 2180 4657 nuditate
2204 4600 2411 4653 vestiri.

1828 4721 1953 4777 CAP.
1997 4733 2084 4771 vu.
2130 4714 2204 4768 De
2252 4711 2650 4765 murmuratione
2701 4709 2802 4761 sive
2848 4705 3158 4760 detractione
3216 4717 3391 4754 monac

2486 4804 2717 4854 chorum.

1905 4926 1971 4982 Ut
1991 4922 2186 4979 nullius
2213 4920 2266 4974 in
2295 4913 2707 4985 congregatione
2732 4922 2972 4964 murmur
2991 4921 3085 4959 seu
3110 4904 3387 4960 detractio,
3438 4932 3441 4939 .

1832 5019 1969 5086 quod
1996 5012 2460 5071 familiarissimum
2491 5008 2688 5060 habent
2718 4999 2986 5062 monachi,
3021 5005 3207 5050 contra
3229 4995 3389 5045 abba-

1834 5121 1939 5165 tem
1964 5117 2054 5161 aut
2090 5103 2377 5175 quemlibet
2414 5100 2571 5154 alium
2600 5096 2669 5151 de
2731 5093 2982 5148 fratribus
3010 5088 3250 5142 audiatur
3281 5101 3293 5135 :
3324 5099 3393 5140 ne

1834 5202 1913 5254 ira
1944 5198 2057 5261 Dei,
2091 5211 2211 5265 qua:
2235 5209 2375 5263 saepe
2402 5192 2473 5245 ob
2518 5190 2653 5244 hanc
2683 5189 2893 5255 culpam
2925 5178 3274 5237 miserabi’ein
3307 5191 3393 5244 po-

1836 5289 2016 5359 pulum
2053 5283 2450 5346 condemnavit,
2492 5282 2543 5336 in
2584 5278 2932 5347 perditionem
2971 5268 3213 5343 similiter
3250 5282 3394 5320 mur.

1840 5356 2152 5431 mummium
2186 5374 2355 5427 turbae
2382 5371 2640 5426 excitetur
2669 5384 2681 5418 :
2710 5379 2761 5420 et
2790 5374 2985 5419 terram
3024 5356 3393 5429 repromissio-

1841 5470 1941 5527 nis.
1972 5482 2125 5537 quatn
2166 5479 2262 5519 nos
2291 5471 2435 5519 recte
2464 5460 2750 5529 accipimus
2786 5458 2960 5511 locum
3000 5456 3186 5508 futura:
3227 5447 3396 5501 beati-
3430 5524 3431 5527 η

1842 5558 2056 5621 tudinis,
2088 5548 2274 5625 perdat
2315 5550 2661 5609 'tnnrmuratio
2704 5550 2939 5618 prOpria,
2984 5560 3102 5613 qua:
3139 5538 3395 5594 debeatur

1839 5650 2123 5718 sponsione
2154 5646 2353 5701 divina.
2398 5644 2495 5701 llic
2536 5645 2678 5700 enim
2722 5639 3051 5695 damnandos
3092 5634 3247 5703 linjua
3281 5632 3394 5687 vitii

1840 5752 2126 5798 set-latores
2152 5741 2380 5809 psalmus
2411 5736 2726 5792 annuntiat:
2766 5733 3117 5789 Detralt'ntent
3149 5732 3395 5783 adt-crtus
