1958 3114
252 164 301 194 933

711 161 877 190 APPENDH
896 162 940 189 Al)
959 161 1070 189 OPERA
1089 162 1118 190 S.
1138 163 1168 189 P.
1188 138 1379 191 ΒὲΝιιοιοτι.

1813 163 1853 188 βω

253 221 395 256 proximum
423 227 494 246 suum
521 198 616 246 occulte
630 240 637 252 ,
662 218 730 245 hunc
754 219 916 253 persequebar
940 217 1024 253 (Psol.
1040 220 1063 249 Α
1079 217 1175 245 militer
1185 218 1264 246 etiam
1279 219 1322 245 bis
1331 219 1375 254 qni
1386 221 1506 254 pastores
1517 225 1657 253 pecorum,
1673 223 1704 245 ut
1717 222 1760 245 est
1773 225 1854 247 moris.

249 270 306 301 cx).
329 268 360 295 Et
381 267 475 294 iterum
496 272 608 299 arguens
629 264 769 299 Apostolus
791 263 877 291 dicit:
898 263 1026 291 Susurro-

251 322 305 347 διε,
322 314 484 344 detractaret,
507 310 560 337 Deo
582 310 686 337 odibiles
701 310 788 345 (Rom.
819 310 851 344 t).
867 309 900 336 Et
918 309 1025 343 iterum,

253 359 289 387 Hi
308 363 364 387 sunt
386 361 583 384 murmuratores
597 355 733 390 qnerulosi,
748 355 886 382 secundum
900 356 1028 382 desideria

253 412 299 430 sua
318 404 490 436 ambulantes,
524 408 547 430 et
566 410 593 430 os
615 403 717 429 illorum
750 401 862 436 loquitur
884 401 1025 435 superbiam

255 451 330 486 (Iud.
348 449 400 485 ιθ).

323 506 387 534 Car.
406 513 462 533 vni.
481 503 519 531 De
535 504 652 539 superbia
669 504 708 531 uel
722 503 830 531 elatione
845 503 956 530 vitanda.

291 563 325 590 Ut
340 562 420 590 elatio
433 561 606 596 superbiaque
625 560 760 588 monachis
778 561 886 589 omnino
899 561 1027 595 vitentur,

256 616 289 636 ne
299 608 424 643 jactantia
437 608 514 634 cadat.
529 607 580 638 sui,
596 614 703 641 promer
719 607 799 633 Deum
813 606 965 634 sublimitas
980 607 1029 634 de-

256 652 380 688 ponatur.
394 653 513 686 Abjeciio
532 658 560 680 et
578 652 713 679 humilitas
723 652 833 686 grandis
851 652 963 679 altitudo
976 656 1028 680 est.

256 700 330 727 Alias
344 706 406 726 vero
422 698 483 732 quid
494 698 545 725 erit
558 698 697 732 reliquisse
712 697 847 730 steculum,
860 698 883 725 si
897 705 911 724 a
926 705 956 724 se
972 697 1031 731 ejus

257 754 309 773 non
324 744 466 772 absciderit
482 744 644 771 vanitatem?
658 743 726 777 Quid
751 743 894 770 solitariam
917 744 1030 778 elegisse

257 792 350 823 vitam,
365 790 386 817 si
398 789 554 816 intrinsecus
568 793 666 816 tumeat
683 779 783 815 corde?
795 788 862 821 Quid
879 788 977 815 humile
992 788 1031 815 in—

256 843 298 864 est
322 836 454 871 protectus
475 835 502 862 in
525 835 620 870 rapite,
642 834 663 861 si
686 835 739 861 cito
752 841 767 860 a
779 840 810 861 se
826 833 883 861 huic
896 833 963 860 mala
979 841 1030 860 non

256 882 368 918 rejiciet.
390 882 435 917 qui
450 882 505 908 vult
523 882 641 908 invenire
660 887 713 915 quo
734 879 820 913 cadat,
844 887 941 907 cavens
955 880 1031 907 terri-

1077 262 1110 290 de
1123 264 1327 299 congregatione
1343 264 1490 297 mittentur,
1505 271 1577 291 cura:
1598 266 1652 291 erit
1677 270 1778 291 vacare
1797 266 1854 298 psal-

1078 310 1129 336 mis
1140 315 1169 336 ut
1181 310 1271 337 ceteri
1284 317 1292 336 :
1305 317 1339 337 ne
1358 310 1384 337 in
1399 310 1425 336 id
1445 310 1516 345 quod
1534 310 1621 343 majus
1633 314 1676 337 est
1692 309 1813 337 minores
1826 310 1856 336 io-

1078 355 1226 387 veniantur,
1240 358 1267 383 et
1281 355 1308 382 in
1335 355 1516 382 confusionem
1538 354 1578 382 sui
1603 354 1670 381 illud
1698 354 1742 382 eis
1763 358 1855 387 aptetur

1077 401 1228 434 exemplum
1240 410 1247 428 :
1259 401 1384 428 Animalia
1393 405 1477 428 autem
1487 400 1561 427 Itomo
1573 408 1626 427 non
1641 400 1754 435 percipit
1767 407 1799 426 ea
1811 407 1856 435 qu
1909 400 1910 421 ἒ

1077 449 1134 472 sunt
1150 445 1260 480 Spiritus
1276 445 1323 472 Dei
1337 444 1364 480 (1
1377 444 1436 472 Cor.
1457 445 1498 480 ιι).

1111 501 1176 529 Car.
1195 509 1242 529 xtl.
1263 501 1297 529 Ut
1309 501 1401 537 psalmi
1415 502 1512 529 sanctis
1526 500 1613 528 diebus
1632 501 1661 528 in
1680 502 1778 528 ordine
1795 501 1856 535 psal-

1400 557 1410 562 ’
1420 547 1516 574 lantur.

1114 601 1148 630 Ut
1158 602 1230 630 omni
1246 607 1364 637 tempore
1378 603 1471 637 psalmi
1487 610 1569 638 usque
1590 602 1623 630 ad
1641 602 1720 631 tinem
1737 603 1855 631 Psalterii

1079 647 1106 674 in
1119 648 1210 675 ordine
1223 647 1396 675 decantentur
1408 656 1416 674 :
1437 647 1489 675 sibi
1503 653 1591 675 tamen
1605 648 1737 676 secretius
1754 656 1856 683 propter

1079 694 1211 728 propriam
1224 693 1391 726 mercedem;
1401 698 1513 729 excepto
1521 693 1626 727 publico
1639 694 1773 728 psallendi
1784 702 1855 722 atras

1079 738 1222 771 dominico,
1248 744 1375 773 quantum
1400 745 1447 773 per
1468 739 1588 774 singulos
1610 739 1679 771 dies,
1703 739 1762 766 De»
1776 745 1854 766 tanta

1079 786 1194 813 scienter
1207 785 1297 813 laudes
1309 785 1403 813 offerat
1413 786 1515 814 occqu
1529 787 1718 813 ruminatione.
1732 785 1855 814 Similiter

1079 830 1158 857 etiam
1171 831 1328 857 converterit
1343 829 1464 857 oratione
1485 829 1625 864 subiuncta
1646 830 1774 857 noctibus
1793 831 1854 865 psal-

1079 882 1182 902 morum
1204 875 1350 910 frequentia
1375 874 1496 910 vigilare,
1512 880 1540 902 ut
1560 875 1702 910 impleatur
1722 875 1807 903 illud:
1827 876 1853 902 ls

257 911 310 956 bile
331 911 561 961 illud-Scriptura:
581 911 697 953 divinas:
713 925 780 953 Deus
799 911 911 961 superbia
926 926 1030 959 resistit,

1084 920 1124 947 die
1132 921 1238 948 clamaui
1250 926 1275 947 et
1289 925 1361 948 nocte
1373 928 1458 947 coram
1471 925 1495 948 ts
1511 919 1597 956 (Paul.
1623 922 1760 953 uxxvtii;
1779 926 1807 948 et
1825 921 1852 948 il-

257 972 394 999 humilibus
417 977 501 998 autem
524 972 567 998 dat
581 971 689 1006 gratiam
714 971 739 1006 (I
756 970 813 998 Pet.
828 972 866 1005 v).
891 971 925 998 Et
946 971 1030 998 illud:

257 1019 372 1054 Superbo
392 1018 464 1044 oculo
480 1023 501 1044 et
513 1018 650 1044 insatiabili
664 1017 751 1049 corde,
765 1025 822 1043 cum
833 1016 881 1043 hoc
892 1016 969 1043 simul
981 1025 1032 1043 non

258 1064 363 1092 edebam
391 1063 474 1100 (Psal.
490 1065 527 1098 c).
550 1063 583 1090 Et
602 1063 663 1090 illud
679 1062 797 1096 Apostoli
817 1069 869 1088 non
888 1061 1033 1089 obliviosos

257 1109 371 1140 auditor,
383 1109 426 1143 qui
441 1108 503 1135 dicit
519 1117 525 1134 :
542 1107 596 1134 Hoc
607 1108 703 1139 scitote,
714 1107 773 1142 quia
785 1107 811 1133 in
823 1106 962 1133 novissimis
974 1107 1031 1133 die-

257 1155 303 1181 bus
328 1154 455 1181 instabunt
478 1158 589 1188 tempora
611 1152 769 1186 periculosa;
794 1155 818 1178 et
831 1155 902 1178 erunt
921 1151 1033 1178 homines

257 1201 350 1233 sripaos
375 1203 510 1231 amantes,
534 1197 629 1232 cupidi,
651 1197 725 1229 elati,
748 1197 871 1231 superbi.
894 1195 1034 1231 blasphemi

257 1243 299 1280 (II
316 1244 383 1272 Tim.
398 1243 447 1277 ιιι),
464 1248 496 1270 et
506 1243 604 1276 reliqua
618 1249 675 1277 qua:
686 1248 840 1277 sequuntur.

498 1297 561 1325 Car.
582 1305 619 1324 ix.
639 1296 678 1324 De
695 1296 798 1323 invidia.

294 1354 430 1386 Invidiam,
445 1354 514 1388 quod
529 1357 569 1380 est
583 1353 724 1380 maximum
739 1353 842 1388 vitium,
864 1357 926 1382 ante
941 1354 1029 1381 omnia

257 1400 402 1427 monachus
424 1400 523 1426 foribus
551 1399 647 1426 mentis
675 1399 815 1431 excludat,
846 1406 895 1427 nec
919 1400 1033 1435 patiatur

256 1445 434 1480 virginitatem
453 1445 533 1471 animi
545 1444 650 1479 occulto
671 1444 757 1472 livore
778 1445 911 1480 corrumpi
927 1454 934 1471 :
959 1453 992 1473 ne
1007 1447 1034 1473 in

258 1495 348 1518 mente
362 1497 409 1517 sua
425 1490 522 1517 bonum
535 1496 625 1516 semen
639 1496 761 1525 sparsum
771 1495 866 1518 enecet
884 1491 1033 1519 adulterina

256 1535 410 1570 permixtio.
424 1535 476 1562 Sed
489 1540 657 1570 stctsemper
671 1535 746 1570 quasi
761 1535 835 1562 tortis
856 1536 891 1563 in’
906 1536 974 1570 acie,
990 1544 1034 1564 re-

256 1588 375 1616 pugnans
401 1585 476 1607 scuto
496 1580 634 1608 cbaritatis‘
651 1581 733 1608 armis
756 1580 880 1614 invidiae;
899 1586 945 1609 .et
971 1580 1069 1624 indec

257 1629 372 1654 maxime
385 1630 492 1661 superet
511 1626 642 1658 invidum,
655 1627 717 1661 quia
739 1634 791 1654 non
805 1631 945 1662 superatur
966 1628 1034 1654 invi-

256 1673 389 1699 diaz‘non
413 1672 537 1707 ignorans
559 1672 733 1707 Scripturam,
760 1680 819 1706 quae
832 1673 915 1700 dicit:
932 1672 1034 1699 Invidia

256 1717 351 1744 diaboli
364 1725 434 1744 πιιιη
453 1718 556 1744 intrarit
578 1718 606 1745 in
628 1718 713 1745 orbem
732 1707 855 1745 terrarum
876 1718 886 1753 (
897 1718 962 1752 Sop.
983 1726 1000 1745 ii
1013 1717 1033 1753 )'.

256 1762 396 1790 Imitantur
407 1767 495 1790 atrtem
506 1771 566 1790 eunt
577 1763 623 1798 qui
637 1768 698 1790 sunt
709 1771 742 1791 ex
755 1769 829 1798 parte
842 1763 911 1798 ejus.

256 1819 319 1846 CAP.
344 1827 371 1847 x.
395 1819 433 1846 De
453 1827 483 1846 eo
501 1840 509 1853 ,
534 1828 565 1846 ne
586 1820 684 1855 aliquid
707 1821 804 1855 proprii
827 1821 875 1848 sibi
897 1822 1034 1850 monac/tus

589 1866 704 1894 vindicet.

293 1919 359 1947 Illud
379 1921 459 1948 etiam
474 1921 553 1949 statui
568 1921 665 1950 debere
684 1922 877 1957 prospeximus,
904 1928 933 1951 ut
946 1924 1034 1952 nullus

258 1965 447 1992 monachorum
459 1966 556 1999 aliquid
570 1966 622 1993 sibi
639 1967 772 2001 proprium
796 1967 895 2003 alisque
907 1969 1034 1997 societate

256 2009 365 2037 irati-um
379 2010 475 2037 audeat
488 2011 638 2044 vindicare;
652 2011 686 2038 ita
709 2015 738 2038 ut
759 2011 839 2039 etiam
860 2012 886 2039 in
908 2012 951 2040 bis
975 2021 1034 2048 qua:

255 2061 303 2082 sua
326 2058 387 2082 sunt
407 2054 472 2081 nihil
494 2055 605 2090 amplius
624 2056 715 2083 credat
730 2057 780 2084 sibi
792 2056 860 2092 juris
880 2065 940 2086 esse
954 2067 1034 2093 quam

255 2099 369 2126 caeteris.
385 2098 450 2131 Quia
465 2106 524 2127 cum
544 2107 573 2127 se
595 2100 680 2135 ipsum
702 2101 810 2129 alterius
831 2103 948 2130 subdidit
961 2110 1036 2138 pote-

255 2145 329 2176 stati,
349 2145 436 2172 omnia
451 2138 582 2173 secum.in
597 2147 709 2174 alienam
732 2153 890 2183 potestatem
912 2152 1034 2177 transmi-

255 2188 299 2215 sit.
319 2188 449 2223 Quidquid
465 2197 528 2225 ergo
543 2197 634 2218 secum
653 2199 740 2219 rerum
758 2192 893 2227 detulerit,
913 2195 1033 2229 expetito

255 2234 390 2261 consortio
404 2237 604 2269 monachorum,
619 2243 651 2263 ac
665 2236 709 2263 ubi
726 2238 831 2272 corpori
849 2241 1034 2275 congregatim

1082 966 1127 994 Iud
1142 974 1150 994 :
1163 966 1196 993 In
1209 966 1264 1002 lege
1276 967 1333 1001 ejus
1347 966 1507 993 meditabitur
1528 967 1571 994 dis
1586 975 1617 993 ac
1640 972 1713 994 nocte
1729 966 1812 994 Ῥω.
1826 968 1851 1000 t).

1317 1022 1380 1050 CAP.
1395 1029 1453 1050 xm.
1469 1021 1507 1049 De
1521 1022 1625 1058 uigiliis.

1117 1077 1328 1113 Quotiescunque
1352 1078 1439 1113 vigilia
1462 1083 1590 1106 nocturna
1615 1082 1723 1113 propter
1746 1085 1849 1105 exoran~

1086 1120 1149 1149 dum
1163 1119 1247 1150 Deum
1260 1143 1268 1156 ,
1292 1127 1339 1150 aut
1356 1122 1496 1151 devotione
1519 1122 1618 1157 petitur
1629 1142 1637 1155 ,
1661 1127 1708 1150 aut
1721 1123 1850 1150 testivi-ate

1084 1167 1214 1200 debetur,
1231 1167 1319 1194 nullus
1341 1167 1543 1202 monachorum,
1559 1173 1658 1202 preter
1680 1167 1849 1202 egritudines:

1084 1216 1186 1239 certam
1207 1216 1252 1239 aut
1266 1212 1461 1244 necessitatem.
1484 1212 1508 1239 si
1530 1219 1647 1247 pmseus
1661 1211 1750 1246 fuerit,
1763 1213 1849 1240 absens

1085 1263 1147 1285 esse
1161 1262 1312 1292 praesumat.
1337 1257 1376 1285 Ne
1389 1257 1506 1286 interiori
1531 1257 1611 1285 mdia
1623 1258 1728 1292 gravius
1742 1258 1849 1285 laborare

1086 1308 1265 1330 consuesceus
1271 1301 1376 1329 vivente
1390 1308 1470 1330 carne
1478 1301 1607 1337 spiritalis
1620 1302 1707 1329 anima
1717 1302 1847 1329 moriatur:

1087 1347 1134 1374 sed
1149 1347 1237 1382 potius
1250 1347 1373 1382 promissi
1393 1347 1463 1376 illius
1485 1347 1597 1382 cupidus
1610 1355 1731 1382 quaerere
1742 1348 1816 1375 simul
1826 1352 1849 1376 et

1085 1391 1205 1420 invenire
1217 1392 1371 1425 contendat,
1379 1393 1423 1427 qui
1433 1384 1516 1420 dixit:
1525 1392 1637 1429 Diligom
1650 1394 1742 1429 ωοῃὶ
1751 1393 1848 1428 ιω,-

1084 1445 1125 1464 me
1139 1445 1148 1464 :
1162 1442 1186 1464 et
1205 1438 1249 1472 qui
1269 1446 1343 1465 mane
1356 1438 1460 1473 vigilant
1473 1438 1507 1465 ad
1527 1446 1567 1465 me
1579 1439 1705 1466 inuenient
1717 1447 1756 1466 tu
1768 1438 1847 1474 (Pros.

1085 1483 1155 1517 vni).
1166 1482 1199 1510 Et
1213 1483 1240 1510 in
1256 1485 1358 1518 psalmo
1370 1483 1451 1511 etiam
1463 1482 1711 1511 continetomnis:
1718 1483 1847 1517 quaram

1087 1534 1155 1560 eum,
1165 1532 1189 1554 et
1203 1527 1418 1561 consertebontstr,
1430 1532 1453 1554 et
1464 1528 1613 1555 antelatum
1625 1528 1752 1555 ueniebant
1760 1529 1792 1555 ad
1800 1536 1847 1554 eam

1085 1572 1170 1611 (Esal.
1184 1575 1293 1608 Lxxvn).
1309 1573 1374 1600 Nam
1389 1579 1418 1600 ut
1427 1573 1544 1608 quotidie
1563 1574 1597 1601 ad
1609 1574 1749 1602 matutinas
1766 1581 1847 1602 unae:

1086 1617 1196 1644 omnino
1209 1623 1328 1653 surgant,
1344 1617 1367 1645 si
1381 1624 1434 1645 non
1455 1622 1579 1646 censetur
1591 1619 1763 1653 superﬂuunt.
1784 1627 1847 1647 enim

1087 1670 1226 1695 monemus
1234 1672 1242 1690 :
1250 1663 1283 1691 ad
1294 1668 1435 1691 nocturnas
1440 1670 1504 1691 vero
1511 1665 1615 1692 cunctis
1622 1665 1717 1693 diebus
1726 1666 1758 1693 ita
1765 1672 1847 1693 omnes

1086 1708 1210 1736 celeriter
1230 1708 1383 1744 pariterque
1403 1714 1582 1744 consurgant,
1606 1715 1637 1737 ut
1658 1711 1759 1738 cunctis
1778 1710 1845 1737 simul

1086 1754 1305 1782 concurrentibus
1325 1754 1414 1781 nullus
1428 1752 1578 1782 inveniatur
1591 1756 1698 1784 venisse
1720 1756 1844 1791 posterior.

1084 1799 1119 1825 At
1138 1805 1201 1825 vero
1214 1798 1260 1833 qui
1274 1799 1423 1827 contrarius
1448 1799 1509 1827 huic
1521 1799 1730 1834 deprehenditur
1751 1806 1844 1831 statuto.

1085 1847 1125 1870 tot
1145 1842 1239 1871 diebus
1259 1843 1333 1871 solus
1351 1842 1475 1879 jejunet,
1489 1849 1553 1879 quot
1575 1843 1650 1872 boris
1664 1851 1724 1872 cum
1737 1845 1844 1873 fratribus

1084 1886 1191 1922 vigilare
1205 1894 1258 1915 non
1271 1888 1363 1916 voluit.
1846 1883 1851 1885 ἡ

1193 1942 1258 1971 Car.
1277 1951 1330 1971 xlv.
1347 1943 1385 1971 De
1397 1943 1547 1971 uestimentis
1561 1944 1749 1972 monachorum.

1120 1996 1282 2025 Vestimenta
1307 1998 1547 2032 supersullicientia
1574 1999 1720 2027 monachus
1743 2006 1789 2027 non
1809 2005 1842 2024 rr-

1088 2042 1175 2075 quirat
1190 2050 1198 2070 :
1214 2043 1258 2077 qui
1273 2051 1324 2071 non
1336 2043 1449 2078 amplius
1459 2052 1538 2080 quam
1550 2046 1622 2080 quod
1635 2045 1668 2072 ad
1681 2045 1842 2080 quotidianus

1088 2094 1164 2114 usum
1187 2087 1269 2114 abbas
1291 2088 1467 2116 necessarium
1483 2088 1588 2122 viderit,
1612 2088 1842 2125 ronsequatur;di-

1086 2136 1164 2159 ernle
1189 2132 1299 2160 Domino
1322 2132 1356 2160 ad
1379 2132 1545 2168 discipulos:
1560 2132 1652 2169 Nque
1676 2135 1739 2162 dus
1760 2134 1841 2161 insitas

1086 2177 1200 2206 [iubearis
1223 2178 1232 2213 (
1244 2177 1308 2206 Luc.
1341 2178 1383 2214 rx)
1398 2187 1406 2206 :
1419 2186 1485 2214 quas
1499 2179 1565 2207 duas
1590 2182 1692 2208 sanitas
1714 2180 1842 2215 intelligas

1085 2222 1213 2250 debemus
1223 2231 1275 2250 non
1289 2231 1411 2259 numero,
1428 2225 1451 2251 ai
1464 2229 1573 2260 propter
1581 2225 1694 2253 hiemem
1704 2226 1841 2254 necessaria

254 2276 298 2305 nis
322 2278 467 2305 membrum
494 2279 579 2307 lactus
601 2280 754 2315 adbzeserit,
774 2268 870 2310 ‘statim
892 2268 1035 2319 cognoscat
1049 2276 1073 2305 Ι)
1086 2274 1146 2295 esse
1157 2268 1289 2319 Videt“?
1304 2269 1350 2296 sed
1364 2276 1533 2319 “MF”?
1549 2270 1576 2319 fi
1596 2277 1736 2319 (eum?
1748 2271 1838 2319 tum}

251 2322 342 2349 omnia
367 2322 392 2349 in
416 2325 626 2352 communionem
649 2327 834 2359 transiisse,et
857 2327 909 2356 hoc
931 2333 1032 2357 tantum

253 2365 354 2403 iudicet
371 2368 514 2402 proprium,
529 2369 654 2404 quidquid
667 2377 727 2398 cum
744 2370 870 2400 fratribus
885 2374 1033 2408 possederit

255 2410 407 2441 indivisum.
428 2414 492 2440 Nam
514 2419 540 2440 et
552 2414 630 2441 lectio
642 2417 754 2443 Aetuum
768 2418 949 2451 apostolorum
964 2423 1032 2446 tem-

255 2463 320 2490 pore
330 2458 461 2492 surgentis
476 2458 599 2486 Ecclesim
614 2460 809 2489 taliter-ﬁdeles
821 2461 922 2490 Christi
933 2464 1032 2492 vixisse

252 2507 462 2530 commemorat:
487 2502 591 2535 Nullus,
618 2505 710 2539 inquit.
734 2514 765 2532 ea:
783 2506 855 2534 bonis
866 2508 919 2535 suis
933 2508 1031 2536 dicebat

254 2547 352 2581 aliquid
369 2555 444 2574 suum
463 2556 530 2581 esse;
551 2549 596 2576 sed
609 2555 682 2577 erant
705 2551 758 2579 illis
780 2553 869 2580 omnia
884 2554 1030 2581 omnia

253 2591 324 2624 (Act.
338 2593 388 2627 tv).

303 2648 367 2675 CAP.
385 2656 422 2676 xi.
444 2649 478 2676 Ut
495 2651 580 2678 nullus
598 2652 738 2680 monachus
757 2654 855 2682 litteras
873 2656 980 2691 ignoret.

289 2705 380 2733 Omnis
391 2706 434 2741 qui
447 2714 543 2735 nomen
557 2709 613 2736 vult
627 2711 748 2737 monachi
762 2712 908 2747 vindicare,
926 2714 1028 2742 litteras

253 2752 280 2779 ei
302 2751 421 2785 ignorare
443 2760 497 2780 non
518 2753 606 2781 liceat.
630 2755 700 2789 Quin
720 2756 800 2784 etiam
818 2758 933 2791 palmus
956 2764 1026 2788 totos

252 2796 409 2825 memoriter
423 2802 527 2825 teneat:
550 2807 634 2834 neque
646 2808 676 2829 se
687 2809 841 2837 quacunque
856 2805 1027 2832 excusatione

254 2840 394 2870 celondat.
420 2844 560 2883 quominus
576 2852 666 2874 sancto
679 2848 727 2876 hoc
741 2849 827 2877 studio
842 2850 967 2885 capiatur.
983 2851 1026 2879 Sl-

1084 2313 1241 2346 computari.
1260 2314 1346 2348 Super
1358 2319 1422 2350 ergo
1434 2314 1456 2342 si
1469 2315 1533 2351 quid
1546 2315 1637 2349 fuerit.
1650 2315 1840 2352 putabitnrslia-

1084 2365 1146 2385 num
1163 2367 1170 2385 :
1186 2359 1247 2386 dum
1260 2359 1537 2394 quidquidpossessor
1550 2369 1645 2389 avarus
1665 2362 1781 2395 includit,
1795 2369 1839 2389 Ila'

1083 2402 1125 2436 gis
1133 2403 1214 2430 utitur
1225 2411 1283 2430 arca
1299 2412 1375 2437 quam
1388 2404 1604 2440 dominuszquod
1618 2411 1647 2433 ut
1660 2405 1839 2438 vitulinum-

1084 2455 1143 2474 mus
1156 2448 1231 2474 nobis
1244 2449 1336 2475 beatus
1343 2449 1482 2483 Apostolus
1496 2449 1570 2477 tedis
1584 2451 1710 2486 assurgit,
1723 2450 1766 2486 qui
1773 2449 1837 2477 dicit:

1084 2493 1209 2521 Habentes
1230 2494 1320 2520 victum
1331 2500 1353 2521 et
1372 2494 1486 2521 vestitum
1505 2495 1544 2522 bis
1555 2497 1664 2523 contenti
1682 2494 1838 2523 επιεικ-

1081 2539 1125 2571 qni
1144 2539 1230 2565 volunt
1240 2539 1325 2565 divi/es
1344 2539 1400 2573 ﬁeri
1411 2558 1419 2572 ,
1434 2539 1547 2566 incidunt
1565 2541 1592 2566 in
1601 2540 1759 2567 testatione-
1774 2538 1839 2568 stis-

1079 2592 1170 2619 qttetim
1180 2585 1284 2615 diaboli.
1294 2590 1317 2611 et
1327 2585 1451 2612 desiderio
1460 2586 1551 2619 multa,
1562 2591 1585 2613 et
1594 2586 1706 2619 inutilia,
1715 2590 1740 2614 et
1749 2587 1838 2613 and":

1080 2637 1137 2663 qui:
1144 2637 1212 2665 merg
1217 2636 1259 2656 unt
1267 2630 1376 2658 homines
1385 2631 1411 2658 in
1420 2631 1547 2658 interitum
1552 2636 1577 2659 st
1584 2632 1758 2667 perditionem.
1769 2631 1839 2659 Illis

1080 2675 1190 2701 omnium
1204 2675 1327 2702 malorum
1337 2681 1372 2702 est
1383 2677 1507 2711 cupiditas
1519 2684 1613 2712 κιαι
1627 2681 1776 2713 appetentes,
1785 2683 1839 2703 ι.-

1078 2719 1238 2756 [rogaverunt
1258 2729 1274 2746 α
1295 2722 1353 2754 ﬁde,
1368 2727 1392 2748 et
1404 2722 1565 2749 inter-sntit
1577 2729 1605 2749 se
1616 2722 1744 2750 doloribis
1754 2719 1836 2749 ’ὓ-

1076 2764 1118 2792 τιι
1131 2771 1223 2797 autem,
1240 2774 1254 2792 tt
1268 2767 1342 2793 homo
1358 2767 1412 2801 "ei,
1424 2766 1477 2794 bats
1491 2767 1551 2804 [ags
1564 2776 1575 2795 :
1588 2772 1683 2796 δεθείη
1703 2775 1760 2798 σε*

1079 2810 1149 2842 tium,
1161 2811 1285 2845 pietatem,
1296 2813 1381 2845 ﬁdem,
1396 2812 1554 2845 duritatem.
1568 2813 1725 2847 patientiam.
1737 2819 1838 2841 μ’

1079 2855 1199 2882 militum.
1207 2856 1279 2882 Certa
1294 2857 1385 2883 bonum
1392 2862 1514 2885 certamen
1521 2858 1581 2893 ﬁdei
1589 2867 1599 2886 :
1608 2851 1764 2896 oppida]!
1773 2858 1835 2886 li!-

1669 2912 1917 3071 ,με-Λ

1909 395 1912 544 i
