3916 6228
92 436 229 490 9³’ῑί
278 384 281 385 ν

1103 428 1157 482 S.
1201 423 1533 480 FERREOIJ
1600 422 1878 477 RElil‘LA
1922 420 2010 473 AD
2051 416 2430 471 MUNMIHUS.
3284 412 3381 463 τεο

96 564 425 610 u-terva-n,
460 566 506 599 tn
536 563 633 615 qua
665 554 864 600 voratus
908 560 977 598 es.
1012 553 1057 595 ct
1084 543 1341 611 ronfessus
1383 541 1560 591 bonam
1604 554 1719 592 con-

1881 553 2006 607 Csr.
2032 567 2135 605 xix.
2166 549 2231 603 lit
2255 553 2303 600 in
2331 548 2559 600 manibus
2582 546 2812 600 monac/ii
2834 548 3063 616 frequens
3083 548 3145 599 sit
3176 552 3333 601 ’ριἰιο.

98 644 420 711 {vastantem
461 655 630 692 coram
660 638 831 690 multis
877 635 1098 688 testibus.
1145 632 1394 700 I’rtzcipio
1436 633 1523 685 tibi
1552 646 1721 684 coram

106 733 280 795 Deo,
304 734 389 801 qui
406 731 617 798 riviﬁcat
635 730 824 789 omnia,
844 738 887 781 et
908 724 1265 786 CbristoJesu,
1282 726 1368 792 qui
1388 724 1723 777 testimonium

96 824 376 875 reddidit
394 822 484 875 sub
508 821 689 873 Pontio
710 818 879 871 Pilato
897 818 1078 869 bonam
1096 817 1481 885 confessionem,
1499 825 1550 866 ut
1565 828 1725 867 senta

100 916 454 967 mrmdattt'n
490 912 598 965 sine
623 910 823 963 macula
860 908 1317 978 irreprehensibtle,
1363 921 1515 970 usque
1544 906 1594 956 in
1632 904 1726 955 ad-

76 1034 81 1037 λ
105 1020 358 1062 ventum
387 1006 589 1059 Domini
621 1006 780 1058 nostri
795 1002 918 1057 Iesu
937 1003 1121 1055 Christi
1149 998 1200 1069 (1
1229 998 1367 1052 Tim.
1398 999 1492 1064 vt).
1511 997 1726 1052 Studete

100 1118 306 1172 ergit,
340 1102 554 1164 fratres,
583 1110 642 1153 ut
668 1096 810 1166 quod
837 1097 901 1148 ad
932 1110 1092 1148 unum
1119 1092 1409 1153 hominem,
1441 1091 1490 1144 id
1523 1101 1629 1154 est,
1662 1090 1727 1142 ad

108 1194 500 1249 Timotheum
549 1190 838 1253 scribitur.
888 1187 955 1242 ab
1000 1200 1100 1240 una
1159 1183 1567 1253 congregatione
1614 1196 1725 1235 sero

115 1299 340 1340 νειυτ.

291 1398 423 1451 Car.
456 1410 545 1450 xv.
581 1394 649 1449 Ut
678 1396 730 1447 in
763 1392 1067 1445 monasteria
1096 1390 1268 1443 nullus
1300 1388 1597 1457 baptizetnr.

213 1506 500 1576 Baptizari
532 1506 582 1559 in
617 1503 939 1559 monasterio
978 1502 1234 1573 parvulos
1261 1500 1604 1555 tractavimus
1642 1515 1731 1554 nc-

116 1600 454 1654 cessarium
486 1613 591 1651 non
616 1610 759 1659 esse,
783 1597 922 1649 sicut
947 1594 999 1647 in
1032 1592 1251 1663 reliquis
1279 1593 1616 1647 monasteriis
1643 1594 1737 1648 oh-

122 1699 445 1751 servatur;
479 1701 650 1757 neque
677 1686 939 1739 monacho
965 1684 1070 1737 ullo
1101 1686 1217 1737 loco
1234 1685 1301 1736 de
1327 1683 1537 1737 lavacro
1553 1694 1736 1736 sancto

127 1780 306 1832 filios
348 1778 638 1848 cujuslibet
679 1778 925 1846 excipere
957 1792 970 1827 :
1006 1791 1073 1830 ne
1113 1775 1421 1844 parentibus
1468 1775 1608 1829 illius
1633 1815 1649 1840 ,
1682 1783 1738 1828 ut

130 1872 276 1926 ﬁeri
307 1874 461 1934 solet,
486 1869 668 1924 illicita
689 1867 944 1938 paulatim
965 1866 1049 1920 vel
1074 1865 1214 1935 turpi
1238 1865 1596 1920 familiaritate
1611 1866 1736 1936 jun-

131 1972 337 2032 gatur.
369 1959 520 2028 Quod
568 1960 613 2013 si
643 1962 761 2029 quis
799 1958 1198 2030 praesumpserit
1222 1998 1238 2023 ,
1289 1965 1349 2012 ut
1378 1965 1734 2027 transgressor

133 2051 366 2122 regulae
392 2053 708 2121 corrigatur.

137 2164 301 2232 CAP.
328 2177 432 2216 xvi.
468 2160 537 2216 Ut
576 2161 757 2217 cellam
784 2161 1059 2233 separatim
1096 2168 1278 2231 praeter
1308 2158 1535 2214 abbatem
1563 2160 1732 2215 nullus

840 2251 1049 2307 habeat.

230 2343 440 2401 Cellam
487 2342 810 2413 singularem
835 2382 852 2408 ,
899 2355 1094 2415 preter
1124 2345 1373 2400 abbatem
1399 2386 1415 2407 .
1461 2357 1631 2413 neque
1669 2343 1733 2397 ad

149 2437 515 2501 manendum,
548 2452 717 2507 neque
744 2430 809 2491 ad
839 2439 999 2493 alium
1027 2452 1393 2509 quemcunque
1439 2453 1611 2501 usum,
1640 2436 1735 2491 ulli

151 2523 374 2584 habere
398 2528 556 2582 liceat
592 2528 996 2583 monachorum.
1028 2527 1272 2583 Artiﬁces
1299 2538 1470 2582 tamen
1498 2528 1565 2581 ad
1608 2541 1736 2596 opo-

156 2619 400 2673 randum
444 2627 645 2671 tantum
678 2618 929 2686 habeant,
962 2619 1013 2674 bi
1060 2618 1401 2673 nihilominus
1429 2620 1619 2689 quibus
1646 2620 1738 2674 ab-

149 2709 318 2764 .batis
344 2708 679 2765 ordinatione
716 2710 1025 2765 conceditur
1056 2726 1070 2764 :
1109 2725 1228 2765 nam
1258 2722 1420 2765 totam
1448 2724 1739 2782 congrega-

161 2802 378 2856 si0nem
421 2798 626 2854 mansio
667 2811 720 2854 et
747 2799 939 2855 domus
979 2816 1081 2855 una
1124 2802 1426 2857 concludat.
1457 2802 1578 2856 lllos
1613 2815 1741 2857 vero

163 2907 314 2962 quos
341 2907 596 2959 corporea
645 2884 899 2961 fragiiitas
924 2891 1186 2955 debilitat.
1214 2896 1422 2963 cognita
1453 2894 1554 2949 sibi
1597 2893 1742 2947 inbr-

166 2985 368 3038 mitate
412 2983 634 3054 languor
663 2984 975 3051 obsederit,
1026 2982 1151 3038 dum
1181 2984 1411 3053 vigorem
1457 2985 1742 3054 pristinum

168 3075 424 3143 corporis
447 3058 751 3146 integritate
780 3085 1018 3142 sumunt,
1048 3075 1295 3144 deputata
1323 3075 1458 3129 intra
1481 3084 1761 3143 monaste-,

170 3165 319 3219 rium
346 3174 400 3219 et
432 3180 539 3220 non
572 3166 674 3220 nisi
700 3181 933 3237 congrua
975 3170 1251 3222 mansione
1278 3181 1309 3221 a
1337 3169 1745 3236 congregatione

170 3256 399 3314 Interim
425 3268 771 3327 separentur:
794 3267 851 3313 u‘t
873 3257 1103 3315 celerius
1125 3258 1347 3313 salutem
1374 3257 1612 3314 conferat
1632 3259 1743 3328 ipsa
1772 3283 1818 3347 ρ

177 3366 307 3422 qua:
336 3349 394 3404 ﬁt
421 3365 461 3413 a7
479 3357 887 3420 congregatione
917 3349 1161 3407 remotio.

180 3461 320 3517 Car.
352 3476 480 3517 xvii.
510 3459 581 3516 Ut
610 3452 935 3541 repositum
964 3461 1040 3515 sel
1058 3444 1366 3531 Jformariam
1393 3462 1630 3517 monadti
1655 3464 1747 3518 sub

614 3550 805 3604 abbatis
830 3558 1072 3625 potestate
1097 3550 1329 3604 habeant.

262 3661 376 3719 Sub
414 3661 606 3716 abbate
644 3652 942 3731 personam
990 3669 1263 3715 strenuam
1325 3669 1380 3715 et
1419 3661 1747 3731 disciplinam

185 3754 344 3813 Valde
368 3763 656 3817 amantem,
686 3754 778 3824 qui
799 3754 1011 3823 dignam
1035 3767 1218 3807 curam
1241 3744 1506 3822 praepositi
1533 3769 1753 3808 nomen-

189 3865 297 3919 que
316 3849 587 3914 suscipiat,
606 3845 939 3900 decrevimus
954 3859 1052 3914 pro
1074 3846 1265 3902 solatio
1289 3846 1494 3900 abbatis
1512 3845 1708 3901 institui
1734 3864 1747 3900 :

191 3946 252 3992 ut
275 3938 443 3989 honor
472 3936 544 3988 illi
575 3937 748 3988 minus
776 3932 847 3986 sit
871 3946 1147 3997 onerosus,
1176 3934 1300 3988 dum
1332 3936 1509 3990 labore
1533 3936 1699 3990 diviso
1722 3951 1752 3989 a

194 4027 405 4083 duobus
450 4026 755 4096 quotidiana
806 4023 1110 4080 sollicitudo
1158 4028 1463 4097 suscipitur.
1519 4028 1582 4081 Et
1635 4027 1755 4080 ideo

196 4132 409 4186 arququ
438 4118 545 4169 erit
593 4123 650 4169 ut
673 4129 793 4171 cum
830 4112 1072 4183 jussione
1097 4112 1298 4169 abbatis
1326 4116 1375 4169 ei
1403 4119 1675 4171 veneratio
1702 4126 1757 4169 et

196 4206 501 4264 obedientia
532 4205 867 4286 exbibeptur.
897 4205 1028 4261 Nam
1059 4216 1114 4259 et
1142 4215 1261 4271 post
1287 4206 1457 4273 ipsum
1485 4221 1642 4276 quem
1671 4222 1758 4260 suo

201 4314 300 4371 pra
347 4297 579 4353 diximus
609 4296 947 4366 praepositum
971 4336 988 4361 ,
1035 4296 1128 4365 qui
1171 4295 1222 4349 in
1270 4296 1418 4349 bouis
1448 4297 1520 4350 sit
1548 4295 1715 4350 forma
1738 4339 1754 4364 ,

202 4389 486 4446 statuimus
515 4385 809 4454 regularem
837 4383 1063 4438 formitre
1088 4385 1391 4439 formarium
1424 4401 1438 4439 :
1473 4394 1527 4439 ut
1554 4384 1759 4440 facilius

204 4480 473 4548 adiutorio
501 4478 601 4532 isto
627 4475 905 4546 subjuncto
927 4475 1112 4539 abbas,
1141 4478 1226 4531 cui
1254 4492 1444 4531 nomen
1474 4476 1628 4531 Pater
1655 4487 1758 4544 est,

209 4572 402 4624 uberes
426 4569 624 4624 fructus
647 4577 809 4623 metat
825 4568 891 4623 de
913 4568 1235 4636 perfectione
1259 4568 1487 4622 dulcium
1508 4567 1780 4633 ﬁliorum,-

1898 684 2116 753 Prppter
2164 684 2335 751 pigras
2383 688 2587 732 mentes
2640 678 3010 746 quorumpiam
3062 676 3392 739 excitandas,

1826 778 2016 844 quibus
2059 789 2198 843 smpe
2226 780 2442 840 generat
2473 772 2628 824 lectio
2667 769 2847 823 divina
2890 762 3183 827 fastidium.
3233 770 3304 821 ita
3339 779 3393 820 nt

1828 866 1993 933 magis
2024 864 2130 916 otio
2156 864 2352 931 eligunt
2382 861 2653 926 occupari,
2681 875 2835 927 quam
2865 859 2929 912 de
2956 858 3242 925 Scriptum
3274 876 3395 909 snti-

1828 959 1928 1012 ctis
1953 956 2174 1009 salutent
2211 955 2412 1014 bibere,
2437 960 2492 1005 nt
2514 951 2858 1019 spiritualiter
2896 952 3251 1010 inardescatzt,
3276 968 3315 997 εις
3342 948 3397 999 di

1828 1048 2043 1101 omnino
2074 1064 2086 1112 ι
2110 1047 2290 1106 Iacui,
2309 1053 2364 1094 ut
2392 1042 2754 1111 unusquisque
2783 1043 3097 1102 IllOltat'ltUS,
3117 1040 3226 1091 sive
3256 1040 3393 1091 ittll'u

1830 1138 2204 1193 monasterium
2229 1151 2268 1188 si
2290 1150 2321 1187 ιι
2350 1133 2479 1186 loris
2499 1133 2692 1201 aliquid
2724 1133 2899 1199 operis
2929 1130 3101 1193 πυρὴν,
3122 1129 3402 1181 electione

1830 1232 2002 1285 divina
2023 1245 2087 1284 ne
2116 1244 2215 1280 una
2231 1226 2441 1294 quidem
2464 1224 2547 1276 die
2564 1240 2620 1276 sc
2639 1225 2867 1290 patiatur
2892 1223 3113 1274 transiri-
3129 1220 3166 1288 j.
3184 1220 3393 1288 junutn.

1832 1322 1937 1375 Seu
1967 1335 2083 1372 cum
2127 1318 2416 1371 cessaverit
2456 1330 2642 1368 manus
2677 1315 2742 1366 ab
2768 1328 2949 1381 opere,
2979 1314 3184 1365 colatur
3225 1312 3397 1364 anima

1833 1413 2058 1466 lectione
2089 1427 2104 1465 :
2135 1410 2467 1462 audientibus
2511 1408 2713 1460 cunctis
2746 1408 2944 1458 monita
2976 1406 3111 1459 beati
3158 1403 3305 1457 l’auli
3334 1405 3395 1455 ad

1833 1504 2168 1558 Timotheum
2200 1501 2512 1568 discipulum
2540 1539 2554 1562 ,
2600 1499 2825 1552 dicentis
2859 1516 2869 1548 :
2904 1498 3115 1551 Attende
3158 1498 3400 1560 lectioni,

1835 1594 2193 1655 rabortationi,
2231 1592 2472 1645 doctrinm
2495 1590 2543 1661 (1
2575 1589 2705 1641 Tim.
2736 1592 2827 1655 tv).
2860 1590 2921 1642 Et
2961 1589 3148 1643 iterum
3181 1605 3193 1639 :
3227 1588 3401 1638 Omnis

1835 1686 2086 1749 scriptura
2121 1668 2357 1733 divinitus
2380 1682 2631 1748 inspirata
2658 1682 2796 1733 utilis
2823 1692 2895 1733 est
2923 1680 2989 1731 ad
3013 1681 3312 1741 docetdum,
3336 1681 3404 1732 ad

1837 1777 2171 1839 urguendum,
2191 1778 2253 1824 ad
2272 1788 2449 1840 [οη-σῃ.
2468 1774 2643 1831 mium,
2668 1773 2733 1821 ad
2753 1770 3084 1823 erudiendum
3102 1772 3153 1820 in
3168 1771 3364 1838 justitia
3385 1783 3405 1819 :

1838 1879 1892 1918 stt
1930 1870 2183 1934 perfectus
2203 1868 2265 1918 sit
2306 1864 2453 1915 Iit-mo
2476 1863 2591 1928 Dei,
2613 1863 2680 1912 ad
2721 1879 2867 1914 onme
2885 1866 3065 1915 bonum
3092 1875 3298 1927 paratus
3321 1860 3401 1931 (Η

1814 1953 2032 2008 Tintotlt.
2068 1958 2168 2016 tu).

2009 2093 2138 2150 (Συ.
2171 2110 2254 2148 xx.
2293 2092 2368 2147 De
2396 2095 2535 2164 sagis
2564 2094 2665 2147 sive
2696 2092 2923 2162 fugitivis
2950 2093 3230 2146 monachis.

1904 2236 2094 2305 Vagari
2144 2250 2235 2304 per
2261 2234 2374 2288 loca
2423 2233 2740 2288 monachum
2787 2232 2925 2286 sicut
2960 2248 3063 2286 non
3106 2230 3297 2295 decet,
3335 2233 3404 2285 ita

1826 2342 1941 2380 non
1986 2327 2265 2389 convenit;
2302 2340 2368 2379 ue
2410 2325 2463 2378 in
2506 2339 2820 2392 quocunque
2851 2325 2979 2377 vitio
3007 2333 3194 2392 captus
3230 2326 3407 2377 saeculi

1826 2417 2188 2472 delectatione
2217 2416 2479 2480 clabetur,
2509 2426 2565 2467 ut
2596 2415 2775 2468 redeat
2816 2414 2881 2467 ad
2927 2418 3179 2466 vomitum
3212 2428 3404 2473 suum:

1836 2509 1959 2562 dum
1990 2508 2214 2562 recidiva
2244 2507 2406 2561 animi
2453 2506 2723 2559 Voluntate
2767 2506 2947 2557 mundi
2998 2515 3146 2559 vetus
3172 2516 3406 2559 contem-

1830 2613 1980 2667 ptor,
2026 2611 2194 2652 novus
2219 2596 2431 2666 quidam
2459 2609 2666 2649 amator
2712 2608 3020 2663 assurgens,
3045 2610 3073 2646 a
3103 2596 3183 2647 via
3219 2595 3406 2649 salutis

1836 2691 2092 2744 distortus
2120 2688 2402 2744 exerbitet.
2426 2688 2757 2755 Quapropter
2784 2688 2832 2738 id
2859 2685 3196 2740 detinivimus
3221 2688 3406 2743 obser-

1837 2781 2091 2847 vandum,
2120 2788 2179 2833 ut
2222 2788 2415 2848 preter
2440 2778 2562 2832 illos
2590 2778 2680 2845 qui
2710 2790 2806 2844 pro
2849 2779 3075 2830 utilitate
3102 2779 3409 2835 monasterii

1840 2872 1910 2929 ab
1950 2872 2143 2925 abbate
2170 2870 2273 2924 huc
2319 2870 2546 2936 illucque
2578 2867 2773 2921 habere
2817 2867 3069 2935 jubentur
3110 2882 3366 2921 excursus
3392 2907 3408 2932 ,

1840 2962 2023 3016 nullus
2063 2952 2246 3030 egre-li
2292 2958 2671 3015 monasterium
2701 2960 2818 3013 loco
2844 2959 2949 3014 alio
2973 2969 3273 3013 moraturus
3302 2961 3408 3012 ab..-

1844 3068 1947 3122 que
1972 3053 2242 3106 voluntate
2283 3052 2491 3106 abbatis
2518 3065 2613 3120 pro
2638 3050 2872 3121 qualibet
2899 3066 2958 3104 rc
2984 3051 3064 3105 vel
3096 3051 3410 3104 necessitate

1843 3152 2161 3213 praesumat,
2194 3158 2269 3196 ne
2310 3141 2379 3197 ad
2422 3157 2544 3197 eum
2592 3140 2841 3211 respiciat
2866 3142 3005 3212 quod
3034 3143 3316 3210 Apostolus
3342 3142 3407 3195 de

1846 3231 2359 3287 adolescentioribus
2384 3233 2556 3286 viduis
2583 3234 2823 3286 scribens
2846 3231 2973 3286 dicit
3004 3249 3017 3284 :
3052 3231 3223 3286 Simul
3247 3243 3413 3285 autent

1846 3337 1893 3380 et
1916 3326 2091 3381 otiosi:
2128 3326 2330 3379 discunt
2360 3325 2625 3378 circumire
2650 3324 2867 3386 damus;
2894 3339 2997 3376 non
3024 3323 3187 3377 solum
3224 3324 3415 3386 otiosa',
3489 3390 3494 3397 η

1844 3416 1933 3469 sed
1952 3417 2104 3468 etiam
2133 3413 2351 3468 verbose
2369 3421 2414 3465 et
2437 3412 2673 3476 curiosa,
2692 3413 2947 3480 loquentes
2967 3427 3079 3480 qua:
3103 3427 3203 3463 non
3225 3426 3417 3479 aporzet

1844 3504 1903 3577 (1
1933 3505 2063 3559 Tini.
2091 3513 2171 3573 v).
2202 3504 2269 3559 Et
2292 3504 2413 3559 ideo
2438 3502 2528 3571 qui
2559 3502 2914 3570 praetermissa
2952 3501 3217 3556 sententia
3241 3500 3416 3570 aliqua

1846 3597 2227 3651 contrarietate
2242 3595 2571 3660 discesserit,
2601 3594 2656 3648 in
2683 3603 2880 3647 tantum
2903 3603 2958 3645 ut
2981 3592 3098 3661 ejus
3123 3593 3417 3647 inveniatur

1848 3685 2017 3740 {ivisse
2064 3695 2460 3755 transgressor;
2482 3686 2663 3753 spatio
2695 3684 2789 3738 illo
2831 3684 3086 3754 temporis
3108 3698 3213 3751 quo
3238 3684 3437 3737 mooa-‘

1845 3775 2017 3830 sterio
2034 3774 2212 3829 defuit
2252 3783 2577 3843 computato,
2610 3773 2803 3841 duplici
2830 3772 3034 3826 dierum
3078 3786 3300 3826 numero
3338 3772 3421 3839 je-

1845 3860 2020 3936 junet,
2045 3873 2100 3922 et
2116 3863 2860 3920 cendemnationemulctetur
2875 3880 2889 3926 ;
2907 3863 3011 3917 cibi
3040 3863 3277 3927 modum,
3297 3864 3422 3917 vino

1851 3957 2089 4026 quotidie
2133 3955 2414 4025 abnegato,
2441 3955 2651 4024 qualem
2694 3953 2861 4007 abbas
2892 3953 3224 4019 imposuerit,
3271 3954 3422 4007 babi-

1855 4058 2022 4104 torus.
2056 4046 2352 4117 Fugitivum
2380 4061 2506 4100 vero
2534 4043 2875 4107 monachum,
2903 4042 3237 4098 deserentem
3263 4044 3421 4096 disci-

1856 4142 2055 4211 piiuam
2078 4152 2132 4194 et
2158 4139 2465 4209 perdentem
2496 4152 2574 4200 se.
2606 4136 2750 4192 velut
2774 4144 3198 4205 contemptorem
3225 4134 3424 4206 placuit

1856 4246 2131 4287 revocare.

1998 4364 2127 4420 Car.
2152 4379 2257 4419 xxi.
2291 4361 2358 4419 Ut
2382 4363 2539 4434 frater
2565 4362 2715 4433 fratri
2737 4376 2917 4414 manus
2937 4375 3038 4414 non
3062 4359 3278 4431 injiciat.

1933 4498 2001 4556 Ut
2028 4500 2317 4553 monachus
2343 4498 2396 4552 in
2424 4494 2743 4551 monachum
2772 4493 2849 4547 ira
2876 4493 3252 4554 inﬂammatus,
3284 4494 3429 4560 quod

1861 4600 1947 4647 est
1966 4603 2038 4646 tut
2053 4591 2347 4660 pissimum,
2366 4601 2555 4643 manus
2570 4585 2790 4654 injicere
2807 4598 2910 4637 non
2930 4591 3232 4651 praesumat,
3240 4591 3429 4651 pra-ter

207 4662 365 4717 ambo
391 4673 563 4715 tamen
592 4661 691 4717 sub
712 4670 970 4731 potestate
991 4659 1195 4752 abbptis
1217 4675 1337 4715 cum
1370 4660 1584 4730 reliquis
1603 4672 1748 4731 atque

1865 4683 1982 4737 illos
2008 4659 2072 4736 ad
2095 4696 2228 4752 quos
2255 4679 2485 4751 pertinet
2508 4674 2854 4732 correctionis
2877 4674 2961 4729 vel
2991 4689 3152 4729 nosse
3190 4675 3427 4741 modum,
3504 4726 3515 4733 _

206 4754 346 4809 inter
372 4752 601 4821 reliquos
622 4766 682 4807 se
706 4767 826 4808 esse
851 4737 1190 4822 cognoscant.

194 4894 351 4961 Lar,
386 4906 534 4947 xvnt.
586 4889 663 4944 De
706 4892 1020 4960 pressionibus
1066 4901 1346 4962 martyrum
1393 4908 1505 4961 qua!
1553 4894 1764 4948 inueniri

269 4993 502 5050 possunt,
533 4991 589 5035 ut
614 4991 834 5050 tempore
860 4997 951 5035 suo
992 4982 1187 5036 desidia
1218 4998 1329 5035 -ηοη
1355 4982 1650 5050 impediente
1692 4985 1764 5039 le-

278 5086 485 5144 geritur.

276 5210 441 5289 Γ(ἶθειι
469 5220 778 5283 martyrum,
810 5211 859 5267 id
886 5222 968 5269 est
996 5214 1265 5285 passiones
1305 5225 1606 5271 sanctorum
1634 5216 1766 5272 lide-

211 5305 362 5368 lium,
382 5305 618 5372 quaedam
644 5320 760 5359 com
769 5307 1010 5375 paginata
1026 5305 1202 5361 studio
1216 5319 1270 5363 et
1297 5322 1541 5364 sermone
1560 5309 1765 5378 digesta

193 5400 354 5457 'sunt,
378 5399 613 5458 tempore
628 5409 731 5463 quo
756 5395 907 5449 nobis
927 5395 1067 5450 diem
1100 5394 1424 5464 tnigrationis
1438 5412 1621 5453 eorum
1642 5398 1766 5452 anni

214 5489 355 5537 mela
396 5495 582 5535 cursus
606 5482 689 5535 sui
738 5485 938 5554 legibus
984 5496 1367 5553 repraesentat,
1410 5487 1678 5543 recenseri
1710 5489 1765 5542 in

214 5574 450 5628 oratorio
472 5574 805 5631 audientibus
838 5580 1043 5635 cunctis
1066 5580 1283 5636 omnino
1310 5581 1641 5637 decernimus
1666 5597 1680 5635 :
1713 5590 1771 5636 ut

214 5680 319 5718 non
346 5666 515 5720 otiose
546 5674 826 5734 pratereat
865 5669 999 5735 dies,
1042 5680 1200 5742 atque
1238 5681 1296 5726 ut
1337 5674 1552 5744 reliquis
1577 5674 1769 5731 similis

214 5756 496 5823 habeatur;
517 5773 674 5829 quem
697 5759 839 5815 sicut
863 5770 986 5816 tunc
1009 5764 1291 5819 illustravit
1314 5768 1606 5822 constantia
1630 5783 1767 5824 mar-

215 5857 365 5923 tyrias,
389 5850 457 5903 ita
479 5866 617 5908 nunc
645 5853 975 5909 commendet
996 5856 1250 5913 memoria
1276 5858 1554 5925 passionis.

1864 4773 1949 4827 vel
1990 4781 2171 4827 tenere
2196 4771 2485 4839 judicium;
2519 4783 2583 4820 ne
2622 4780 2729 4819 uno
2772 4776 3025 4835 peccante
3053 4768 3259 4820 caeteris
3289 4780 3429 4834 pra:-

1864 4860 2107 4916 sumendi
2129 4868 2333 4913 crescat
2357 4855 2601 4919 audacia,
2617 4864 2670 4909 et
2692 4855 2762 4909 ita
2780 4854 3072 4923 disciplin-ai
3098 4855 3284 4908 ordine
3305 4868 3430 4906 con-

1864 4953 2002 5020 fuso,
2032 4938 2335 5021 irruptaque
2365 4951 2481 5019 lege
2497 4948 2732 5013 vivendi,
2772 4949 2939 5018 ipsius
2962 4961 3133 5001 sacrm
3158 4947 3431 5012 religion:

1862 5058 1961 5114 per
1987 5044 2221 5113 singulos
2245 5042 2363 5110 jura
2394 5039 2702 5110 pet-dantur.
2730 5038 3063 5107 Quapropter
3086 5034 3325 5104 quisquis
3352 5044 3431 5088 ta-

1870 5135 1991 5190 liter
2011 5133 2343 5188 incontinens
2364 5131 2608 5186 manibus
2637 5131 2925 5192 invenitur,
2941 5129 3025 5180 .ita
3048 5136 3112 5180 ut
3140 5125 3344 5179 nesciat
3363 5129 3436 5180 ab

1869 5221 2066 5278 illicitis
2088 5229 2384 5291 temperare
2413 5237 2427 5273 :
2461 5235 2650 5278 manus
2678 5220 2804 5282 illa,
2832 5230 2961 5288 quas
2981 5214 3150 5271 erexit
3170 5214 3224 5268 in
3255 5216 3431 5285 proxi~

1870 5329 2013 5367 mum
2038 5357 2054 5382 ,
2088 5328 2181 5383 per
2208 5313 2426 5382 longum
2457 5323 2665 5380 tempus
2706 5327 2811 5367 non
2851 5310 3024 5364 solum
3067 5308 3267 5377 jejunio
3290 5349 3305 5375 ,
3336 5311 3431 5364 sed

1869 5404 2028 5459 etiam
2073 5404 2250 5472 operis
2276 5404 2587 5460 assiduitate
2633 5404 2934 5463 lassentur;
2984 5408 3045 5454 ut
3071 5398 3320 5466 deinceps
3365 5401 3434 5454 ad

1873 5494 2034 5551 Deum
2065 5496 2302 5549 leventur
2346 5495 2397 5548 in
2422 5484 2667 5551 oratione
2688 5532 2703 5557 ,
2735 5506 2840 5546 non
2881 5506 3002 5545 cum
3050 5489 3225 5543 furore
3250 5499 3433 5544 esten.

1867 5584 2140 5641 dauturin
2184 5583 2423 5641 fratrem.
2457 5582 2691 5639 Dandum
2737 5590 2912 5636 tamen
2944 5581 3150 5635 veniam
3192 5579 3435 5635 decemi-

1870 5694 2011 5744 mus,
2030 5676 2177 5746 juxta
2208 5684 2267 5731 ut
2290 5677 2455 5732 abbas
2482 5673 2745 5730 moderari
2770 5676 3020 5735 vetuerit,
3052 5670 3334 5739 postulanti
3355 5690 3366 5722 :
3387 5673 3435 5729 si

1857 5770 2178 5839 -pmnitentia
2198 5770 2468 5838 pra-missa
2485 5767 2645 5822 etiam
2664 5767 2789 5822 dum
2805 5768 3119 5829 deprecatur
3135 5774 3314 5822 reatus
3330 5767 3434 5834 sui,

1872 5861 2055 5914 faciem
2080 5862 2253 5931 lacryn
2278 5874 2425 5913 a'um
2450 5858 2705 5913 rll‘usi'zne
2726 5850 2994 5930 riguerit.
