3916 6228
502 311 603 368 967

569 426 696 479 Car.
730 439 854 478 xxu.
890 420 958 478 Ut
987 438 1017 476 α
1048 420 1268 475 convicio
1291 427 1440 488 atque
1467 416 1731 471 maledicto
1758 408 1994 467 monachi
2094 414 2143 473 Α

1134 511 1433 566 abstineant.

572 630 643 687 lit
666 630 960 685 convicium
982 628 1025 681 si
1038 641 1097 682 ve
1123 624 1454 680 maledictum
1476 637 1542 677 ex
1568 635 1665 677 ore
1693 618 1932 674 monachi
1960 633 2064 673 non

502 726 789 798 procedat,
823 739 994 792 neque
1042 722 1217 791 lingua
1257 716 1598 789 impatientia:
1637 714 1954 770 excitatione
1981 727 2067 764 so-

506 818 616 873 luta
645 817 959 872 ell'reuatum
990 814 1112 883 quid
1156 812 1420 893 ministret
1445 811 1595 865 ostiis
1640 808 1904 863 labiorum
1927 845 1943 871 ,
1973 805 2067 861 sed

504 915 805 963 commotus
835 907 933 966 ira,
961 912 1019 957 ut
1044 914 1125 957 est
1152 899 1511 962 humanitatis.
1546 898 1692 954 dicat
1723 914 1737 952 :
1770 895 1931 959 Pone.
1965 894 2069 949 Do-

505 997 660 1061 mine,
682 993 963 1071 custodiam
987 993 1062 1046 ori
1082 1007 1211 1057 meo,
1234 1001 1279 1045 et
1308 993 1490 1046 ostium
1510 988 1903 1044 circumstantia:
1925 987 2071 1041 labiis

507 1088 630 1141 meis
671 1085 843 1157 (Psal.
869 1084 1017 1154 csa).
1048 1082 1309 1152 Adjungat
1332 1093 1384 1135 et
1406 1081 1532 1135 illud
1564 1098 1577 1133 :
1608 1078 1754 1144 Dixi,
1795 1079 2072 1132 custodiam

506 1180 613 1232 vias
651 1194 827 1243 meas,
870 1186 923 1230 ut
962 1192 1063 1229 non
1117 1174 1403 1243 delinquant
1440 1174 1491 1225 in
1519 1171 1691 1241 lingua
1730 1186 1842 1224 mea
1899 1167 2065 1238 (Psal.

510 1269 734 1334 xxxvm)
767 1282 781 1319 :
816 1265 1016 1319 habens
1062 1263 1188 1317 illud
1234 1261 1470 1331 Apostoli
1517 1270 1639 1314 ante
1679 1259 1863 1314 oculos
1905 1274 2068 1313 suos:

514 1357 645 1422 Quia
662 1372 818 1422 neque
839 1355 1074 1408 maledici
1094 1370 1300 1424 regnum
1319 1351 1410 1405 Dei
1428 1342 1743 1421 possidebunt
1765 1348 1820 1421 (I
1836 1349 1955 1404 Cor.
1974 1350 2069 1416 vi).

508 1447 563 1502 Si
592 1448 710 1515 quis
752 1462 879 1515 ergo
920 1446 971 1500 iu
1002 1446 1083 1498 his
1121 1445 1410 1499 indomitus
1434 1452 1610 1497 mente
1641 1441 1957 1511 proruperit,
1990 1439 2077 1494 tri-

512 1536 872 1606 ginta-diebus
909 1536 975 1588 ah
1003 1535 1238 1587 omnium
1283 1534 1502 1586 lratrum
1528 1526 1793 1600 colloquio
1822 1529 2076 1585 habeatur

510 1626 718 1682 alienus
746 1626 963 1684 adonec
1002 1641 1331 1695 cognoscens
1372 1639 1431 1679 se
1455 1622 1819 1678 tantummodo
1861 1622 1915 1676 in
1942 1636 2075 1676 con-

517 1720 826 1788 gregatione
855 1720 1188 1774 solitudinem
1220 1718 1528 1782 incurrisse,
1555 1715 1759 1770 veniam
1798 1715 1957 1786 eligat
1981 1729 2077 1784 po-

513 1810 732 1863 stillare.

544 1950 671 2005 Car.
698 1965 850 2004 um.
887 1948 953 2005 Ut
967 1947 1443 2019 jurare-monachus
1468 1955 1512 2000 et
1533 1946 1726 2002 desinat
1748 1956 1794 1999 et
1816 1947 2039 2000 desistat.

584 2089 651 2143 Ut
672 2089 881 2157 iurandi
912 2088 1243 2144 consuetudo
1266 2088 1330 2142 ad
1356 2088 1640 2159 integrum,
1665 2086 1712 2141 si
1742 2085 1851 2141 ﬁeri
1880 2093 2071 2155 potest,

513 2179 580 2235 de
624 2181 1002 2236 monachorum
1034 2182 1437 2236 interlocutione
1484 2180 1725 2245 tollatur;
1757 2188 1813 2233 ut
1857 2178 1956 2233 etsi
1985 2193 2074 2233 se-

512 2272 744 2325 cundum
774 2273 1051 2326 humanam
1067 2271 1401 2341 fragilitatem
1422 2272 1596 2325 minus
1616 2270 1832 2325 forsitan
1856 2276 2074 2339 possunt

514 2362 774 2417 mendacii
802 2378 992 2417 cavere
1031 2373 1329 2430 peccatum,
1367 2363 1571 2432 possint
1607 2361 1790 2417 saltem
1821 2361 2072 2416 damnan-

512 2452 637 2505 dum
670 2452 833 2506 vitare
872 2452 1183 2523 peljlll‘llllll.
1214 2453 1355 2519 Quos
1384 2469 1509 2521 rogo
1548 2454 1703 2507 simul
1733 2462 1888 2522 atque
1923 2467 2073 2519 (com-

514 2558 727 2605 moneo,
758 2552 813 2599 ut
841 2544 1086 2597 ειυίιυειιιι
1114 2545 1163 2597 in
1191 2559 1343 2597 usum
1388 2544 1580 2597 habere
1620 2544 1777 2599 verba
1803 2558 1973 2609 sacra,
2001 2558 2069 2597 ne

513 2650 743 2702 unquam
771 2635 878 2688 sint
908 2633 1206 2689 necessaria
1235 2644 1584 2689 sacramenta.
1616 2634 2066 2702 Quemadmodum

512 2726 653 2781 enim
685 2726 839 2792 hujus
854 2726 964 2778 vitii
980 2726 1207 2780 debeant
1227 2741 1415 2780 omnes
1439 2728 1603 2780 vitare
1624 2716 1895 2795 ﬂagitium,
1916 2727 2069 2780 beato

512 2815 754 2882 apostolo
786 2821 1032 2868 monente
1058 2813 1367 2880 didicimus;
1392 2813 1465 2868 ait
1492 2816 1632 2869 enim
1659 2830 1672 2867 :
1705 2812 1879 2867 Nolite
1889 2817 2070 2885 jurare

512 2923 669 2977 neque
690 2923 778 2976 per
795 2906 997 2971 etclam,
1034 2922 1191 2976 neque
1216 2921 1304 2974 per
1332 2917 1534 2972 terram,
1559 2922 1713 2976 neque
1734 2906 1876 2960 aliud
1907 2907 2068 2975 quod-

512 3002 705 3066 cunque
716 2999 1081 3067 juramentum.
1113 2996 1193 3050 Sit
1210 3006 1381 3050 autem
1400 2996 1602 3049 verbum
1621 3006 1853 3061 vestrum,
1877 3005 1945 3049 est
1969 3006 2062 3065 est,

1436 247 1770 363 APi’ENDlX
1812 298 1900 353 AD
1935 293 2161 353 OPERA
2201 292 2259 349 S.
2302 292 2362 366 Ρ.
2404 288 2776 346 BENEDlCTl.

2170 405 2253 458 ubi
2302 404 2475 458 laetitia
2522 398 2854 465 (Εεεέανιι).
2888 398 2956 453 Ει
3004 409 3195 453 iterum
3230 415 3243 449 :
3274 396 3482 452 Stat'tns
3533 413 3595 449 ne
3647 401 3737 451 riu

2165 497 2356 550 exultat
2389 510 2553 562 uocem
2582 488 2759 560 suam,
2799 491 2880 545 uir
2904 498 3070 543 autem
3099 489 3305 560 sapiens
3329 489 3418 542 vis
3446 490 3605 543 tacite
3628 495 3733 543 ω.

2166 586 2348 639 rideiiit
2378 583 2568 654 (Ercli.
2601 582 2735 653 nt).
2765 584 3074 653 Quicunque
3098 601 3227 655 ergo
3256 584 3347 639 ille
3376 585 3431 640 in
3454 600 3733 656 eorum

2170 679 2317 733 tione
2345 680 2699 742 constitutus,
2725 686 2785 731 ut
2809 677 3047 740 assolet,
3077 686 3170 731 aut
3192 687 3377 732 mente
3410 678 3629 745 juvenis
3653 689 3729 731 aut

2169 780 2325 827 actate
2353 770 2580 840 risibus,
2620 770 2741 838 joca
2786 783 2892 824 non
2918 768 3141 839 fugerit.
3172 769 3300 839 quid
3326 768 3474 824 aliud
3517 769 3622 824 nisi
3643 784 3729 837 ps-

2171 862 2437 918 blicanum
2467 869 2761 918 commutat
2784 876 2849 915 ex
2893 856 3188 915 monacho?
3215 861 3306 930 qui
3346 862 3400 914 in
3439 860 3727 913 civitatib-

2169 953 2393 1021 amplius
2414 953 2683 1023 populosis
2707 951 2842 1007 hanc
2870 952 2970 1006 sibi
2994 960 3194 1006 tantum
3217 966 3438 1020 operam
3451 952 3723 1019 deputant.

2172 1057 2364 1099 vacare
2384 1045 2543 1113 jocis,
2573 1098 2576 1100 γ
2602 1043 2875 1111 plausibus
2902 1051 2955 1095 et
2982 1040 3278 1097 cachinnis.
3307 1042 3628 1111 Specialiter
3660 1052 3727 1095 ta-

2171 1153 2290 1192 men
2324 1137 2425 1190 hoc
2462 1146 2682 1189 cunctos
2714 1148 2941 1194 moneo,
2982 1132 3301 1186 servandum
3340 1130 3539 1187 mando
3577 1142 3723 1199 atqu

2170 1228 2453 1292 constituo,
2490 1236 2546 1280 ut
2572 1225 2990 1296 quotiescunque
3020 1222 3176 1277 lectio
3196 1222 3476 1277 animabus
3508 1221 3599 1277 Dei
3630 1223 3723 1275 de-

2172 1321 2298 1374 ditis
2320 1329 2613 1389 opportuna
2646 1319 2698 1371 iu
2735 1317 2959 1371 ecclesia
2988 1317 3067 1369 vel
3096 1316 3147 1368 in
3168 1316 3470 1380 relectorio,
3495 1325 3583 1368 aut
3603 1330 3720 1382 quo-

2173 1410 2301 1465 libet
2327 1410 2380 1465 in
2415 1414 2531 1464 loco
2572 1409 2783 1478 publice
2821 1398 3108 1469 recitatur,
3138 1394 3318 1458 nullus
3360 1406 3471 1459 risu
3504 1414 3593 1458 aut
3617 1421 3718 1458 mo-

2172 1508 2360 1554 veatur
2377 1509 2469 1553 aut
2488 1508 2716 1553 moveat.
2735 1497 2996 1553 Similiter
3012 1497 3170 1550 etiam
3191 1511 3258 1550 eo
3272 1505 3515 1565 tempore
3529 1493 3715 1548 fabulas

2174 1588 2453 1659 fugiendas
2473 1604 2594 1644 esse
2615 1596 2955 1657 cognoscant.
2968 1586 3118 1652 Quod
3141 1587 3189 1640 si
3203 1585 3443 1656 quianon
3469 1584 3716 1641 custodie-

2177 1681 2248 1736 rit
2277 1682 2523 1748 presenti
2544 1679 2943 1735 denuntiatione
2961 1678 3339 1743 commonitus,
3362 1676 3587 1732 triduani
3604 1691 3709 1731 ean

2106 1771 2357 1841 Bjejunii
2405 1771 2676 1826 multatio
2704 1771 2947 1839 castiget.
2990 1768 3142 1836 Quod
3190 1771 3422 1823 triduum
3466 1769 3709 1823 neminem

2183 1863 2427 1915 volumus
2452 1863 2550 1915 sub
2579 1876 2685 1916 uno
2710 1859 3002 1928 adimplere
3023 1859 3250 1930 jejunio,
3270 1874 3338 1915 ne
3362 1859 3417 1913 in
3436 1861 3605 1929 aliquo
3621 1859 3709 1912 di-

2178 1950 2429 2004 cretiouis
2455 1959 2633 2005 careat
2668 1948 2949 2018 disciplina
2979 1965 2991 1999 :
3023 1947 3116 2002 sed
3149 1947 3247 2001 tria
3291 1946 3488 2017 jejunis
3514 1960 3706 2015 vesper-

2177 2041 2283 2094 tina
2307 2040 2553 2109 iubemus
2572 2038 2807 2109 quotidie
2826 2037 3119 2099 reiectione
3138 2037 3410 2109 distingui.
3437 2038 3544 2093 Hoc
3566 2042 3701 2093 etis!

2177 2130 2245 2184 de
2274 2132 2489 2200 reliquis
2510 2128 2728 2199 jejuniis
2748 2173 2762 2198 ,
2795 2129 2983 2199 quibus
3011 2129 3208 2198 regulae
3236 2129 3522 2203 culpabiles
3554 2132 3699 2182 cerri-

2173 2229 2395 2292 guotur,
2442 2221 2722 2276 statuimus
2759 2204 3031 2276 observari
3062 2237 3075 2270 :
3121 2220 3193 2273 ita
3243 2229 3420 2274 tamen
3463 2220 3505 2274 si
3545 2221 3593 2273 is
3624 2232 3701 2273 res

2171 2311 2411 2381 quolibet
2438 2305 2698 2366 monacho
2739 2311 2904 2364 abbas
2926 2310 3226 2379 superbiam
3251 2311 3590 2379 duritiamque
3612 2323 3697 2363 non

2174 2400 2384 2457 viderit.

2168 2562 2294 2617 Car.
2337 2577 2458 2616 xxv.
2504 2561 2571 2618 Ut
2600 2563 2966 2633 turpiloquium
2992 2562 3265 2619 monachus
3299 2563 3498 2617 omnino
3530 2563 3688 2631 fugiat.

2234 2720 2634 2791 Turpiloquium
2672 2736 2854 2777 amore
2883 2720 3150 2793 pudicitia
3175 2723 3247 2777 sit
3281 2722 3528 2778 monacho
3561 2730 3687 2789 turpe

2165 2812 2643 2880 proterrevitando
2663 2812 2823 2868 verba
2842 2813 3085 2882 luxuriae,
3116 2828 3235 2884 qua:
3256 2823 3311 2868 ut
3334 2824 3547 2869 mentem
3565 2814 3683 2869 exci-

2164 2911 2279 2957 tant
2302 2944 2319 2970 ,
2352 2907 2421 2957 ita
2452 2916 2648 2972 corpus
2668 2902 3016 2959 inﬂammant.
3046 2903 3138 2959 Ait
3174 2904 3317 2958 enim
3355 2904 3526 2960 beatus
3564 2905 3679 2973 Apu-

2162 2994 2329 3049 stolus
2350 3012 2363 3046 :
2382 2994 2627 3062 Deponite
2647 2994 2912 3061 malitiam,
2934 2994 3313 3065 blasphemiam,
3330 3004 3659 3065 turpet-seruo

512 3104 611 3140 non
632 3104 730 3140 non
753 3104 771 3139 :
790 3097 963 3140 utnon
982 3090 1072 3141 sub
1090 3085 1287 3157 judicio
1309 3086 1551 3139 decidatis
1572 3085 1721 3157 (Jac.
1745 3085 1820 3154 ν).
1846 3085 1913 3140 Ει
1938 3084 2061 3139 illud
2090 3136 2131 3158 η
2163 3082 2293 3151 ncni,
2318 3088 2381 3141 de
2404 3103 2489 3141 ore
2509 3098 2669 3141 oestro
2699 3085 2894 3156 (Calas.
2926 3086 3030 3158 ιιι).
3064 3086 3339 3157 Interrogo
3359 3103 3474 3158 ego,
3498 3084 3672 3148 fratres.

494 3178 754 3231 similiter
781 3177 1062 3246 Scriptura:
1090 3136 1321 3233 divinae:
1366 3176 1451 3231 Vir
1473 3136 2065 3251 muliumjuransfeple-
2088 3136 2134 3199 Ο
2166 3178 2290 3246 quid
2336 3178 2429 3233 ille
2474 3179 2650 3234 minus
2687 3136 2810 3234 l‘acit
2847 3136 3129 3247 adultero,
3178 3136 3329 3251 cusz
3368 3136 3677 3236 communicat

511 3268 643 3321 bitur
666 3270 949 3339 iniquitate,
991 3280 1039 3324 et
1068 3286 1167 3324 non
1204 3271 1424 3325 discedet
1463 3270 1525 3325 de
1561 3271 1710 3324 domo
1735 3248 2068 3342 illius’plaga

511 3361 699 3429 (Eccli.
716 3362 887 3433 unt).
910 3363 998 3416 His
1017 3378 1243 3431 namque
1258 3363 1459 3432 magnis
1482 3371 1641 3432 atque
1661 3357 2067 3419 evidentissimis

510 3452 840 3507 documentis
880 3455 1039 3506 etiam
1072 3453 1227 3506 lectio
1256 3442 1547 3521 Evangelii,
1575 3466 1693 3521 quae
1728 3460 1809 3507 est
1837 3452 2064 3506 maxima

511 3544 802 3613 plenitudo,
826 3544 1067 3598 similiter
1093 3555 1390 3612 attestatur,
1416 3545 1624 3601 dicente
1644 3545 1865 3599 Domino
1893 3546 1957 3599 ad
1978 3544 2063 3600 di-

510 3635 743 3703 scipulos
771 3650 785 3689 :
818 3636 1043 3689 Audistis
1068 3636 1186 3702 quia
1207 3636 1399 3689 dictum
1432 3646 1505 3689 est
1526 3637 1740 3706 antiquis
1763 3650 1780 3689 :
1804 3635 1925 3690 Non
1951 3653 2065 3707 per-

511 3725 724 3798 iuralns;
738 3726 915 3779 reddes
930 3736 1097 3778 autem
1116 3723 1628 3796 Dominojuramenta
1644 3737 1751 3780 tua.
1777 3725 1886 3796 Ego
1900 3738 2065 3780 autem

432 3810 435 3813 ’
511 3814 627 3867 dico
651 3814 808 3878 vobis,
833 3830 930 3867 non
963 3814 1140 3882 iurare
1173 3817 1398 3881 omnino,
1420 3832 1574 3884 neque
1610 3832 1699 3887 per
1724 3815 1920 3878 malum,
1945 3817 2064 3883 quia

510 3902 718 3960 thronus
742 3903 834 3959 Dei
872 3914 978 3969 est;
1004 3921 1160 3974 neque
1198 3922 1285 3973 per
1312 3916 1511 3971 terram,
1544 3909 1664 3976 quia
1701 3907 1970 3960 scabellum
1990 3916 2062 3959 est

510 3996 691 4066 pedum
708 3998 869 4067 \ejus;
898 4012 1053 4066 neque
1075 4012 1163 4067 per
1189 3995 1615 4066 Hierosolymam,
1644 3998 1761 4067 quia
1796 3999 1967 4051 civitas
1989 4006 2063 4050 est

452 4154 453 4157 η
511 4087 683 4155 magni
704 4086 885 4156 Regis;
908 4080 1064 4152 neque
1082 4104 1170 4154 per
1190 4098 1338 4157 caput
1376 4100 1518 4141 tuum
1534 4091 1803 4157 juraoeris.
1826 4092 1942 4158 quia
1960 4107 2062 4144 non

511 4186 651 4247 potes
663 4193 817 4230 unum
831 4178 1074 4247 capillum
1092 4179 1259 4231 album
1273 4178 1439 4247 facere
1458 4189 1546 4232 aut
1564 4183 1779 4251 nigrum.
1799 4181 1877 4236 Sit
1893 4191 2063 4235 autem

512 4283 673 4321 sanna
692 4278 867 4337 vester,
882 4277 954 4322 est
975 4278 1067 4335 est,
1090 4285 1193 4322 non
1213 4285 1344 4334 nou;
1365 4272 1498 4339 quod
1518 4282 1685 4325 autem
1705 4273 1782 4327 his
1802 4275 2064 4326 abundan-

512 4358 610 4410 tius
634 4366 725 4427 est,
748 4375 779 4411 a
802 4360 935 4412 malo
966 4369 1037 4413 est
1062 4358 1273 4430 (Matth.
1298 4362 1371 4431 v).
1406 4360 1642 4421 Sollicith
1670 4377 1796 4432 ergo
1823 4378 1917 4418 nos
1944 4380 2063 4434 pro-

513 4447 624 4516 pria
647 4448 921 4504 inserenda
944 4452 1138 4504 monita
1160 4453 1413 4520 exemplis
1432 4452 1675 4508 docuisse
1696 4454 1926 4511 vitanda.

743 4587 871 4642 CAP.
911 4604 1051 4663 xxiv.
1099 4588 1167 4645 Ut
1195 4590 1465 4643 monac/ius
1489 4608 1606 4646 raro
1630 4594 1813 4650 rideat.

584 4728 917 4781 Conveniens
941 4731 1097 4781 etiam
1116 4729 1215 4785 hoc
1236 4735 1395 4785 Credo
1414 4735 1708 4795 monachis.
1740 4746 1797 4788 ut
1817 4736 1945 4803 risu,
1969 4736 2072 4791 etsi

514 4833 620 4875 non
649 4820 890 4884 assidue,
932 4823 1232 4890 frequenter
1269 4835 1441 4880 tamen
1481 4831 1797 4884 abstineant.
1848 4831 1996 4886 Unde
2026 4836 2072 4887 si

515 4912 816 4979 exemplum
830 4912 1011 4980 legens
1028 4915 1244 4968 fratrum
1258 4917 1480 4985 quisque
1496 4920 1748 4989 requiret,
1773 4920 1873 4976 hoc
1897 4923 2068 4977 solum
2095 4933 2104 4941 '

513 5005 565 5058 ei
597 5003 845 5071 sulllciat,
870 5004 991 5072 quia
1008 5004 1295 5082 (Donninunt
1317 5016 1551 5069 nostrum
1578 5011 1760 5066 Jesum
1782 5010 2072 5087 Christum,

514 5093 805 5163 Evangelio
846 5103 980 5157 teste
1004 5094 1182 5164 (Joan.
1210 5112 1261 5149 xl
1289 5100 1330 5165 ),
1360 5098 1570 5155 ﬂevisse
1607 5103 1862 5171 legimus,
1895 5104 2076 5161 risisse

516 5185 806 5247 nescimus;
842 5184 1100 5261 tristatum
1153 5187 1393 5253 ﬂetibus,
1438 5192 1631 5248 risibus
1676 5209 1780 5248 non
1822 5186 2071 5250 sulatum.

515 5279 797 5338 Attamen,
841 5289 908 5331 ne
936 5276 1193 5344 quispiam
1222 5279 1363 5333 dicat
1393 5281 1592 5335 nullum
1632 5298 1727 5337 nos
1757 5294 1948 5353 praeter
1976 5287 2075 5341 hoc

516 5362 711 5417 habere
741 5363 1099 5419 testimonium
1125 5369 1364 5425 lectionis
1385 5409 1399 5433 ,
1427 5370 1765 5428 Salomonem
1808 5374 2073 5430 dicentem

517 5454 733 5507 audiat:
764 5455 917 5511 Risus
959 5453 1135 5509 dolore
1178 5458 1504 5525 miscebitur;
1545 5472 1591 5513 et
1640 5447 1861 5518 estnota
1897 5467 2078 5535 gaudii

520 5547 684 5593 lactus
709 5555 916 5611 occupat
949 5541 1130 5615 (Prov.
1160 5552 1294 5615 ιη).
1326 5549 1390 5603 Et
1434 5551 1660 5604 iterum:
1686 5552 1871 5609 Melior
1902 5567 1978 5609 est
2002 5558 2081 5609 ira

518 5630 647 5692 risu,
668 5630 788 5697 quia
815 5645 900 5697 per
922 5635 1173 5687 tristitiam
1195 5641 1363 5691 saltus
1393 5638 1669 5709 corrigitur
1693 5645 1891 5698 anilitas
1916 5642 2081 5700 delin-

521 5722 731 5773 uueatis.
753 5720 851 5776 Cor
862 5715 1122 5795 ιαρῗειιιίι,
1145 5728 1226 5780 ubi
1252 5728 1454 5785 trist'tia
1468 5739 1552 5785 {est
1573 5746 1593 5785 :
1614 5742 1662 5786 et
1685 5747 1773 5789 cor
1783 5738 2077 5810 stultorum,

2164 3266 2337 3335 lingua
2368 3268 2625 3337 peccato?
2654 3260 2788 3336 Quid
2812 3268 3037 3325 luxuria:
3058 3270 3234 3325 minus
3257 3272 3505 3337 exercuit,
3525 3272 3601 3339 qui
3618 3282 3667 3323 os

2164 3368 2367 3413 castum
2397 3362 2657 3415 sermonis
2698 3361 3038 3431 corruptione
3084 3361 3339 3418 ltedavit?
3386 3362 3449 3417 Et
3478 3371 3528 3414 ut
3562 3359 3672 3413 hanc

2163 3450 2468 3518 spurcitiam
2495 3449 2701 3505 cunctis
2735 3450 2898 3507 etiam
2930 3465 3118 3507 cavere
3160 3465 3333 3507 metus
3369 3449 3673 3506 damnatio“

2164 3538 2435 3608 imponat,
2464 3541 2743 3595 statuimus
2770 3540 2927 3609 hujus
2951 3541 3122 3610 culpa
3158 3556 3310 3596 reum
3353 3540 3668 3596 communia-

2166 3632 2363 3685 tionem
2400 3631 2748 3693 dominicam.
2794 3632 2883 3686 vel
2927 3633 3167 3687 osculum
3214 3631 3433 3687 fratrum
3470 3627 3667 3685 sesami

2166 3722 2434 3776 mensibus
2459 3735 2565 3775 non
2593 3721 2811 3778 habere.

2232 3882 2356 3935 Car.
2397 3897 2538 3935 xui.
2571 3880 2638 3936 Ut
2666 3881 2885 3949 quotidie
2922 3896 3077 3947 usque
3098 3881 3168 3935 ad
3197 3881 3394 3935 tertiam
3422 3879 3619 3935 mhi

2838 3972 3030 4040 legant.

2249 4108 2316 4173 Ut
2346 4133 2510 4187 usque
2536 4119 2600 4173 ad
2633 4119 2815 4173 horam
2849 4117 2952 4172 diei
2990 4118 3200 4174 tertiam
3229 4120 3283 4174 in
3320 4121 3461 4175 omni
3480 4106 3668 4185 tempore

2164 4211 2383 4277 lectioni
2415 4192 2703 4264 muneribus
2727 4219 2832 4263 tam
2863 4210 3041 4264 senior
3063 4220 3222 4280 quam
3242 4223 3503 4268 extremus
3521 4220 3670 4265 vacare

2172 4311 2441 4367 procuret,
2465 4310 2516 4355 et
2538 4302 2615 4354 sic
2638 4299 2850 4354 demum
2883 4300 2934 4371 in
2963 4302 3164 4371 reliqua
3186 4315 3336 4371 parte
3357 4303 3458 4359 diei
3483 4298 3665 4371 deputati

2168 4388 2346 4457 operis
2378 4404 2503 4442 cura
2538 4394 2815 4467 succedat,
2857 4400 3049 4459 prater
3072 4402 3303 4457 agrotos
3329 4400 3518 4445 tantum
3539 4434 3552 4457 ,
3582 4388 3666 4459 qni-

2098 4499 2147 4559 ι)
2173 4478 2269 4533 bus
2290 4480 2484 4548 imponi
2511 4479 2612 4536 hoc
2644 4495 2802 4547 supra
2832 4483 3096 4550 propriam
3120 4484 3476 4549 voluntatem,
3514 4482 3581 4536 vel
3602 4493 3669 4550 po-

2177 4570 2278 4623 tius
2296 4572 2539 4624 virtutem
2561 4576 2855 4653 communis
2876 4571 3151 4625 intirmitas
3166 4581 3283 4626 nou‘
3302 4572 3557 4642 permittit.
3575 4570 3670 4624 Nais

2175 4669 2231 4716 et
2266 4660 2318 4714 lii
2373 4662 2563 4728 quibus
2606 4662 2867 4716 fructuum
2922 4663 3340 4733 colligendorum
3392 4675 3597 4729 temnere
3625 4662 3671 4713 ab

2178 4750 2370 4805 abbate
2399 4749 2558 4805 inerit
2595 4752 2947 4827 imperaturo,
2985 4761 3043 4807 ut
3069 4754 3342 4809 matutinis
3375 4754 3514 4813 boris
3536 4754 3671 4819 operis

2178 4843 2371 4912 aliquid
2402 4844 2486 4899 vel
2511 4842 2709 4918 laboris
2737 4852 3050 4913 exerceant,
3074 4846 3175 4901 hac
3200 4847 3319 4915 lege
3345 4863 3447 4901 non
3472 4836 3672 4903 tenebas-

2178 4941 2264 4986 tur
2286 4951 2299 4985 :
2323 4948 2494 5003 neque
2517 4933 2642 4990 huic
2661 4934 2954 4990 deﬁnitioni
2981 4936 3305 5005 putabuntur
3322 4940 3674 4994 exstitissem

2183 5023 2348 5088 trarii,
2366 5039 2484 5077 cum
2505 5023 2760 5093 imperata
2782 5025 2883 5081 sibi
2905 5026 3141 5081 utilitatis
3160 5030 3319 5081 causa
3337 5027 3673 5097 comptam-int.

2181 5108 2391 5171 Etenim
2416 5133 2581 5172 moris
2600 5127 2685 5174 est
2706 5118 2954 5189 agricolis
2978 5127 3037 5173 ut
3056 5121 3141 5176 vix
3167 5122 3375 5178 reddito
3395 5123 3551 5178 adhuc
3565 5135 3676 5177 uaso

2181 5205 2325 5260 arida
2356 5206 2644 5273 frumenta,
2676 5224 2779 5263 non
2809 5210 2909 5264 nisi
2935 5208 3161 5266 deciduo
3192 5212 3405 5267 madida
3430 5212 3554 5269 facta
3574 5223 3675 5273 mi

2183 5298 2455 5353 succidant
2476 5336 2493 5364 ,
2529 5312 2586 5353 ut
2616 5302 2785 5355 laetam
2814 5300 2991 5356 minus
3017 5316 3254 5372 segetem
3290 5300 3677 5360 {aciliuslemiri-

2182 5390 2281 5444 bus
2301 5390 2687 5446 insecutoribus
2703 5391 2948 5462 eripiant.
2973 5393 3097 5447 dum
3117 5393 3173 5448 in
3204 5396 3425 5452 exordio
3443 5396 3539 5451 dici
3551 5387 3677 5449 blandi

2182 5480 2318 5535 aeris
2346 5489 2760 5547 temperamenta
2800 5482 3127 5540 custodiunt.
3158 5483 3315 5555 Stepe
3356 5487 3496 5542 enim
3534 5497 3587 5539 es
3617 5480 3674 5535 is-

2183 5568 2383 5623 dustria
2412 5568 2607 5623 factum
2624 5578 2756 5641 scio,
2781 5578 2839 5625 ut
2861 5571 3018 5639 dubia
3044 5572 3216 5629 adhuc
3246 5570 3387 5641 luce,
3412 5578 3679 5646 priuqu

2185 5666 2244 5710 ut
2270 5657 2447 5713 dicere
2474 5672 2789 5728 possumus,
2824 5661 2956 5717 orbe
2990 5663 3118 5719 solis
3146 5664 3307 5720 ardor
3341 5665 3554 5721 ehib-rit
3575 5663 3680 5717 reda-

2187 5754 2326 5803 ctam
2354 5748 2407 5804 in
2438 5749 2736 5821 manipulos
2765 5752 2996 5823 segetem
3019 5793 3038 5823 ,
3085 5754 3226 5827 ignei
3265 5755 3467 5815 iubaris
3500 5756 3682 5814 latam

3659 287 3743 346 9,6

3747 120 3828 539 4

3138 5961 3145 5967 .
3500 5958 3505 5965 ι

3436 6048 3437 6051 η
3604 6042 3607 6047 ⁵
3630 6022 3663 6045 r‘r‘

3556 6056 3597 6081 «In.
3712 6060 3717 6063 ‘

3330 6102 3349 6117 ἡκ
3380 6086 3409 6107 i‘T
3590 6082 3591 6085 “

3250 6124 3267 6137 ς-
3302 6118 3327 6135 η*
3414 6116 3415 6119 “

3068 6152 3093 6167 ηιμ

3068 6180 3083 6187 ἦ
