3916 6228
554 320 636 372 π,
1249 377 1254 390 ,
1531 313 1868 369 Αριιεκοιιι
1910 313 1995 366 ,ιιι
2036 312 2110 366 or

2218 285 2258 363 ’.ι
2300 312 2354 363 s.
2401 308 2774 363 liENEttltLTl.

3682 305 3759 361 97}

554 439 812 501 poterant,
842 426 1167 483 ornamentis
1195 440 1297 478 non
1330 433 1500 478 curet.
1537 424 1746 479 Etenim
1778 425 1877 478 ista
1911 423 2104 477 facien-
2134 426 2185 485 Α
2212 432 2267 476 ἰ
2317 421 2472 474 faciat
2514 418 2664 473 illum
2708 418 2856 489 regni
2896 418 2971 470 sui
3020 410 3353 484 pa'rticipcm,
3404 427 3564 483 quem
3609 422 3751 466 tum"

553 536 629 575 lt";
661 522 832 573 taliter
869 521 1137 588 Scriptura
1181 518 1356 571 divina
1395 516 1619 584 eaStigat
1649 535 1661 568 :
1695 515 1759 569 In
1798 534 1860 569 at:
1920 525 1984 567 tu
2028 531 2109 569 t'e-

551 613 900 662 “inmatarum
929 624 990 660 ne
1030 607 1280 677 glorieris.
1318 614 1366 659 et
1408 622 1458 657 tn
1492 607 1572 659 dte
1604 606 1783 673 gloria’
1806 610 1912 657 noli
1940 624 1951 653 ί
1982 608 2069 655 “toi
2100 604 2109 649 ἰ

552 703 737 760 (Ereti.
777 704 876 771 xi).
904 701 977 753 De
997 698 1367 771 calceamentis
1396 712 1522 751 vero
1551 699 1877 765 reliquorum
1908 712 1961 750 vr
1982 713 2000 733 -έ
2033 706 2113 748 tc—

552 808 677 846 "ch
708 792 989 845 statuimus
1006 786 1462 843 consuetudinem
1494 786 1897 840 monachorum.
1922 785 2028 838 Se-l
2058 794 2114 837 et

526 885 653 936 .tmc
689 879 978 935 curandum
1020 888 1121 941 est,
1157 886 1213 930 ut
1236 892 1335 943 pes
1357 875 1429 928 ita
1459 876 1529 929 sit
1572 875 1872 945 ligameutis
1906 883 2109 942 tempe-

552 973 716 1025 ratius
746 971 1064 1034 vinculatus,
1092 979 1150 1022 ut
1188 983 1296 1021 non
1320 968 1590 1036 jactantize
1618 968 1772 1038 signo
1803 968 1999 1021 multos
2029 981 2114 1020 as-

551 1060 739 1114 trictus
767 1058 978 1124 habeat,
1001 1058 1094 1112 sed
1117 1059 1350 1129 sanctius
1371 1057 1581 1111 vinculo
1614 1058 1798 1111 laxiori
1827 1056 2110 1113 follescat:

554 1160 610 1201 nt
639 1150 689 1200 in
720 1147 963 1202 omnibus
993 1139 1306 1213 simitu-itas
1334 1148 1617 1202 sanctitate
1657 1149 1800 1201 socia
1842 1162 2114 1203 commen-

553 1239 643 1293 det
694 1239 819 1300 Deo.
861 1253 1021 1309 quem
1065 1236 1181 1306 t-jus
1232 1252 1415 1292 amore
1463 1252 1793 1306 passessum,
1834 1237 2112 1307 probatura

552 1332 733 1386 tarenti
754 1314 944 1385 vid-erit
963 1337 1404 1399 contemptorem.

553 1440 679 1494 (λιιι.
719 1454 901 1493 xxxn.
939 1436 1007 1492 Ut
1050 1435 1282 1497 monachi
1329 1438 1459 1489 lecta
1507 1438 1831 1507 singulariter
1878 1439 2111 1492 habeant.

625 1554 694 1607 Ut
714 1553 842 1616 duo,
872 1551 1163 1620 quamlibet
1185 1550 1418 1619 proximi
1444 1550 1527 1604 vel
1568 1552 1747 1617 amici,
1778 1562 1994 1623 propter
2021 1566 2111 1606 se-

554 1652 753 1696 cretam
798 1642 1113 1707 orationem,
1146 1656 1264 1707 qua:
1308 1641 1498 1696 melius
1526 1641 1594 1696 ad
1637 1642 1917 1698 Dominum
1968 1644 2115 1698 nullo

555 1742 689 1787 teste
714 1731 979 1801 dirigitur,
1013 1740 1070 1784 ut
1093 1732 1272 1784 animo
1297 1740 1351 1783 et
1375 1735 1481 1784 uno
1510 1732 1648 1786 lecto
1674 1747 1781 1787 non
1807 1742 2110 1788 teneantur:

2232 528 2364 563 .autu
2395 509 2538 563 videt
2564 522 2682 562 esse
2716 509 2995 563 cultorem.
3020 506 3269 560 Attamen
3296 518 3397 559 nec
3423 502 3552 557 illud
3575 505 3754 571 putati-

2255 618 2330 655 .us
2357 601 2729 660 omittendum.
2770 610 2827 653 ut
2851 600 2894 651 si
2928 600 3141 653 forsitan
3187 600 3336 661 ferar,
3365 612 3487 666 quae
3517 606 3635 649 Sunt
3662 612 3755 649 m-

2216 693 2483 759 lentiores,
2505 692 2761 761 quaerenti
2786 690 2997 759 preprio
3026 691 3205 744 labore
3226 691 3429 743 victum
3459 690 3753 743 insidientur

2216 792 2265 838 in
2291 772 2561 849 fructibus,
2588 799 2682 838 eas
2710 799 2805 852 pro
2833 783 3044 839 damnis
3073 794 3276 836 tantum
3310 783 3579 837 fructuum
3601 784 3755 835 vindi-

2214 876 2418 938 candis,
2463 890 2652 928 cauum
2701 875 2905 929 smvitia
2956 887 3255 943 opportune
3301 878 3591 939 deterreat,
3638 890 3747 944 qua:

2217 970 2389 1036 potius
2436 967 2669 1035 elfugare
2716 959 2874 1035 quam
2922 983 3165 1038 persequ;
3208 968 3537 1031 delectetur;
3569 979 3621 1021 ut
3664 983 3724 1021 ne

2216 1058 2534 1124 venationis,
2567 1056 2660 1112 sed
2688 1056 2951 1112 fructuum
2977 1060 3143 1128 mang
3173 1071 3379 1112 amator
3403 1068 3671 1127 appareat.

2216 1169 2341 1226 Cn.
2388 1184 2548 1226 xxxv.
2608 1166 2675 1224 Ut
2712 1169 2992 1222 ntonaehus
3027 1185 3119 1222 nec
3153 1185 3306 1240 pontu
3344 1178 3547 1245 tangere
3585 1169 3751 1236 ebaqu

2669 1259 2990 1313 ordinatione
3027 1270 3320 1327 prresumat.

2288 1366 2597 1436 Quicunque
2644 1367 2937 1423 monachus
2974 1367 3265 1437 cujuslibet
3296 1370 3507 1438 generis
3553 1383 3743 1441 pontum

2214 1456 2547 1513 inordinatus
2574 1459 2782 1512 haerens
2806 1459 2979 1513 adhuc
3007 1460 3186 1513 arbori
3212 1475 3324 1513 sua:
3363 1469 3560 1514 tantum
3583 1461 3742 1515 edaci-

2218 1547 2342 1601 tatis
2369 1561 2526 1601 causa
2575 1548 2923 1617 decerpserit,
2954 1550 3034 1604 vel
3062 1550 3108 1603 si
3154 1559 3295 1604 terra
3336 1551 3637 1617 collapsum,
3666 1563 3741 1602 seu

2217 1636 2541 1704 reliquorum
2585 1638 2871 1704 fructuum,
2919 1647 2977 1692 ut
3016 1638 3256 1702 assolet,
3313 1636 3567 1708 primitias
3612 1653 3739 1689 Iustis

2216 1726 2378 1779 fuerit
2401 1726 2536 1794 gula:
2568 1726 2949 1780 incontinentia
2994 1725 3214 1789 violare,
3241 1726 3403 1780 veluti
3445 1726 3568 1779 Adae
3596 1727 3739 1792 primo

556 1831 615 1875 ut
644 1785 901 1889 majorem
929 1819 1197 1872 licentiam
1228 1819 1411 1872 orandi
1442 1820 1624 1875 credat
1649 1822 1751 1875 sibi
1792 1838 1944 1878 mens
1969 1838 2116 1877 com-
2146 1785 2193 1844 Β
2220 1815 2421 1870 homini
2472 1816 2684 1881 similis,
2741 1817 2902 1871 simili
2948 1832 3159 1886 quoque
3212 1824 3462 1885 castigata
3508 1820 3736 1871 edacitate

555 1921 749 1977 puncta
795 1924 1129 1975 concessam,
1161 1909 1285 1963 dttm
1334 1912 1597 1965 neminem
1642 1913 1833 1982 vigilia!
1873 1930 1984 1969 suae
2026 1924 2117 1969 aut

555 2010 741 2054 testem
789 2000 1167 2067 pertimescat,
1207 2010 1300 2052 aut
1337 2000 1596 2068 jttdiccm.
1644 2003 1932 2073 Vigilandoi
1963 2021 2112 2075 ergo,

555 2089 752 2159 orando
780 2098 935 2157 atque
967 2088 1237 2156 psallendo
1268 2100 1416 2144 curet
1445 2090 1809 2163 unusquisque
1839 2096 2112 2150 minimam

555 2182 725 2232 noctis
753 2192 940 2231 somno
980 2177 1171 2232 cedere
1202 2181 1496 2245 portionem
1524 2198 1538 2246 ;
1566 2192 1624 2233 ut
1668 2199 1772 2236 non
1820 2184 2115 2253 decipiatur

555 2269 621 2320 ab
655 2267 885 2330 inimico,
915 2266 1005 2335 qui
1048 2278 1129 2320 est
1169 2268 1301 2321 liber
1325 2283 1353 2319 a
1384 2272 1567 2322 socio:
1602 2273 1721 2337 quia
1752 2274 1972 2326 omnino
2004 2288 2110 2327 non

558 2367 729 2425 poteSt
765 2357 937 2411 cubile
967 2357 1238 2433 preprium
1273 2357 1373 2410 nisi
1405 2359 1629 2427 vigilans
1671 2361 1959 2416 vindicare.
1992 2361 2112 2417 lmi-

538 2442 767 2502 Διιιιιιιιιιῐι
790 2448 950 2502 etiam
980 2447 1188 2501 videtur
1217 2449 1358 2517 quod
1395 2451 1561 2518 proph
1600 2460 1647 2503 ta
1680 2453 1831 2506 nobis
1859 2452 1960 2506 sub
1985 2469 2115 2521 qna-

556 2542 677 2595 dam
705 2538 1067 2594 admonitione
1103 2538 1346 2592 decantat
1372 2558 1383 2592 :
1420 2538 1619 2594 Lavabo
1657 2558 1745 2611 per
1772 2542 1997 2612 singulas
2025 2560 2116 2596 no-

558 2643 659 2683 ete:
711 2631 891 2683 lectum
938 2644 1137 2694 meum,
1186 2629 1421 2698 lacrymis
1468 2642 1683 2684 stratum
1723 2649 1888 2686 meum
1939 2636 2115 2705 rigabo

556 2719 783 2788 (Psalm.
816 2717 919 2787 vt).
956 2720 1021 2771 Et
1048 2718 1242 2772 iterum
1272 2738 1281 2770 :
1316 2719 1381 2773 In
1417 2722 1644 2776 noctibus
1678 2724 1900 2777 ex'ollite
1938 2743 2115 2778 mortus

555 2819 739 2861 vestras
756 2810 805 2861 in
821 2817 1019 2869 sancta,
1032 2818 1078 2861 et
1100 2808 1374 2862 benedici’e
1400 2810 1614 2864 Domino
1628 2811 1851 2881 (Psalm.
1865 2831 1927 2868 cx
1938 2832 1964 2868 ι
1976 2834 1999 2868 v
2009 2816 2110 2885 tu).

556 2902 623 2955 Et
649 2901 774 2955 illud
803 2919 816 2954 :
844 2901 1038 2954 Memor
1067 2902 1143 2971 fui
1176 2903 1231 2953 in
1255 2916 1401 2954 nocte
1441 2905 1658 2955 nominis
1687 2906 1779 2967 tui,
1808 2904 2041 2968 Domine,
2066 2919 2112 2959 ιιι

555 2992 794 3044 rustodivi
820 2990 977 3061 legem
1002 2998 1137 3043 tuam
1162 2990 1389 3060 (Psalm.
1415 2993 1626 3061 cxvm).
1660 2994 1766 3047 lloc
1792 3010 1917 3064 ergo
1942 3008 1996 3049 ut
2020 3000 2113 3049 de—

553 3091 704 3134 votus
729 3082 948 3150 quisque
976 3082 1249 3134 vacatione
1278 3094 1532 3145 concessa
1582 3082 1763 3137 utilius
1807 3072 1973 3153 possit
2014 3087 2111 3137 im-

552 3171 721 3240 plere,
752 3170 903 3224 strati
941 3169 1043 3236 sui,
1079 3180 1135 3223 ut
1178 3184 1337 3234 supra
1384 3172 1640 3235 diximus,
1687 3173 1790 3226 erit
1819 3175 1964 3227 solus
1997 3176 2109 3241 ipse
2137 3144 2181 3205 (ἶ

554 3273 850 3327 possessor,
880 3257 1079 3311 habens
1109 3272 1286 3311 secum
1319 3259 1525 3312 meliori
1562 3262 1975 3315 commutatione
2015 3277 2108 3329 pro

553 3349 862 3404 dormitorio
894 3351 1107 3402 fratrem
1132 3347 1409 3401 Dominum
1434 3350 1759 3418 vigilantem.

797 3487 923 3541 Cap.
950 3502 1127 3540 xxxiv.
1148 3486 1188 3538 Ι)
1197 3497 1214 3537 ι
1229 3487 1501 3540 monac/tus
1522 3478 1621 3540 non
1637 3497 1857 3541 venetus.

621 3599 761 3652 Inter
792 3605 1016 3650 cmteras
1044 3595 1223 3652 mundi
1246 3596 1626 3652 delectationes
1654 3599 1975 3654 noveritsibi
1994 3617 2105 3655 mo-

520 3698 534 3705 ‘
554 3691 753 3744 nacltus
782 3686 1113 3741 venationem
1139 3695 1392 3741 cret-cere
1418 3689 1759 3757 prohibitum,
1786 3707 1884 3747 nec
1913 3694 2109 3748 haben-

457 3810 460 3814 ι
552 3780 674 3833 dum
702 3793 820 3831 cum
851 3777 977 3831 feris
1015 3778 1366 3845 periculosum
1398 3781 1512 3832 sine
1541 3781 1764 3835 utilitate
1789 3792 2060 3839 certamen
2090 3805 2102 3838 :

554 3867 835 3921 cnm‘scire
882 3868 1054 3934 potius
1092 3867 1279 3921 debent
1324 3868 1450 3921 vitia
1488 3887 1582 3935 pro
1624 3871 1805 3925 bestiis
1832 3889 1949 3929 esse
1990 3890 2105 3929 ma-

553 3956 762 4009 ctanda.
807 3957 867 4007 lit
899 3956 1018 4007 ideo
1054 3971 1158 4007 non
1191 3971 1310 4008 eam
1357 3959 1684 4012 consuetudo
1713 3962 1834 4027 loci,
1866 3964 2106 4018 vicinitas

554 4046 1018 4117 Opportunitasquc
1061 4046 1332 4114 silvarum,
1370 4052 1586 4116 pervius
1625 4053 1784 4104 etiam
1822 4055 1906 4107 vel
1939 4055 2105 4109 faetlis

555 4151 800 4191 ascensus
826 4137 1287 4199 montis,coucava
1320 4138 1775 4228 vallitmtgsecrela
1805 4156 2102 4208 nemorum,

555 4231 715 4283 densa
745 4237 999 4282 terrarum
1054 4235 1156 4278 tam
1204 4225 1740 4283 infructuosi'laboris
1770 4246 1900 4299 opus
1929 4236 2107 4288 subire

554 4319 862 4373 sollicitent.
891 4317 1107 4385 Oportet
1140 4318 1279 4369 enim
1307 4329 1359 4368 ut
1396 4334 1602 4371 meumr
1634 4323 1951 4389 Apostolica:
1982 4340 2107 4378 seu-

552 4410 726 4464 tentias
756 4410 944 4460 damna
976 4423 1032 4462 re
1055 4408 1211 4477 igioni
1244 4424 1344 4460 non
1379 4409 1588 4469 inferat.
1623 4412 1691 4464 ita
1736 4418 2020 4481 monentis,
2049 4427 2106 4469 ut

2212 1906 2417 1976 jejunio
2447 1907 2603 1975 digne
2622 1908 2871 1976 poeniteat
2890 1925 2904 1973 ;
2923 1911 3070 1977 quasi
3094 1908 3160 1961 ad
3191 1910 3358 1961 vicem
3390 1908 3603 1976 paradisi
3631 1923 3735 1960 cm.-

2221 1997 2360 2051 vivio
2402 2009 2614 2064 putetur
2655 1997 2920 2066 indignus.
2953 1998 3020 2051 Et
3051 1998 3154 2052 nisi
3200 1999 3346 2066 prius
3386 2001 3609 2050 omnium
3649 1996 3733 2048 in.

2217 2095 2357 2139 trum
2408 2088 2723 2142 remissione
2766 2098 3120 2157 consequatur
3163 2087 3390 2151 veniam,
3440 2088 3607 2140 venire
3646 2104 3730 2139 eoa

2217 2178 2554 2245 permittatur
2582 2178 2649 2232 ad
2672 2195 2908 2232 mensam
2929 2195 2946 2242 ;
2967 2180 3089 2248 quia
3113 2177 3315 2247 justum
3346 2190 3447 2244 est,
3472 2186 3729 2233 utcuucto-

2216 2281 2333 2320 rum
2363 2267 2743 2336 indulgentiam
2793 2269 3042 2338 postulet,
3070 2273 3158 2338 qui
3202 2270 3447 2324 omnibus
3485 2271 3613 2341 quod
3637 2280 3727 2322 erat

2216 2373 2499 2413 commune
2539 2362 2819 2414 sul-traxit.
2842 2362 3059 2415 Cunctis
3083 2376 3211 2429 ergo
3240 2362 3548 2415 Studendum
3572 2371 3660 2425 est,
3685 2373 3727 2412 ut

2216 2461 2376 2503 omne
2402 2450 2542 2517 quod
2584 2451 2636 2503 in
2668 2465 2843 2505 escam
2874 2460 3081 2504 constat
3113 2450 3347 2505 hominis
3371 2451 3670 2519 deputatum,
3690 2454 3724 2502 si

2214 2537 2369 2591 alicui
2402 2554 2466 2592 ex
2492 2538 2740 2593 fratribus
2768 2542 3011 2609 accipere
3055 2541 3141 2596 vel
3180 2542 3341 2596 etiam
3381 2543 3600 2597 invenire
3622 2558 3725 2594 coo-

2214 2629 2412 2698 tigerit,
2445 2632 2750 2699 priusquam
2797 2644 2892 2686 aut
2934 2648 3134 2689 mensae
3179 2634 3394 2701 inferat,
3423 2647 3511 2690 aut
3544 2635 3723 2690 cellario

2216 2725 2407 2784 tradat.
2431 2728 2573 2778 omni
2600 2727 2701 2780 ilde
2722 2737 3007 2781 conservet
3033 2729 3318 2791 intactum;
3337 2732 3501 2783 vitans
3526 2743 3586 2782 ne
3605 2741 3721 2781 com.

2218 2829 2426 2868 munem
2470 2817 2713 2871 omnibus
2757 2818 2930 2871 cibum
2972 2830 3127 2888 gustu
3164 2822 3269 2874 sibi
3309 2820 3418 2890 ipse
3451 2819 3719 2879 furetur;et

2213 2921 2332 2959 cum
2368 2908 2536 2961 nullus
2578 2910 2651 2962 illi
2688 2925 2868 2965 comes
2895 2913 3181 2975 adhaereat,
3228 2914 3293 2966 ad
3334 2913 3627 2982 perdendam
3649 2919 3716 2964 ta-

2212 3013 2335 3050 men
2367 2999 2748 3062 innocentiam,
2771 3002 2853 3054 vel
2881 3001 2944 3054 ad
2973 3002 3321 3056 exercendam
3352 3004 3565 3073 pra-dam
3587 3002 3713 3056 sitiili

2213 3089 2332 3155 gula
2360 3104 2459 3155 pro
2490 3092 2650 3143 socio.
2682 3092 3014 3159 Quapropter
3056 3092 3162 3145 crit
3203 3096 3576 3164 cottgrcgationi
3602 3108 3713 3146 scm-

2215 3194 2307 3245 per
2330 3194 2431 3231 una
2464 3179 2780 3247 proprietas,
2810 3176 2877 3233 ita
2911 3191 2967 3235 ut
2992 3196 3178 3236 cuneta
3221 3180 3473 3247 omnium,
3500 3193 3549 3236 et
3572 3183 3711 3234 omnia

2209 3271 2313 3321 sint
2338 3280 2662 3323 cunctorum.

2208 3378 2335 3434 Car.
2365 3395 2549 3436 xxxvi.
2582 3379 2647 3434 Ut
2667 3380 2819 3435 abbas
2858 3383 3206 3436 ntanumittere
3238 3385 3535 3453 mancipium
3573 3397 3711 3434 atou-

2402 3478 2403 3483 “
2695 3474 2828 3526 sterii
2854 3484 2955 3525 non
2982 3480 3280 3539 primumut.

2277 3581 2589 3649 Mancipium
2632 3582 2935 3636 monasterii
2964 3582 3186 3637 liberum
3235 3583 3412 3638 facere
3452 3579 3709 3636 abbasalts—

2207 3685 2311 3739 que
2339 3686 2601 3726 consensu
2650 3674 2885 3726 omnium
2916 3674 3297 3727 moitaeltorum
3338 3666 3592 3729 licentiam
3629 3686 3707 3725 non

2210 3762 2447 3825 habebit,
2475 3760 2578 3815 nisi
2617 3772 2676 3817 ut
2708 3765 2883 3816 tradat
2920 3765 3124 3817 cunctis
3150 3765 3406 3820 fratribus
3435 3765 3484 3817 in
3510 3764 3706 3832 presenti

2208 3854 2324 3922 ejus
2349 3855 2526 3909 meriti
2549 3856 2632 3909 vel
2654 3856 2825 3910 aetatis
2853 3856 2919 3909 de
2945 3859 3155 3925 propria
3187 3855 3436 3911 facultate
3462 3855 3706 3909 vicarium:

2208 3948 2329 4015 quia
2356 3963 2459 3999 non
2494 3955 2666 4015 potest
2696 3947 2984 4001 multorum
3024 3963 3213 4002 servus
3241 3950 3399 4003 unius
3424 3948 3487 4002 ad
3524 3944 3705 4016 ingenui-

2210 4048 2370 4090 tatem
2418 4038 2731 4091 remissione
2762 4039 3011 4103 transire,
3039 4054 3138 4093 nec
3183 4040 3408 4093 libertus
3442 4039 3566 4102 ﬁeri,
3590 4050 3705 4105 quem

2209 4144 2395 4181 omnes
2440 4114 2762 4201 unanimiter
2803 4145 2907 4183 non
2949 4131 3252 4197 absolvunt,
3283 4148 3402 4186 cum
3432 4131 3706 4186 manifesta!

2210 4220 2299 4280 sit,
2325 4219 2468 4271 illttm
2502 4200 2847 4273 lotdominos
2875 4221 3091 4287 habere,
3123 4231 3252 4288 quot
3278 4223 3576 4276 monachos.

2208 4311 2335 4362 CAP.
2368 4324 2566 4363 axxvtt.
2600 4307 2678 4362 De
2702 4325 2792 4375 eo,
2825 4310 3039 4378 qualiter
3063 4311 3218 4363 abbas
3255 4312 3533 4364 conuersari
3559 4308 3704 4361 debat.

2281 4397 2348 4452 Ut
2375 4398 2619 4451 abbatem
2650 4401 2856 4453 cunctis
2881 4402 3073 4469 quibus
3104 4413 3299 4470 prazest
3327 4402 3587 4455 monachis
3607 4408 3706 4453 stre-

554 4500 889 4567 ttnusquisque
926 4498 978 4549 in
1000 4514 1097 4565 qua
1119 4500 1375 4550 vocatione
1400 4510 1602 4552 voratus
1626 4511 1716 4568 est,
1746 4504 1797 4554 in
1822 4521 1878 4555 ea
1906 4493 2187 4570 parma-,1)
2211 4489 2384 4541 [illius
2413 4490 2649 4557 quidem.
2673 4490 2765 4544 θεά
2790 4492 3160 4557 mansuem“:
3189 4500 3246 4544 ει
3277 4493 3455 4560 Dom”
3475 4493 3573 4544 Vi“
3596 4503 3706 4543 οων

555 4600 663 4641 neat
705 4586 842 4652 apud
881 4586 1037 4638 Deum
1060 4589 1079 4657 (
1101 4586 1286 4654 Eplies.
1318 4590 1421 4659 tv).
1454 4590 1653 4643 Bonum
1685 4608 1811 4661 ergo
1851 4595 1969 4650 tim
1998 4612 2107 4651 sua:

556 4693 765 4731 cursum
795 4677 1037 4730 cursibus
1078 4679 1227 4731 vanis
1258 4680 1429 4747 perire
1455 4681 1677 4749 judicet,
1710 4694 1765 4737 et
1805 4702 1863 4739 se
1889 4687 2110 4741 damno-

555 4782 669 4820 sum
715 4775 926 4828 caveat;
958 4779 1024 4819 ne
1053 4775 1377 4834 postponens
1407 4772 1743 4832 monachum.
1791 4774 2023 4829 ferarum
2053 4789 2111 4831 et

558 4859 669 4921 ipse
717 4856 959 4923 captione
1010 4857 1278 4921 capiatur.
1336 4867 1390 4910 ct
1440 4861 1785 4915 smcularibns
1830 4864 2110 4921 desideriis

554 4945 811 5007 irretitus,
844 4953 1066 4997 \enator
1093 4948 1374 5013 agresﬁum
1398 4948 1683 5003 bestiarum
1702 4952 1989 5006 adversarii
2021 4955 2112 5008 fiat

555 5045 610 5087 et
646 5035 755 5099 ipse
785 5034 1014 5113 venatio.
1046 5032 1153 5087 Sed
1179 5034 1277 5085 soli
1310 5034 1417 5087 Deo
1447 5038 1734 5090 vacandum
1763 5024 2109 5110 congaudent,

556 5139 714 5191 quem
743 5124 974 5190 expetit;
1000 5124 1073 5176 illi
1098 5124 1435 5176 serviendum
1467 5125 1684 5195 jngitcr,
1715 5143 1872 5197 quem
1912 5132 2107 5201 elegit:

556 5213 732 5264 sciens
756 5210 894 5279 quod
919 5212 1092 5264 taliter
1124 5223 1384 5279 prmcepto
1407 5215 1711 5282 evangelico
1728 5221 2107 5276 convenimur:

557 5301 832 5353 Dominum
888 5297 1051 5350 Deum
1098 5310 1235 5350 tuum
1281 5301 1536 5360 adorabis.
1584 5316 1628 5355 et
1658 5305 1734 5357 illi
1788 5309 1877 5360 .rtli
1926 5314 2110 5364 servies

558 5409 567 5447 ι
598 5389 778 5440 ,tfattlt.
811 5387 916 5456 tv).
948 5387 1011 5438 Et
1031 5388 1151 5439 alibi
1181 5405 1194 5438 :
1230 5387 1393 5440 Unam
1415 5391 1533 5458 petii
1553 5408 1585 5442 ιι
1620 5392 1855 5463 Domina,
1879 5398 2008 5453 [tunc
2034 5418 2113 5453 re-

558 5484 773 5543 (,ttt'rnm,
803 5487 853 5528 ut
892 5478 1161 5527 inhabilem
1193 5478 1244 5528 in
1270 5480 1419 5531 domo
1450 5478 1653 5534 Domini
1676 5487 1907 5539 omnibus
1933 5466 2110 5541 diebus

557 5569 672 5616 vitae
701 5582 821 5615 mw
851 5570 863 5627 (
880 5563 1070 5615 Plu/nt.
1108 5566 1271 5633 xxvi).
1293 5566 1533 5621 Studebit
1561 5585 1705 5639 ergo,
1742 5579 2111 5639 prmtermissis

561 5654 825 5719 cautibus,
849 5654 1072 5720 qualiter
1104 5655 1201 5721 ipsi
1235 5658 1374 5708 omni
1400 5660 1615 5711 servitio
1640 5663 1842 5728 piaceat
1872 5666 2063 5735 iugiter
2096 5687 2105 5721 :

2213 4579 2445 4642 mendet,
2491 4580 2561 4632 ita
2592 4592 2644 4632 ut
2676 4584 2841 4649 magis
2883 4593 3123 4636 sanctum
3151 4582 3302 4634 illum
3337 4586 3707 4649 timeant,qu

2214 4664 2496 4721 severum:
2530 4678 2584 4721 et
2621 4669 2737 4737 plus
2766 4677 2817 4721 in
2860 4685 2927 4721 eo
2971 4680 3205 4723 metuant
3246 4672 3390 4740 quod
3439 4671 3621 4726 meritis
3651 4678 3707 4722 est

2216 4759 2440 4826 primus,
2470 4775 2628 4824 quam
2657 4762 2800 4830 quod
2831 4761 3029 4816 honore
3059 4764 3363 4831 primarius.
3396 4765 3583 4819 Habeat
3605 4761 3707 4817 eni-

2214 4848 2268 4901 in
2308 4851 2639 4904 correctione
2674 4850 2909 4916 modum,
2933 4861 2988 4906 et
3029 4854 3081 4905 in
3114 4852 3470 4909 familiaritate
3496 4863 3710 4922 temper:-

2219 4948 2456 4993 mentum
2485 4953 2501 4992 :
2528 4939 2738 5008 eritque
2769 4942 2820 4995 in
2850 4944 3058 4996 cunctis
3094 4944 3167 4997 ita
3216 4947 3455 5000 moribus
3481 4946 3707 5011 dispensa-

2214 5041 2318 5095 tus,
2352 5039 2412 5084 ut
2436 5029 2803 5085 blandimento
2837 5043 3011 5098 vocet,
3043 5031 3250 5089 terrore
3278 5036 3531 5105 castiget;
3558 5031 3708 5088 facient

2213 5135 2272 5174 se
2294 5121 2360 5175 ab
2378 5120 2646 5189 omnibus,
2661 5136 2727 5176 eo
2751 5124 2891 5190 quod
2920 5123 3044 5176 vitia
3070 5123 3272 5189 oderit,
3288 5128 3409 5195 plus
3432 5121 3707 5179 amat-Heu

2214 5215 2353 5267 enim
2381 5214 2499 5285 ejus
2525 5218 2854 5272 maversatio
2875 5219 2980 5273 erit
3007 5220 3158 5288 quasi
3201 5222 3432 5287 positum
3458 5220 3708 5276 fundam-

2218 5318 2362 5373 tum,
2407 5318 2463 5361 ut
2506 5310 2558 5363 in
2597 5324 2661 5365 eo
2686 5311 3147 5378 supersedifieetnr
3189 5312 3432 5381 quisquis
3476 5312 3708 5366 iitati-inc

2218 5398 2357 5451 illius
2385 5408 2534 5467 optat
2575 5399 2699 5455 Deo
2712 5401 2916 5455 meritis
2947 5401 3271 5471 proximare,
3312 5403 3499 5458 Nullas
3537 5404 3597 5457 ah
3628 5402 3708 5468 ipso

2217 5489 2319 5540 erit
2361 5499 2642 5555 potestate,
2672 5492 2766 5545 sed
2808 5493 3012 5546 ratione
3049 5492 3388 5549 damnandos
3412 5512 3431 5550 :
3458 5508 3552 5551 nec
3578 5504 3706 5546 tanta

2216 5580 2480 5647 quispiam
2511 5580 2588 5633 illi
2616 5580 2686 5634 ita
2719 5580 3013 5645 fatuiliaris,
3046 5593 3104 5637 ut
3144 5585 3359 5640 caeteris
3402 5585 3705 5654 νιωμῑιι-

2219 5679 2358 5733 mat;
2391 5684 2557 5739 nepte
2580 5672 2649 5724 ita
2677 5670 2925 5735 offensus,
2957 5681 3013 5726 ut
3053 5672 3119 5727 ad
3162 5674 3373 5737 veniam
3400 5673 3596 5744 expleta
3618 5681 3703 5727 ω·

3830 5888 3837 5901 Ι
