3804 6398
541 408 638 461 T10

540 630 645 667 non
695 614 1181 679 valetexpendere.
1212 611 1423 667 redarta
1465 614 1516 665 in
1567 614 1787 682 pretium
1822 613 1904 666 cui
1934 612 2101 665 abbas

541 705 872 773 prmi-aperit,
903 703 1234 755 tribuantur:
1277 704 1396 771 quia
1425 718 1543 757 cum
1584 704 1682 757 alia
1733 705 1984 757 meruerit
2023 705 2084 755 in-

537 796 819 860 dumenta,
848 795 1050 861 priores
1079 794 1289 848 exuviae
1318 795 1369 848 in
1400 810 1491 848 sua
1517 807 1794 850 nouerunt
1819 805 2099 862 potestate,

540 896 599 940 ut
626 887 904 940 exterioris
942 887 1167 940 hominis
1207 886 1501 946 immutatio
1546 902 1663 940 cum
1694 887 1960 940 interioris
1989 902 2109 953 pro.

540 979 677 1031 fectu
708 981 858 1046 plena
892 978 1097 1031 ratione
1125 984 1423 1031 conveniat.
1468 980 1605 1033 Nihil
1631 979 1696 1032 de.
1724 981 1807 1033 bis
1844 996 1961 1048 qua:
1986 995 2106 1045 per-

540 1072 740 1138 celwrit
770 1076 814 1125 ei
844 1070 913 1123 sit
939 1070 1137 1123 licitum
1177 1081 1527 1136 commutare,
1559 1090 1655 1126 nec
1689 1089 1781 1139 pro
1810 1070 2106 1141 :lbjt‘l'llttne

541 1162 751 1224 viliora,
784 1178 879 1213 nec
910 1177 1001 1229 pro
1031 1164 1311 1215 commodo
1340 1162 1581 1224 meliora,
1610 1164 1700 1215 sed
1723 1165 2106 1232 qualiacunque

543 1254 737 1306 fuerint
764 1255 1016 1307 attributa
1036 1296 1051 1318 ,
1080 1272 1199 1307 cum
1231 1256 1519 1324 gratiarum
1548 1257 1753 1309 aetione
1781 1270 1879 1307 suo
1904 1265 2103 1307 tantum

544 1342 663 1396 usui
704 1343 1009 1397 vindicabit.

610 1435 738 1488 (1w.
770 1451 826 1489 ll.
871 1435 1008 1489 Nulli
1038 1435 1190 1489 liteat
1218 1446 1604 1503 sequestratatn
1638 1434 1839 1503 eligere
1877 1434 2107 1487 mansio-

541 1541 683 1589 nem,
728 1542 826 1581 nec
851 1527 1218 1591 armariolum,
1252 1538 1340 1580 aut
1370 1527 1565 1593 aliquid
1608 1528 1813 1592 simile,
1846 1526 1984 1596 quod
2017 1542 2108 1595 pc-

507 1617 794 1692 ‘cuiiarius
818 1619 993 1672 claudi
1044 1621 1230 1686 possit,
1279 1620 1614 1689 permittatur
1641 1619 1789 1689 quasi
1839 1620 2105 1689 proprium

540 1712 829 1765 vindicare.
864 1711 1011 1765 Viam
1044 1712 1221 1775 solus,
1256 1711 1355 1767 nisi
1385 1713 1668 1766 comitatus
1699 1710 1879 1765 fratris
1922 1720 2109 1766 contu-

541 1803 747 1865 bernio,
780 1818 882 1855 non
908 1816 1159 1857 aSsumat.
1190 1804 1538 1858 ltevertentes
1556 1818 1615 1856 ea
1634 1819 1749 1869 qua:
1770 1802 1898 1857 foris
1924 1804 2005 1873 agi
2025 1804 2106 1871 vi-

539 1892 734 1955 derint,
785 1892 987 1948 referre
1017 1910 1121 1947 non
1151 1893 1405 1959 audeant,
1456 1893 1557 1947 nisi
1604 1892 1695 1947 illa
1743 1903 1947 1947 tatttum
1992 1908 2110 1962 qua:
2142 1889 2188 1949 Β
2215 1913 2345 1953 rem.
2380 1896 2617 1952 Orationi
2650 1907 2824 1951 autem
2853 1907 2908 1949 et
2945 1896 3111 1950 verbo
3159 1895 3254 1949 Dei
3290 1892 3417 1949 nihil
3450 1905 3529 1947 εει
3551 1907 3695 1959 papa»

540 1982 803 2038 a-dtli-ent
849 1985 1147 2040 audientes.
1201 1986 1379 2040 Posito
1414 1986 1625 2040 seniore
1654 1998 1901 2039 vereatur
1929 1984 2109 2054 junior

540 2079 590 2127 in
646 2075 1113 2143 pra-stltitplioltcm
1156 2076 1490 2145 loquacitatis
1531 2090 1851 2144 erumpere:
1882 2077 2011 2140 sed,
2054 2085 2111 2129 ut

541 2181 683 2233 uupe
712 2168 998 2234 contingit,
1028 2168 1071 2220 si
1100 2166 1441 2235 simplicioris
1470 2177 1671 2220 natura:
1701 2166 1857 2219 fuerit
1906 2167 2108 2229 senior,

544 2268 665 2307 tunc
686 2256 867 2323 jnninr
888 2272 1004 2325 qua:
1028 2258 1075 2309 ei
1102 2266 1363 2325 praacepta
1388 2256 1601 2320 fuerint,
1636 2266 1975 2326 exsequatur.
2011 2256 2111 2311 Fe-

540 2348 775 2401 stivitate
804 2348 1037 2415 qualibet
1068 2347 1335 2401 celebrem
1378 2348 1725 2409 monachum,
1756 2349 1855 2401 nisi
1888 2348 2111 2418 permis-

538 2455 677 2503 sum,
712 2455 816 2491 non
850 2440 1026 2493 licebit
1060 2450 1332 2507 expetere,
1382 2440 1505 2507 quia
1554 2448 1796 2493 orantem
1850 2439 2129 2497 secretius.

543 2531 716 2600 palam
752 2532 1005 2584 Dominus
1028 2573 1043 2592 ,
1078 2530 1365 2597 Evangelia
1386 2529 1759 2598 adstipulante,
1792 2540 1871 2583 est
1900 2531 2108 2599 pollici-

540 2636 622 2675 tus
651 2638 710 2676 se
732 2621 1036 2675 auditurum
1062 2620 1271 2688 (.llattlt.
1307 2624 1401 2689 vt).

606 2712 735 2767 Car.
778 2728 851 2765 ιιι.
890 2712 944 2766 Si
984 2713 1101 2779 quis
1146 2727 1270 2765 vero
1312 2727 1341 2764 a
1386 2710 1639 2764 fratribus
1686 2711 1739 2764 in
1792 2725 2109 2779 quocunque

538 2803 753 2872 negotio
778 2803 843 2855 ad
882 2803 1186 2861 civitatem.
1232 2814 1321 2855 aut
1360 2804 1424 2855 a.l
1460 2803 1763 2867 castellum,
1798 2806 1911 2856 sive
1934 2802 1997 2856 ad
2026 2805 2106 2855 vi-

536 2908 657 2946 cum
680 2892 888 2947 seniore
916 2893 1210 2958 imperante
1238 2892 1511 2961 dirigitur,
1546 2892 1645 2944 1ιὶςὶ
1686 2891 1751 2944 ad
1802 2892 1971 2953 illum,
2005 2908 2109 2959 quo

538 2986 852 3048 destinatur,
912 2997 1016 3035 non
1070 2992 1356 3048 prmsumat
1392 2980 1668 3035 accedere.
1718 2982 2020 3048 Spiritalem
2052 2998 2110 3036 se

538 3077 650 3131 lieri
678 3085 879 3147 patrem
910 3076 1024 3128 sine
1053 3074 1259 3128 abbatis
1309 3072 1532 3143 imperio
1569 3073 1874 3127 nullatenus
1901 3074 2111 3141 acquie-

538 3179 678 3231 scat;
732 3167 826 3221 sed
873 3168 916 3220 si
945 3181 1103 3220 causa
1156 3175 1316 3220 tanta:
1350 3166 1683 3220 necessitatis
1712 3166 1991 3227 exstiterit.
2019 3173 2110 3217 aut

537 3262 895 3328 cujuscunque
943 3259 1115 3315 lidelis
1143 3273 1385 3326 persona:
1416 3258 1664 3327 precibus
1701 3258 1991 3312 inclinatus
2022 3257 2099 3311 in-

2215 3282 2405 3336 prteter
2436 3268 2744 3321 humilitatis
2790 3265 3040 3320 allectum
3092 3273 3147 3318 et
3181 3264 3417 3319 debitum
3459 3265 3686 3317 famulatum
3736 3334 3739 3335 ν

536 3352 755 3405 terdicta
782 3365 887 3404 non
916 3354 1049 3404 valet
1079 3349 1314 3418 ellugere
1335 3390 1348 3412 ,
1376 3348 1517 3418 quod
1562 3350 1952 3402 contradicenti
1981 3364 2104 3416 co;-

537 3449 771 3498 noscitur
792 3446 1121 3513 impositum,
1150 3444 1428 3497 cbaritatis
1458 3445 1650 3497 intuitu
1680 3454 1761 3498 est
1786 3444 2107 3499 omnimodis

538 3538 948 3589 ..dtnittendutn.

606 3631 732 3684 Car.
749 3646 816 3682 tv.
836 3629 966 3683 Cum
989 3636 1241 3683 extranea
1264 3627 1485 3682 muliere
1504 3628 1884 3683 collocationes
1908 3630 2108 3699 absque

537 3723 767 3776 testibus
796 3737 1060 3775 canonum
1102 3722 1416 3775 auctoritate
1446 3720 1674 3789 legitima
1724 3721 2103 3790 prohibentur;

536 3834 763 3879 matrum
794 3824 953 3877 etiam
1004 3833 1057 3876 et
1098 3836 1470 3894 g-rmanarum
1516 3822 1706 3876 fabulis
1757 3838 1852 3878 eos
1897 3823 2109 3878 misceri

536 3915 801 3968 secretius
826 3914 1125 3965 nullatenus
1156 3914 1517 3965 concedatur:
1566 3926 1632 3966 ne
1664 3914 1715 3965 in
1742 3914 1855 3981 ipsa
1878 3914 2109 3968 novitate

538 4006 737 4060 inilitim
784 4004 1102 4057 consututos
1154 4002 1395 4056 saeculari
1444 4005 1854 4071 praesumptione
1892 4006 2111 4057 subver-

537 4104 667 4149 tant.
703 4095 766 4147 Et
794 4108 896 4146 non
923 4110 951 4143 a
981 4092 1179 4159 majore
1224 4106 1476 4143 concessa
1522 4092 1731 4145 licentia
1773 4092 1953 4148 nullus
1975 4109 2108 4162 qua-

536 4186 664 4242 libet
693 4193 840 4252 parte
866 4181 1125 4237 discedat.
1157 4180 1431 4251 Navigium
1484 4182 1643 4235 etiam
1693 4182 1760 4235 ad
1804 4183 2111 4238 ulteriorem

538 4283 707 4349 ripam
740 4270 855 4331 sine
881 4277 1105 4341 imperio
1137 4274 1367 4328 senioris
1398 4276 1747 4329 transvehere
1776 4292 1880 4329 non
1914 4290 2115 4344 pra-su-

538 4380 675 4423 niat:
711 4383 805 4421 nec
834 4364 1055 4435 capillos
1076 4364 1399 4432 barbamque
1418 4363 1677 4429 succidat,
1700 4375 1794 4417 aut
1824 4365 2114 4419 funiculum

538 4466 617 4513 vel
650 4460 925 4531 quodlibet
954 4458 1094 4512 aliud
1129 4457 1304 4511 facere
1330 4456 1545 4523 audeat,
1579 4458 1681 4511 nisi
1712 4457 1815 4513 hoc
1858 4459 2115 4514 relaxatio

536 4554 765 4605 senioris
813 4552 1075 4605 admittat.
1131 4548 1466 4617 \‘espertinis
1532 4562 1585 4603 et
1639 4551 1911 4605 nocturnis
1969 4552 2116 4605 horis

539 4644 731 4713 quibus
762 4642 906 4695 fratr.
928 4657 955 4695 s
978 4642 1069 4695 alii
1103 4643 1509 4710 conquiescunt,
1541 4642 1634 4711 qui
1663 4658 1690 4695 a
1725 4645 2002 4697 mansione
2027 4653 2118 4697 aut
2144 4644 2195 4703 D
2220 4656 2310 4709 sed
2343 4668 2595 4724 quam“...
2639 4654 2691 4707 in
2737 4668 2796 4709 se
2843 4662 2946 4708 εει,
2974 4651 3166 4704 blanda
3194 4647 3544 4704 exhortatione
3564 4638 3683 4697 intrii.

539 4734 739 4788 lectulo
787 4748 884 4786 suo
910 4732 1102 4787 deesse
1157 4736 1521 4801 cngnoscitur,
1572 4735 1982 4803 eorzipientilius
2028 4751 2116 4789 δοο
2221 4747 2320 4803 Qui

539 4828 779 4881 nioribus
806 4825 1130 4894 castigetur:
1172 4839 1226 4879 et
1277 4828 1329 4878 in
1376 4828 1485 4895 ipsa
1516 4829 1699 4896 quiete
1748 4829 1953 4897 positus
1978 4828 2114 4883 alter

540 4921 688 4973 alteri
728 4933 832 4971 n02:
867 4920 916 4972 Io
938 4926 1127 4983 luatur.

611 5012 719 5067 Cur
780 5025 833 5064 v.
864 5008 961 5074 Qui
991 5008 1147 5077 signo
1170 5007 1325 5072 dato,
1371 5008 1436 5061 ad
1460 5025 1594 5079 opus
1634 5011 1724 5065 Dei
1769 5013 1850 5066 vel
1874 5012 1938 5066 ad
1969 5028 2113 5082 qua:-

542 5122 755 5177 cunque
799 5117 962 5171 Opera
1018 5101 1219 5155 tardius
1271 5104 1498 5169 venerit,
1546 5106 1798 5158 exclusus
1848 5122 1942 5174 pro
1982 5106 2113 5159 reati

543 5199 672 5253 tanti
715 5194 967 5252 facinoris
987 5190 1370 5248 confundatur.
1396 5193 1499 5247 Pro
1524 5196 1761 5263 qualibet
1784 5197 1942 5249 etiam
1967 5198 2119 5264 culpa

1517 403 1851 459 AP?ENDIX
1892 403 1980 458 Al)
2017 403 2102 459 ορ

2215 406 2241 458 λ
2280 404 2336 459 S.
2377 405 2756 462 BENEMCTI.
3640 406 3719 461 Ν

540 532 719 575 menta
764 532 975 588 quoque
1002 532 1182 573 secum
1204 518 1402 584 delata,
1454 533 1572 589 qua:
1632 520 1784 585 primi
1830 520 1954 573 anni
1980 533 2104 572 usus
2135 518 2542 578 Aadmixtione
2583 520 2798 574 dulcare
2825 562 2839 585 ,
2899 518 3076 572 nullus
3128 516 3331 572 audeat‘
3374 514 3590 571 conferre
3629 535 3701 571 Ser-

2178 636 2181 637 ⁷
2206 627 2441 667 monent.

2206 798 2457 851 dentibus
2484 798 2809 867 releguntur,
2841 798 2925 851 vel
2950 797 3166 865 quando
3186 796 3418 847 orationi
3446 798 3698 859 incumbant,

2204 1086 2367 1125 causa
2394 1072 2755 1140 compellitur,
2782 1069 3134 1139 psallentibus
3159 1069 3282 1123 aliis
3306 1071 3423 1121 sine
3461 1068 3695 1138 cujusquam

3708 81 3756 626 l

3744 3190 3755 3282 Ι

3736 3282 3753 3375 l

3732 3555 3753 3653 i

3714 4115 3753 4207 1

3708 4295 3751 4481 i

2275 708 2405 761 (ΣΑΡ.
2450 722 2523 761 vt.
2558 707 2612 761 ln
2660 706 2885 773 vigiliis,
2924 706 3048 758 dum
3097 705 3360 757 lectiones
3398 705 3582 758 eunetis
3612 708 3699 759 nsi.

2208 889 2439 943 intrandi
2469 899 2560 942 aut
2604 889 2831 943 exeundi
2863 889 3163 942 facultatem
3191 886 3297 940 sibi
3340 886 3507 939 nullus
3538 900 3700 941 Istinc!

2210 981 2373 1035 fuisse
2399 994 2733 1034 concessam.
2764 979 2862 1047 Qui
2916 994 3044 1032 vero
3092 978 3398 1032 communis
3447 980 3698 1030 necessitati

2210 1174 2386 1217 reatus
2409 1166 2604 1215 timore
2629 1161 2889 1224 discedat,
2914 1162 3168 1215 continuo
3187 1158 3257 1211 ad
3280 1173 3414 1227 opus
3436 1159 3557 1225 quod
3579 1160 3700 1226 agitur

2209 1270 2541 1309 reversurus.
2568 1253 2635 1308 Et
2658 1254 2747 1347 (ιγί
2774 1252 2895 1307 aliis
2916 1252 3192 1306 orantibus
3220 1252 3304 1305 vel
3328 1249 3631 1318 psallentibus
3650 1248 3699 1303 ia-

2210 1344 2377 1399 bnlari
2429 1341 2858 1413 prmsumpSerit,
2901 1358 3004 1394 non
3051 1341 3227 1395 solum
3280 1341 3599 1401 fraternitati,
3636 1342 3697 1393 sed

2210 1438 2371 1490 etiam
2399 1436 2667 1490 divinitati
2695 1451 2844 1489 reum
2874 1449 2934 1489 se
2961 1448 3081 1489 esse
3106 1449 3213 1487 non
3244 1432 3469 1487 dubitet.
3512 1430 3614 1483 Illud
3646 1448 3699 1484 est

2210 1530 2367 1583 etiam
2399 1529 2752 1591 studendum,
2810 1542 2878 1581 ne
2926 1541 3171 1580 somnum
3202 1540 3394 1579 manus
3420 1526 3582 1577 otiosa:
3604 1528 3697 1574 inri-

2212 1631 2359 1678 tent:
2387 1631 2547 1690 atque
2570 1620 2691 1675 ideo
2718 1621 2829 1675 hccc
2850 1630 3008 1674 erunt
3030 1634 3194 1688 opera
3224 1621 3277 1672 in
3300 1618 3485 1687 vigiliis
3501 1616 3696 1677 facienda,

2210 1728 2326 1783 qua:
2357 1724 2588 1767 mentem
2638 1728 2742 1766 non
2769 1723 3029 1781 occupent
3054 1757 3069 1779 ,
3114 1720 3208 1765 aut
3242 1719 3461 1780 gravent
3496 1712 3695 1777 operarius

2210 1806 2473 1869 auditum,
2521 1804 2614 1859 sed
2659 1819 2779 1874 qua:
2827 1805 3038 1873 soporis
3074 1803 3282 1873 possint
3311 1801 3694 1869 repelleretoq»

2211 1988 2462 2042 nendum.
2490 1988 2761 2041 Dominica
2790 2003 2919 2042 vero
2947 1997 3123 2049 nocte,
3156 2002 3255 2054 pro
3281 1985 3555 2040 remrentia
3573 1998 3692 2039 resu-

2212 2080 2461 2135 rectionis
2499 2082 2802 2143 dominicae,
2852 2094 3104 2133 manuum
3151 2095 3316 2147 opera
3355 2078 3691 2145 conquiescant:

2209 2170 2349 2241 quod
2378 2181 2431 2225 et
2460 2172 2624 2225 certis
2651 2170 3076 2225 solemnitatibus
3097 2169 3347 2223 convenit
3366 2168 3617 2223 observari.

2278 2262 2407 2317 Car.
2437 2278 2529 2317 vn.
2562 2262 2933 2317 Meditantibus
2958 2261 3121 2315 etiam
3160 2259 3411 2314 fratribus
3450 2260 3559 2313 nulli
3588 2258 3689 2311 liceat

2209 2353 2368 2407 rebus
2423 2367 2482 2407 se
2531 2353 2650 2407 aliis
2696 2352 3005 2421 implicare;
3056 2366 3157 2405 nec
3216 2351 3436 2405 liberum
3484 2349 3687 2418 judicare

2212 2446 2419 2512 schola,
2453 2446 2538 2498 vel
2584 2446 2669 2498 ubi
2717 2443 3037 2498 meditantur
3088 2442 3312 2506 fratres,
3351 2441 3687 2504 discedentia

2209 2550 2340 2589 vero
2370 2537 2421 2588 in
2448 2537 2546 2589 hac
2586 2534 3001 2605 przesumptione
3048 2532 3372 2603 proruperit,
3401 2546 3689 2586 excoctum.-

2210 2626 2428 2689 cationi,
2454 2636 2510 2679 ut
2528 2625 2744 2694 dignum
2776 2635 2880 2691 est,
2913 2624 3231 2693 subiacebit.
3254 2623 3497 2679 Cellulam
3515 2622 3690 2680 alterius.

2210 2730 2405 2788 praeter
2434 2719 2781 2773 abbatemet
2822 2718 3185 2785 prmpositum,
3223 2716 3325 2769 nisi
3370 2714 3483 2768 dato
3506 2718 3688 2783 signans

2210 2810 2445 2865 illicitum
2477 2810 2695 2863 introire
2721 2826 2735 2863 :
2767 2810 2889 2878 quia
2923 2809 3050 2874 ipsis
3081 2818 3288 2862 tantum
3320 2804 3594 2861 conceditur
3623 2806 3685 2858 ira

2213 2911 2351 2956 trum
2383 2913 2585 2957 secreta
2610 2916 2964 2970 Cognoscere,
2990 2913 3043 2957 et
3072 2901 3303 2970 qualiter
3330 2916 3388 2954 se
3416 2902 3685 2967 unusquisque

2211 3003 2352 3061 agat.
2395 2995 2599 3048 occulta
2624 2994 2953 3063 inspectione
2977 2994 3307 3062 perquirere.
3335 2992 3397 3047 Et
3424 2992 3501 3045 ubi
3527 2994 3685 3043 milites

2210 3095 2534 3154 operantur,
2587 3085 2786 3152 absque
2831 3084 3206 3153 suprascriptis
3258 3086 3513 3151 persotis,
3570 3082 3689 3134 nntius

2213 3188 2498 3246 praesumat
2562 3178 2837 3231 accedere.
2889 3174 3310 3231 Advenientibus
3373 3188 3557 3243 quoque
3605 3174 3686 3224 uitat

2207 3358 2388 3427 junior
2425 3357 2727 3420 exhibebit,
2767 3368 2820 3411 et
2872 3371 3055 3411 emam
3106 3358 3304 3410 habere
3332 3358 3397 3409 de
3423 3371 3590 3413 causa,
3623 3368 3685 3419 qui

2212 3455 2439 3514 venerit,
2466 3452 2784 3521 quandoque
2814 3466 3125 3506 reversurus
3174 3453 3261 3511 sit,
3315 3465 3415 3502 non
3444 3461 3679 3515 prrsum.

2212 3548 2334 3616 quia
2367 3546 2467 3600 hoc
2493 3546 2764 3606 seniorum
2795 3543 3097 3598 s'rlliciludo
3118 3584 3134 3607 ,
3180 3558 3284 3596 uou
3328 3542 3568 3611 juniorrnn
3596 3555 3684 3607 pra-

2214 3640 2448 3706 sumptio
2466 3682 2483 3706 ,
2524 3639 2685 3692 debet
2714 3638 2997 3701 inquirere.
3728 3619 3746 3706 1

2282 3734 2407 3785 CAP.
2443 3746 2555 3783 vin.
2586 3729 2865 3796 lncrcpare
2900 3726 3085 3796 junior
3122 3744 3227 3779 non
3260 3726 3447 3779 audeat
3469 3722 3680 3779 seniore»;

2213 3824 2306 3877 sed
2337 3825 2380 3876 si
2412 3832 2567 3877 extra
2608 3821 2842 3889 regulam
2886 3820 3080 3890 aliquid
3124 3820 3258 3883 ﬁeri,
3297 3829 3387 3871 aut
3420 3818 3581 3871 factura
3609 3829 3681 3868 eiu
3728 3818 3744 3890 ί

2216 3918 2512 3988 cognoscit,
2544 3916 2723 3971 abbati
2751 3923 2833 3970 est
2854 3926 2939 3968 aut
2974 3914 3257 3981 pra-posito
3282 3911 3682 3965 reservandnuzu
3728 3911 3740 3988 ξ

2213 4008 2543 4065 correctione
2564 4008 2811 4078 regulari,
2833 4009 2971 4074 quod
2998 4005 3441 4073 reprehenditur,
3461 4004 3681 4067 corrigam.

2214 4104 2555 4170 Qumcunque
2595 4100 2663 4154 ab
2695 4099 2872 4167 aliquo
2899 4098 3100 4166 absque
3132 4098 3362 4151 testibus
3402 4095 3679 4148 admittuntur.
3714 4116 3721 4131 ι

2216 4194 2260 4246 si
2291 4193 2357 4247 ad
2386 4192 2595 4245 abbatis
2627 4191 2865 4244 notitiam
2892 4194 3218 4258 pervenerit,
3244 4188 3491 4243 secretius
3510 4184 3682 4237 emende-

2217 4294 2337 4338 tur:
2366 4283 2410 4338 si
2438 4283 2688 4337 om‘nibus
2719 4282 3030 4345 innotuerit,
3060 4296 3239 4336 coram
3266 4278 3502 4333 omnibus
3532 4284 3683 4330 altus
3712 4282 3715 4285 ’

2218 4376 2444 4430 admissi
2495 4374 2734 4429 criminis
2783 4375 3102 4443 arguendos.
3142 4372 3243 4438 Qui
3275 4366 3681 4439 cogitationum.-

2220 4470 2568 4539 pugnationes
2596 4469 2977 4524 consolationis
3006 4483 3115 4522 suae
3141 4482 3299 4519 causa
3331 4464 3563 4519 secretius
3581 4456 3682 4513 απαξ·
3710 4474 3717 4501 -‘

2221 4574 2382 4630 tetur,
2412 4579 2517 4618 non
2546 4574 2759 4632 Oportet
2782 4578 2902 4619 eum
2933 4559 3163 4625 despici,
3213 4574 3313 4613 nec
3352 4558 3464 4611 aliis
3480 4552 3681 4624 publicai.

2221 4747 2320 4812 Qui
2363 4746 2481 4799 aliis
2508 4756 2711 4799 secreta
2761 4744 3110 4797 meditatione
3157 4740 3496 4811 psallentibus
3516 4736 3683 4792 ineme-

2223 4836 2432 4891 nienter
2473 4836 2628 4889 fuerit
2658 4835 2883 4896 locutus,
2924 4832 3239 4903 regulariter
3263 4827 3714 4903 παρακμὴν-Ι

2221 4942 2430 4996 cunque
2468 4942 2597 4996 ergo
2646 4939 2811 4994 opere
2861 4933 2955 4977 aut
3000 4924 3397 4979 meditabantur
3437 4935 3539 4990 qua
3570 4924 3683 4972 σιω

2226 5032 2368 5086 sunt,
2392 5032 2482 5074 aut
2511 5028 2657 5075 certe
2696 5018 2944 5072 silebunt.
2972 5018 3053 5072 Ad
3102 5032 3342 5081 mensam
3388 5013 3515 5084 loqui
3556 5008 3683 5077 mtil-

2224 5116 2360 5177 liter.
2406 5114 2505 5168 nisi
2554 5113 2642 5183 qui
2690 5114 3044 5181 interrogatus
3089 5114 3269 5178 fuerit,
3320 5127 3426 5166 non
3469 5112 3705 5183 praeut-7

2223 5205 2374 5272 Quod
2417 5218 2545 5257 vero
2592 5203 2953 5257 necessarium
3000 5204 3156 5258 vietui
3202 5201 3394 5264 fuerit,

2956 5679 3154 5715 :unauo
3178 5679 3685 5714 romana-renuunt

2956 5754 3044 5811 56d
3074 5762 3131 5810 et
3161 5752 3329 5809 Verbo
3351 5744 3679 5810 υάὼν

2956 5848 3043 5902 bus
3074 5858 3264 5901 vacat:
3293 5844 3440 5901 boris
3476 5848 3525 5897 et
3558 5679 3750 6302 ³

543 5293 841 5361 quamlibet
877 5305 1065 5358 aspera
1113 5287 1274 5341 fuerit
1302 5288 1665 5356 increpatione
1694 5301 2003 5357 correptus,
2034 5306 2120 5343 re-

540 5386 806 5455 spondere
856 5386 1007 5436 nel’as
1032 5380 1239 5450 judicet
1281 5378 1543 5448 arguenti,
1576 5379 1669 5431 St‘ti
1700 5380 2022 5434 llllttllliatdu
2062 5397 2122 5435 se

539 5475 970 5530 emendationem
1000 5472 1176 5526 delicti
1223 5471 1414 5524 docmt
1461 5480 1760 5523 secuturam
1790 5488 1801 5521 :
1832 5473 1951 5538 quia
1986 5473 2122 5524 Deus

542 5566 835 5620 humilibus
863 5564 1109 5619 daturum
1140 5579 1199 5617 se
1230 5564 1450 5632 gratiam
1477 5564 1776 5631 repromisit
1800 5563 1849 5633 (Ι
1881 5563 2017 5616 f’etr.
2049 5560 2123 5630 κ’).

542 5661 675 5715 Cum
720 5677 786 5715 eo
833 5661 920 5727 qui
956 5674 1049 5727 pro
1075 5660 1309 5713 admissa
1352 5660 1506 5729 culpa
1565 5661 1631 5710 ab
1684 5663 1938 5715 orationis
1981 5664 2122 5711 vela

544 5768 742 5807 mensa:
788 5763 1055 5807 consortio
1085 5766 1409 5816 removetur,
1460 5763 1656 5819 prmter
1686 5766 1805 5804 eum
1849 5754 1935 5821 qui
1967 5753 2119 5819 elei-ti

540 5839 719 5896 fratris
744 5843 1152 5898 amaritudinem
1188 5843 1472 5910 doctrina:
1522 5853 1574 5897 et
1624 5843 1899 5898 charitatis
1950 5843 2117 5907 pos~it

2224 5297 2378 5351 decet
2422 5309 2712 5362 agnoscere
2739 5312 2753 5348 :
2785 5306 2840 5352 et
2864 5294 3001 5367 quod
3032 5292 3327 5348 secundum
3347 5283 3677 5346 consului.

2225 5388 2399 5449 deest,
2430 5386 2686 5439 secretius
2712 5385 2897 5455 jnbeat
2924 5384 3232 5438 ministrari.
3254 5383 3505 5440 Sedeoles
3523 5374 3575 5434 ad
3592 5385 3677 5429 ιβ’

2228 5493 2340 5530 sam
2375 5476 2652 5532 lectionem
2683 5493 2802 5546 qua:
2829 5476 3022 5545 legitur
3059 5490 3179 5529 cum
3222 5475 3438 5532 silentio
3460 5458 3677 5527 ιοᾶιιιεί

2232 5584 2348 5622 vert
2387 5567 2614 5623 defuerit
2644 5583 2868 5639 persona
2899 5567 3142 5631 lectoris,
3187 5568 3253 5622 ad
3300 5569 3464 5622 instar
3494 5558 3579 5619 cii
3608 5570 3675 5609 ν

2229 5676 2433 5716 ciarum
2467 5661 2857 5729 Scripturarum
2882 5658 3154 5715 meditatio
3178 5650 3685 5714 mminetlrzuoﬂ

2227 5765 2426 5808 tantum
2457 5770 2651 5823 corpus
2676 5752 2921 5821 accipiat,
2951 5754 3044 5811 sed
3074 5762 3131 5810 et
3161 5752 3329 5809 Verbo
3351 5744 3679 5810 Deis-'3’

2224 5858 2369 5901 catur
2394 5846 2657 5901 esuriens.
2705 5847 3043 5902 Orationibus
3074 5858 3264 5901 vacat:
3293 5844 3440 5901 boris
3476 5848 3525 5897 et
3554 5844 3629 5897 Ι

1705 6094 1753 6126 ρ
