  <div class='ocr_page' id='page_1' title='image "/cluster/home/n/w/nwhite01/storage/ocr_20150623/65-66/uva.x000827080/1010.png"; bbox 0 0 3804 6364; ppageno 0'>
   <div class='ocr_carea' id='block_1_1' title="bbox 93 421 182 479">
    <p class='ocr_par' dir='ltr' id='par_1_1' title="bbox 93 421 182 479">
     <span class='ocr_line' id='line_1_1' title="bbox 93 421 182 479; baseline -0.022 -1"><span class='ocrx_word' id='word_1_1' title='bbox 93 421 182 479; x_wconf 71' lang='grc' dir='ltr'><strong>υκι</strong></span> 
     </span>
    </p>
   </div>
   <div class='ocr_carea' id='block_1_2' title="bbox 1289 424 2091 486">
    <p class='ocr_par' dir='ltr' id='par_1_2' title="bbox 1289 424 2091 486">
     <span class='ocr_line' id='line_1_2' title="bbox 1289 424 2091 486; baseline 0.007 -7"><span class='ocrx_word' id='word_1_2' title='bbox 1289 424 1565 481; x_wconf 62' lang='grc' dir='ltr'><strong>ΒιῗίὶυΙΛ</strong></span> <span class='ocrx_word' id='word_1_3' title='bbox 1602 424 2091 486; x_wconf 63' lang='lat' dir='ltr'><strong>TARNATENSIS.</strong></span> 
     </span>
    </p>
   </div>
   <div class='ocr_carea' id='block_1_3' title="bbox 3198 432 3309 485">
    <p class='ocr_par' dir='ltr' id='par_1_3' title="bbox 3198 432 3309 485">
     <span class='ocr_line' id='line_1_3' title="bbox 3198 432 3309 485; baseline 0 0"><span class='ocrx_word' id='word_1_4' title='bbox 3198 432 3265 485; x_wconf 63' lang='lat'><strong>9?!</strong></span> <span class='ocrx_word' id='word_1_5' title='bbox 3276 434 3309 485; x_wconf 68' lang='grc' dir='ltr'><em>ἒ</em></span> 
     </span>
    </p>
   </div>
   <div class='ocr_carea' id='block_1_4' title="bbox 94 533 3306 615">
    <p class='ocr_par' dir='ltr' id='par_1_4' title="bbox 94 533 3306 615">
     <span class='ocr_line' id='line_1_4' title="bbox 94 533 3306 615; baseline 0.001 -24"><span class='ocrx_word' id='word_1_6' title='bbox 94 540 237 591; x_wconf 80' lang='lat' dir='ltr'><strong>ribus</strong></span> <span class='ocrx_word' id='word_1_7' title='bbox 261 535 535 600; x_wconf 64' lang='lat' dir='ltr'><strong>institutis,</strong></span> <span class='ocrx_word' id='word_1_8' title='bbox 598 533 814 606; x_wconf 76' lang='lat' dir='ltr'><strong>psalmis</strong></span> <span class='ocrx_word' id='word_1_9' title='bbox 859 544 912 589; x_wconf 82' lang='lat' dir='ltr'><strong>et</strong></span> <span class='ocrx_word' id='word_1_10' title='bbox 964 534 1176 606; x_wconf 79' lang='lat' dir='ltr'><strong>hymnis</strong></span> <span class='ocrx_word' id='word_1_11' title='bbox 1220 550 1341 591; x_wconf 87' lang='lat' dir='ltr'><strong>cum</strong></span> <span class='ocrx_word' id='word_1_12' title='bbox 1387 534 1640 590; x_wconf 85' lang='lat' dir='ltr'><strong>Dominus</strong></span> <span class='ocrx_word' id='word_1_13' title='bbox 1668 542 1713 594; x_wconf 76' lang='grc' dir='ltr'>Α</span> <span class='ocrx_word' id='word_1_14' title='bbox 1742 538 2018 605; x_wconf 80' lang='lat' dir='ltr'><strong>exemplo,</strong></span> <span class='ocrx_word' id='word_1_15' title='bbox 2065 539 2261 610; x_wconf 86' lang='lat' dir='ltr'><strong>quique</strong></span> <span class='ocrx_word' id='word_1_16' title='bbox 2291 540 2682 613; x_wconf 82' lang='lat' dir='ltr'><strong>eleemosynam</strong></span> <span class='ocrx_word' id='word_1_17' title='bbox 2719 546 3041 601; x_wconf 80' lang='lat' dir='ltr'><strong>monasterio</strong></span> <span class='ocrx_word' id='word_1_18' title='bbox 3084 547 3306 615; x_wconf 67' lang='lat' dir='ltr'><strong>deptuz..-</strong></span> 
     </span>
    </p>
   </div>
   <div class='ocr_carea' id='block_1_5' title="bbox 92 627 1645 705">
    <p class='ocr_par' dir='ltr' id='par_1_5' title="bbox 92 627 1645 705">
     <span class='ocr_line' id='line_1_5' title="bbox 92 627 1645 705; baseline -0.001 -22"><span class='ocrx_word' id='word_1_19' title='bbox 92 640 358 687; x_wconf 77' lang='lat' dir='ltr'><strong>exoratur.</strong></span> <span class='ocrx_word' id='word_1_20' title='bbox 396 643 457 683; x_wconf 88' lang='lat' dir='ltr'><strong>ea</strong></span> <span class='ocrx_word' id='word_1_21' title='bbox 502 629 805 698; x_wconf 81' lang='lat' dir='ltr'><strong>plantentur</strong></span> <span class='ocrx_word' id='word_1_22' title='bbox 836 627 887 681; x_wconf 92' lang='lat' dir='ltr'><strong>in</strong></span> <span class='ocrx_word' id='word_1_23' title='bbox 917 627 1110 690; x_wconf 88' lang='lat' dir='ltr'><strong>corde,</strong></span> <span class='ocrx_word' id='word_1_24' title='bbox 1152 643 1270 697; x_wconf 65' lang='lat' dir='ltr'><strong>quae</strong></span> <span class='ocrx_word' id='word_1_25' title='bbox 1296 627 1645 705; x_wconf 77' lang='lat' dir='ltr'><strong>proferuntur</strong></span> 
     </span>
    </p>
   </div>
   <div class='ocr_carea' id='block_1_6' title="bbox 95 719 1647 783">
    <p class='ocr_par' dir='ltr' id='par_1_6' title="bbox 95 719 1647 783">
     <span class='ocr_line' id='line_1_6' title="bbox 95 719 1647 783; baseline -0.001 -11"><span class='ocrx_word' id='word_1_26' title='bbox 95 720 147 773; x_wconf 84' lang='lat' dir='ltr'><strong>in</strong></span> <span class='ocrx_word' id='word_1_27' title='bbox 170 735 316 775; x_wconf 86' lang='lat' dir='ltr'><strong>voce.</strong></span> <span class='ocrx_word' id='word_1_28' title='bbox 348 722 538 775; x_wconf 74' lang='lat' dir='ltr'><strong>Arator</strong></span> <span class='ocrx_word' id='word_1_29' title='bbox 554 720 743 773; x_wconf 84' lang='lat' dir='ltr'><strong>stivam</strong></span> <span class='ocrx_word' id='word_1_30' title='bbox 768 728 952 774; x_wconf 90' lang='lat' dir='ltr'><strong>tenens</strong></span> <span class='ocrx_word' id='word_1_31' title='bbox 975 719 1203 775; x_wconf 79' lang='lat' dir='ltr'><strong>Alleluia</strong></span> <span class='ocrx_word' id='word_1_32' title='bbox 1226 729 1423 783; x_wconf 89' lang='lat' dir='ltr'><strong>cantet;</strong></span> <span class='ocrx_word' id='word_1_33' title='bbox 1450 721 1647 774; x_wconf 87' lang='lat' dir='ltr'><strong>sudans</strong></span> 
     </span>
    </p>
   </div>
   <div class='ocr_carea' id='block_1_7' title="bbox 96 809 1646 881">
    <p class='ocr_par' dir='ltr' id='par_1_7' title="bbox 96 809 1646 881">
     <span class='ocr_line' id='line_1_7' title="bbox 96 809 1646 881; baseline 0 -16"><span class='ocrx_word' id='word_1_34' title='bbox 96 825 299 865; x_wconf 42' lang='lat' dir='ltr'><strong>messor</strong></span> <span class='ocrx_word' id='word_1_35' title='bbox 326 812 542 881; x_wconf 78' lang='lat' dir='ltr'><strong>psalmis</strong></span> <span class='ocrx_word' id='word_1_36' title='bbox 568 826 627 865; x_wconf 89' lang='lat' dir='ltr'><strong>se</strong></span> <span class='ocrx_word' id='word_1_37' title='bbox 653 820 866 875; x_wconf 77' lang='lat' dir='ltr'><strong>avocet;</strong></span> <span class='ocrx_word' id='word_1_38' title='bbox 893 820 946 864; x_wconf 90' lang='lat' dir='ltr'><strong>et</strong></span> <span class='ocrx_word' id='word_1_39' title='bbox 980 809 1104 864; x_wconf 91' lang='lat' dir='ltr'><strong>dum</strong></span> <span class='ocrx_word' id='word_1_40' title='bbox 1135 812 1401 879; x_wconf 87' lang='lat' dir='ltr'><strong>palmitem</strong></span> <span class='ocrx_word' id='word_1_41' title='bbox 1427 826 1646 865; x_wconf 87' lang='lat' dir='ltr'><strong>curvum</strong></span> 
     </span>
    </p>
   </div>
   <div class='ocr_carea' id='block_1_8' title="bbox 98 903 1649 972">
    <p class='ocr_par' dir='ltr' id='par_1_8' title="bbox 98 903 1649 972">
     <span class='ocr_line' id='line_1_8' title="bbox 98 903 1649 972; baseline 0.001 -14"><span class='ocrx_word' id='word_1_42' title='bbox 98 903 280 960; x_wconf 85' lang='lat' dir='ltr'><strong>tondet</strong></span> <span class='ocrx_word' id='word_1_43' title='bbox 308 905 501 959; x_wconf 89' lang='lat' dir='ltr'><strong>vinitor</strong></span> <span class='ocrx_word' id='word_1_44' title='bbox 530 903 698 967; x_wconf 65' lang='grc' dir='ltr'><strong>[εδει-ε,</strong></span> <span class='ocrx_word' id='word_1_45' title='bbox 739 904 937 972; x_wconf 83' lang='lat' dir='ltr'><strong>aliquid</strong></span> <span class='ocrx_word' id='word_1_46' title='bbox 982 903 1287 958; x_wconf 88' lang='lat' dir='ltr'><strong>Davidicum</strong></span> <span class='ocrx_word' id='word_1_47' title='bbox 1318 912 1494 958; x_wconf 87' lang='lat' dir='ltr'><strong>canat.</strong></span> <span class='ocrx_word' id='word_1_48' title='bbox 1526 904 1649 959; x_wconf 67' lang='lat' dir='ltr'><strong>Haec</strong></span> 
     </span>
    </p>
   </div>
   <div class='ocr_carea' id='block_1_9' title="bbox 96 995 1649 1065">
    <p class='ocr_par' dir='ltr' id='par_1_9' title="bbox 96 995 1649 1065">
     <span class='ocr_line' id='line_1_9' title="bbox 96 995 1649 1065; baseline 0 -17"><span class='ocrx_word' id='word_1_49' title='bbox 96 996 198 1048; x_wconf 83' lang='lat' dir='ltr'><strong>sint</strong></span> <span class='ocrx_word' id='word_1_50' title='bbox 223 1005 395 1049; x_wconf 83' lang='lat' dir='ltr'><strong>vestra</strong></span> <span class='ocrx_word' id='word_1_51' title='bbox 426 995 656 1048; x_wconf 67' lang='lat' dir='ltr'><strong>armilla</strong></span> <span class='ocrx_word' id='word_1_52' title='bbox 678 1012 699 1059; x_wconf 86' lang='lat'><strong>;</strong></span> <span class='ocrx_word' id='word_1_53' title='bbox 740 995 881 1060; x_wconf 66' lang='lat' dir='ltr'><strong>haec,</strong></span> <span class='ocrx_word' id='word_1_54' title='bbox 912 1003 970 1049; x_wconf 91' lang='lat' dir='ltr'><strong>ut</strong></span> <span class='ocrx_word' id='word_1_55' title='bbox 1000 995 1155 1065; x_wconf 83' lang='lat' dir='ltr'><strong>vulgo</strong></span> <span class='ocrx_word' id='word_1_56' title='bbox 1181 996 1349 1060; x_wconf 84' lang='lat' dir='ltr'><strong>aiunt,</strong></span> <span class='ocrx_word' id='word_1_57' title='bbox 1380 998 1649 1049; x_wconf 76' lang='lat' dir='ltr'><strong>amatoria:</strong></span> 
     </span>
    </p>
   </div>
   <div class='ocr_carea' id='block_1_10' title="bbox 96 1083 1667 1153">
    <p class='ocr_par' dir='ltr' id='par_1_10' title="bbox 96 1083 1667 1153">
     <span class='ocr_line' id='line_1_10' title="bbox 96 1083 1667 1153; baseline 0.001 -16"><span class='ocrx_word' id='word_1_58' title='bbox 96 1083 405 1139; x_wconf 81' lang='lat' dir='ltr'><strong>cautiones:</strong></span> <span class='ocrx_word' id='word_1_59' title='bbox 436 1084 541 1139; x_wconf 72' lang='lat' dir='ltr'><strong>btet</strong></span> <span class='ocrx_word' id='word_1_60' title='bbox 576 1094 841 1153; x_wconf 76' lang='lat' dir='ltr'><strong>pastorum</strong></span> <span class='ocrx_word' id='word_1_61' title='bbox 879 1085 1099 1149; x_wconf 86' lang='lat' dir='ltr'><strong>sibilus;</strong></span> <span class='ocrx_word' id='word_1_62' title='bbox 1142 1084 1256 1138; x_wconf 72' lang='lat' dir='ltr'><strong>haec</strong></span> <span class='ocrx_word' id='word_1_63' title='bbox 1277 1084 1667 1139; x_wconf 63' lang='lat' dir='ltr'><strong>instrumenta</strong></span> 
     </span>
    </p>
   </div>
   <div class='ocr_carea' id='block_1_11' title="bbox 95 1166 1645 1246">
    <p class='ocr_par' dir='ltr' id='par_1_11' title="bbox 95 1166 1645 1246">
     <span class='ocr_line' id='line_1_11' title="bbox 95 1166 1645 1246; baseline -0.001 -16"><span class='ocrx_word' id='word_1_64' title='bbox 95 1175 334 1231; x_wconf 65' lang='lat' dir='ltr'><strong>culturae.</strong></span> <span class='ocrx_word' id='word_1_65' title='bbox 367 1176 442 1231; x_wconf 90' lang='lat' dir='ltr'><strong>De</strong></span> <span class='ocrx_word' id='word_1_66' title='bbox 481 1177 585 1240; x_wconf 88' lang='lat' dir='ltr'><strong>his,</strong></span> <span class='ocrx_word' id='word_1_67' title='bbox 617 1191 735 1246; x_wconf 68' lang='lat' dir='ltr'><strong>qua:</strong></span> <span class='ocrx_word' id='word_1_68' title='bbox 782 1175 939 1245; x_wconf 81' lang='lat' dir='ltr'><strong>hujus</strong></span> <span class='ocrx_word' id='word_1_69' title='bbox 967 1175 1148 1230; x_wconf 61' lang='lat' dir='ltr'><strong>saeculi</strong></span> <span class='ocrx_word' id='word_1_70' title='bbox 1196 1166 1445 1229; x_wconf 74' lang='lat' dir='ltr'><strong>homines</strong></span> <span class='ocrx_word' id='word_1_71' title='bbox 1464 1183 1645 1246; x_wconf 89' lang='lat' dir='ltr'><strong>agunt,</strong></span> 
     </span>
    </p>
   </div>
   <div class='ocr_carea' id='block_1_12' title="bbox 99 1264 1649 1331">
    <p class='ocr_par' dir='ltr' id='par_1_12' title="bbox 99 1264 1649 1331">
     <span class='ocr_line' id='line_1_12' title="bbox 99 1264 1649 1331; baseline -0.001 -10"><span class='ocrx_word' id='word_1_72' title='bbox 99 1269 229 1322; x_wconf 82' lang='lat' dir='ltr'><strong>nihil</strong></span> <span class='ocrx_word' id='word_1_73' title='bbox 261 1283 401 1323; x_wconf 72' lang='lat' dir='ltr'><strong>cura:</strong></span> <span class='ocrx_word' id='word_1_74' title='bbox 428 1266 499 1321; x_wconf 85' lang='lat' dir='ltr'><strong>sit</strong></span> <span class='ocrx_word' id='word_1_75' title='bbox 530 1266 824 1331; x_wconf 80' lang='lat' dir='ltr'><strong>monachis;</strong></span> <span class='ocrx_word' id='word_1_76' title='bbox 856 1265 950 1321; x_wconf 88' lang='lat' dir='ltr'><strong>sed</strong></span> <span class='ocrx_word' id='word_1_77' title='bbox 966 1265 1250 1320; x_wconf 81' lang='lat' dir='ltr'><strong>meditatio</strong></span> <span class='ocrx_word' id='word_1_78' title='bbox 1269 1264 1445 1319; x_wconf 81' lang='lat' dir='ltr'><strong>cordis</strong></span> <span class='ocrx_word' id='word_1_79' title='bbox 1465 1280 1649 1320; x_wconf 89' lang='lat' dir='ltr'><strong>eorum</strong></span> 
     </span>
    </p>
   </div>
   <div class='ocr_carea' id='block_1_13' title="bbox 98 1356 955 1413">
    <p class='ocr_par' dir='ltr' id='par_1_13' title="bbox 98 1356 955 1413">
     <span class='ocr_line' id='line_1_13' title="bbox 98 1356 955 1413; baseline -0.005 -2"><span class='ocrx_word' id='word_1_80' title='bbox 98 1357 150 1411; x_wconf 86' lang='lat' dir='ltr'><strong>in</strong></span> <span class='ocrx_word' id='word_1_81' title='bbox 195 1360 385 1413; x_wconf 83' lang='lat' dir='ltr'><strong>timore</strong></span> <span class='ocrx_word' id='word_1_82' title='bbox 411 1357 622 1412; x_wconf 86' lang='lat' dir='ltr'><strong>Domini</strong></span> <span class='ocrx_word' id='word_1_83' title='bbox 648 1358 716 1411; x_wconf 85' lang='lat' dir='ltr'><strong>sit</strong></span> <span class='ocrx_word' id='word_1_84' title='bbox 738 1356 955 1410; x_wconf 90' lang='lat' dir='ltr'><strong>intenta.</strong></span> 
     </span>
    </p>
   </div>
   <div class='ocr_carea' id='block_1_14' title="bbox 166 1444 1652 1517">
    <p class='ocr_par' dir='ltr' id='par_1_14' title="bbox 166 1444 1652 1517">
     <span class='ocr_line' id='line_1_14' title="bbox 166 1444 1652 1517; baseline -0.005 -14"><span class='ocrx_word' id='word_1_85' title='bbox 166 1449 297 1505; x_wconf 73' lang='lat' dir='ltr'><strong>Car.</strong></span> <span class='ocrx_word' id='word_1_86' title='bbox 331 1465 404 1503; x_wconf 76' lang='lat' dir='ltr'><strong>ix.</strong></span> <span class='ocrx_word' id='word_1_87' title='bbox 434 1448 589 1504; x_wconf 77' lang='lat' dir='ltr'><strong>Omni</strong></span> <span class='ocrx_word' id='word_1_88' title='bbox 616 1461 853 1517; x_wconf 88' lang='lat' dir='ltr'><strong>tempore</strong></span> <span class='ocrx_word' id='word_1_89' title='bbox 878 1446 1084 1501; x_wconf 89' lang='lat' dir='ltr'><strong>duabus</strong></span> <span class='ocrx_word' id='word_1_90' title='bbox 1123 1446 1272 1500; x_wconf 87' lang='lat' dir='ltr'><strong>horis</strong></span> <span class='ocrx_word' id='word_1_91' title='bbox 1301 1446 1352 1500; x_wconf 91' lang='lat' dir='ltr'><strong>in</strong></span> <span class='ocrx_word' id='word_1_92' title='bbox 1380 1445 1465 1500; x_wconf 89' lang='lat' dir='ltr'><strong>die</strong></span> <span class='ocrx_word' id='word_1_93' title='bbox 1492 1444 1652 1512; x_wconf 85' lang='lat' dir='ltr'><strong>Spiri-</strong></span> 
     </span>
    </p>
   </div>
   <div class='ocr_carea' id='block_1_15' title="bbox 101 1538 1656 1606">
    <p class='ocr_par' dir='ltr' id='par_1_15' title="bbox 101 1538 1656 1606">
     <span class='ocr_line' id='line_1_15' title="bbox 101 1538 1656 1606; baseline -0.003 -11"><span class='ocrx_word' id='word_1_94' title='bbox 101 1542 229 1596; x_wconf 88' lang='lat' dir='ltr'><strong>tuali</strong></span> <span class='ocrx_word' id='word_1_95' title='bbox 277 1540 602 1595; x_wconf 83' lang='lat' dir='ltr'><strong>meditationi</strong></span> <span class='ocrx_word' id='word_1_96' title='bbox 652 1539 926 1593; x_wconf 87' lang='lat' dir='ltr'><strong>vacabunt.</strong></span> <span class='ocrx_word' id='word_1_97' title='bbox 968 1538 1193 1594; x_wconf 63' lang='lat' dir='ltr'><strong>Eslatis</strong></span> <span class='ocrx_word' id='word_1_98' title='bbox 1238 1552 1369 1591; x_wconf 83' lang='lat' dir='ltr'><strong>vero</strong></span> <span class='ocrx_word' id='word_1_99' title='bbox 1421 1547 1656 1606; x_wconf 89' lang='lat' dir='ltr'><strong>tempore</strong></span> 
     </span>
    </p>
   </div>
   <div class='ocr_carea' id='block_1_16' title="bbox 102 1630 1657 1699">
    <p class='ocr_par' dir='ltr' id='par_1_16' title="bbox 102 1630 1657 1699">
     <span class='ocr_line' id='line_1_16' title="bbox 102 1630 1657 1699; baseline -0.002 -14"><span class='ocrx_word' id='word_1_100' title='bbox 102 1633 378 1686; x_wconf 88' lang='lat' dir='ltr'><strong>matutinis</strong></span> <span class='ocrx_word' id='word_1_101' title='bbox 406 1645 469 1684; x_wconf 80' lang='lat' dir='ltr'><strong>ex</strong></span> <span class='ocrx_word' id='word_1_102' title='bbox 497 1645 645 1684; x_wconf 91' lang='lat' dir='ltr'><strong>more</strong></span> <span class='ocrx_word' id='word_1_103' title='bbox 669 1631 979 1699; x_wconf 75' lang='lat' dir='ltr'><strong>completis,</strong></span> <span class='ocrx_word' id='word_1_104' title='bbox 1007 1640 1061 1684; x_wconf 88' lang='lat' dir='ltr'><strong>et</strong></span> <span class='ocrx_word' id='word_1_105' title='bbox 1079 1630 1250 1698; x_wconf 87' lang='lat' dir='ltr'><strong>prima</strong></span> <span class='ocrx_word' id='word_1_106' title='bbox 1274 1630 1412 1683; x_wconf 86' lang='lat' dir='ltr'><strong>dicta</strong></span> <span class='ocrx_word' id='word_1_107' title='bbox 1428 1637 1657 1695; x_wconf 86' lang='lat' dir='ltr'><strong>,‘omnes</strong></span> 
     </span>
    </p>
   </div>
   <div class='ocr_carea' id='block_1_17' title="bbox 102 1718 1661 1792">
    <p class='ocr_par' dir='ltr' id='par_1_17' title="bbox 102 1718 1661 1792">
     <span class='ocr_line' id='line_1_17' title="bbox 102 1718 1661 1792; baseline -0.004 -15"><span class='ocrx_word' id='word_1_108' title='bbox 102 1738 264 1792; x_wconf 83' lang='lat' dir='ltr'><strong>opera</strong></span> <span class='ocrx_word' id='word_1_109' title='bbox 311 1737 427 1791; x_wconf 70' lang='lat' dir='ltr'><strong>qua:</strong></span> <span class='ocrx_word' id='word_1_110' title='bbox 449 1720 705 1790; x_wconf 87' lang='lat' dir='ltr'><strong>jubentur</strong></span> <span class='ocrx_word' id='word_1_111' title='bbox 757 1728 1049 1774; x_wconf 80' lang='lat' dir='ltr'><strong>assumant.</strong></span> <span class='ocrx_word' id='word_1_112' title='bbox 1089 1718 1290 1772; x_wconf 82' lang='lat' dir='ltr'><strong>Deinde</strong></span> <span class='ocrx_word' id='word_1_113' title='bbox 1340 1718 1661 1774; x_wconf 62' lang='lat' dir='ltr'><strong>tertfi‘cele-</strong></span> 
     </span>
    </p>
   </div>
   <div class='ocr_carea' id='block_1_18' title="bbox 103 1810 1661 1882">
    <p class='ocr_par' dir='ltr' id='par_1_18' title="bbox 103 1810 1661 1882">
     <span class='ocr_line' id='line_1_18' title="bbox 103 1810 1661 1882; baseline -0.006 -13"><span class='ocrx_word' id='word_1_114' title='bbox 103 1817 288 1881; x_wconf 87' lang='lat' dir='ltr'><strong>brata,</strong></span> <span class='ocrx_word' id='word_1_115' title='bbox 320 1814 383 1868; x_wconf 85' lang='lat' dir='ltr'><strong>ad</strong></span> <span class='ocrx_word' id='word_1_116' title='bbox 423 1813 750 1881; x_wconf 73' lang='lat' dir='ltr'><strong>expedienda</strong></span> <span class='ocrx_word' id='word_1_117' title='bbox 793 1828 910 1882; x_wconf 77' lang='lat' dir='ltr'><strong>quae</strong></span> <span class='ocrx_word' id='word_1_118' title='bbox 941 1819 1182 1880; x_wconf 80' lang='lat' dir='ltr'><strong>suscepta</strong></span> <span class='ocrx_word' id='word_1_119' title='bbox 1214 1810 1438 1876; x_wconf 88' lang='lat' dir='ltr'><strong>fuerant,</strong></span> <span class='ocrx_word' id='word_1_120' title='bbox 1483 1824 1661 1865; x_wconf 83' lang='lat' dir='ltr'><strong>rever-</strong></span> 
     </span>
    </p>
   </div>
   <div class='ocr_carea' id='block_1_19' title="bbox 1745 627 3302 703">
    <p class='ocr_par' dir='ltr' id='par_1_19' title="bbox 1745 627 3302 703">
     <span class='ocr_line' id='line_1_19' title="bbox 1745 627 3302 703; baseline 0.008 -26"><span class='ocrx_word' id='word_1_121' title='bbox 1745 634 1872 691; x_wconf 88' lang='lat' dir='ltr'><strong>tam,</strong></span> <span class='ocrx_word' id='word_1_122' title='bbox 1906 627 1984 682; x_wconf 72' lang='lat' dir='ltr'><strong>vel</strong></span> <span class='ocrx_word' id='word_1_123' title='bbox 2015 643 2077 684; x_wconf 91' lang='lat' dir='ltr'><strong>ea</strong></span> <span class='ocrx_word' id='word_1_124' title='bbox 2106 645 2224 699; x_wconf 71' lang='lat' dir='ltr'><strong>qua:</strong></span> <span class='ocrx_word' id='word_1_125' title='bbox 2244 645 2274 685; x_wconf 92' lang='lat' dir='ltr'><strong>a</strong></span> <span class='ocrx_word' id='word_1_126' title='bbox 2300 632 2549 687; x_wconf 78' lang='lat' dir='ltr'><strong>fratribus</strong></span> <span class='ocrx_word' id='word_1_127' title='bbox 2575 633 2918 703; x_wconf 85' lang='lat' dir='ltr'><strong>colliguntur.</strong></span> <span class='ocrx_word' id='word_1_128' title='bbox 2947 653 3153 691; x_wconf 86' lang='lat' dir='ltr'><strong>summa</strong></span> <span class='ocrx_word' id='word_1_129' title='bbox 3179 654 3302 690; x_wconf 74' lang='lat' dir='ltr'><strong>cura</strong></span> 
     </span>
    </p>
   </div>
   <div class='ocr_carea' id='block_1_20' title="bbox 1745 717 3301 803">
    <p class='ocr_par' dir='ltr' id='par_1_20' title="bbox 1745 717 3301 803">
     <span class='ocr_line' id='line_1_20' title="bbox 1745 717 3301 803; baseline 0.003 -35"><span class='ocrx_word' id='word_1_130' title='bbox 1745 728 1843 783; x_wconf 89' lang='lat' dir='ltr'><strong>pro</strong></span> <span class='ocrx_word' id='word_1_131' title='bbox 1875 717 2080 771; x_wconf 89' lang='lat' dir='ltr'><strong>Domini</strong></span> <span class='ocrx_word' id='word_1_132' title='bbox 2108 720 2300 803; x_wconf 80' lang='lat' dir='ltr'><strong>timore</strong></span> <span class='ocrx_word' id='word_1_133' title='bbox 2325 733 2661 779; x_wconf 81' lang='lat' dir='ltr'><strong>conservent.</strong></span> <span class='ocrx_word' id='word_1_134' title='bbox 2686 723 2821 791; x_wconf 85' lang='lat' dir='ltr'><strong>Quia</strong></span> <span class='ocrx_word' id='word_1_135' title='bbox 2847 726 2890 777; x_wconf 91' lang='lat' dir='ltr'><strong>si</strong></span> <span class='ocrx_word' id='word_1_136' title='bbox 2914 727 3167 779; x_wconf 55' lang='lat' dir='ltr'><strong>crediiant</strong></span> <span class='ocrx_word' id='word_1_137' title='bbox 3201 727 3301 777; x_wconf 63' lang='lat' dir='ltr'><strong>sill.</strong></span> 
     </span>
    </p>
   </div>
   <div class='ocr_carea' id='block_1_21' title="bbox 1746 808 3299 883">
    <p class='ocr_par' dir='ltr' id='par_1_21' title="bbox 1746 808 3299 883">
     <span class='ocr_line' id='line_1_21' title="bbox 1746 808 3299 883; baseline 0.004 -24"><span class='ocrx_word' id='word_1_138' title='bbox 1746 808 2061 864; x_wconf 87' lang='lat' dir='ltr'><strong>famulorum</strong></span> <span class='ocrx_word' id='word_1_139' title='bbox 2117 810 2208 865; x_wconf 89' lang='lat' dir='ltr'><strong>Dei</strong></span> <span class='ocrx_word' id='word_1_140' title='bbox 2247 813 2467 883; x_wconf 83' lang='lat' dir='ltr'><strong>negligit</strong></span> <span class='ocrx_word' id='word_1_141' title='bbox 2496 829 2713 869; x_wconf 78' lang='lat' dir='ltr'><strong>serVare</strong></span> <span class='ocrx_word' id='word_1_142' title='bbox 2746 816 3130 877; x_wconf 61' lang='lat' dir='ltr'><strong>substantiam,</strong></span> <span class='ocrx_word' id='word_1_143' title='bbox 3169 818 3299 869; x_wconf 79' lang='lat' dir='ltr'><strong>sicut</strong></span> 
     </span>
    </p>
   </div>
   <div class='ocr_carea' id='block_1_22' title="bbox 1748 896 3300 976">
    <p class='ocr_par' dir='ltr' id='par_1_22' title="bbox 1748 896 3300 976">
     <span class='ocr_line' id='line_1_22' title="bbox 1748 896 3300 976; baseline 0.004 -25"><span class='ocrx_word' id='word_1_144' title='bbox 1748 896 1821 952; x_wconf 86' lang='lat' dir='ltr'><strong>ait</strong></span> <span class='ocrx_word' id='word_1_145' title='bbox 1842 900 2052 968; x_wconf 77' lang='lat' dir='ltr'><strong>quidam</strong></span> <span class='ocrx_word' id='word_1_146' title='bbox 2084 902 2295 957; x_wconf 82' lang='lat' dir='ltr'><strong>Patrum</strong></span> <span class='ocrx_word' id='word_1_147' title='bbox 2316 945 2331 967; x_wconf 84' lang='lat'><em>.</em></span> <span class='ocrx_word' id='word_1_148' title='bbox 2368 905 2510 958; x_wconf 66' lang='lat' dir='ltr'><strong>laedit</strong></span> <span class='ocrx_word' id='word_1_149' title='bbox 2532 905 2719 968; x_wconf 84' lang='lat' dir='ltr'><strong>Deum,</strong></span> <span class='ocrx_word' id='word_1_150' title='bbox 2749 914 2805 958; x_wconf 91' lang='lat' dir='ltr'><strong>et</strong></span> <span class='ocrx_word' id='word_1_151' title='bbox 2829 906 3139 976; x_wconf 56' lang='lat' dir='ltr'><strong>dispergi-ns</strong></span> <span class='ocrx_word' id='word_1_152' title='bbox 3164 923 3300 965; x_wconf 80' lang='lat' dir='ltr'><strong>Cum,</strong></span> 
     </span>
    </p>
   </div>
   <div class='ocr_carea' id='block_1_23' title="bbox 1749 982 3272 1071">
    <p class='ocr_par' dir='ltr' id='par_1_23' title="bbox 1749 982 3272 1071">
     <span class='ocr_line' id='line_1_23' title="bbox 1749 982 3272 1071; baseline 0.003 -28"><span class='ocrx_word' id='word_1_153' title='bbox 1749 990 2009 1046; x_wconf 85' lang='lat' dir='ltr'><strong>rationem</strong></span> <span class='ocrx_word' id='word_1_154' title='bbox 2032 1003 2115 1048; x_wconf 89' lang='lat' dir='ltr'><strong>est</strong></span> <span class='ocrx_word' id='word_1_155' title='bbox 2137 982 2362 1050; x_wconf 91' lang='lat' dir='ltr'><strong>Domino</strong></span> <span class='ocrx_word' id='word_1_156' title='bbox 2384 994 2704 1051; x_wconf 83' lang='lat' dir='ltr'><strong>redditurus.</strong></span> <span class='ocrx_word' id='word_1_157' title='bbox 2729 1003 2855 1071; x_wconf 73' lang='lat' dir='ltr'><strong>Quae</strong></span> <span class='ocrx_word' id='word_1_158' title='bbox 2877 1012 3001 1051; x_wconf 89' lang='lat' dir='ltr'><strong>vero</strong></span> <span class='ocrx_word' id='word_1_159' title='bbox 3030 998 3156 1062; x_wconf 74' lang='lat' dir='ltr'><strong>ipsis</strong></span> <span class='ocrx_word' id='word_1_160' title='bbox 3188 998 3272 1049; x_wconf 79' lang='lat' dir='ltr'><strong>fm-</strong></span> 
     </span>
    </p>
   </div>
   <div class='ocr_carea' id='block_1_24' title="bbox 1752 1083 3306 1153">
    <p class='ocr_par' dir='ltr' id='par_1_24' title="bbox 1752 1083 3306 1153">
     <span class='ocr_line' id='line_1_24' title="bbox 1752 1083 3306 1153; baseline 0.002 -17"><span class='ocrx_word' id='word_1_161' title='bbox 1752 1083 1860 1137; x_wconf 92' lang='lat' dir='ltr'><strong>rint</strong></span> <span class='ocrx_word' id='word_1_162' title='bbox 1894 1099 1991 1153; x_wconf 88' lang='lat' dir='ltr'><strong>pro</strong></span> <span class='ocrx_word' id='word_1_163' title='bbox 2022 1085 2114 1140; x_wconf 92' lang='lat' dir='ltr'><strong>Dei</strong></span> <span class='ocrx_word' id='word_1_164' title='bbox 2144 1101 2329 1140; x_wconf 85' lang='lat' dir='ltr'><strong>arnore</strong></span> <span class='ocrx_word' id='word_1_165' title='bbox 2355 1088 2569 1152; x_wconf 88' lang='lat' dir='ltr'><strong>donata,</strong></span> <span class='ocrx_word' id='word_1_166' title='bbox 2615 1090 2665 1141; x_wconf 88' lang='lat' dir='ltr'><strong>itt</strong></span> <span class='ocrx_word' id='word_1_167' title='bbox 2695 1088 2966 1143; x_wconf 69' lang='lat' dir='ltr'><strong>oblatiove</strong></span> <span class='ocrx_word' id='word_1_168' title='bbox 3007 1089 3306 1141; x_wconf 73' lang='lat' dir='ltr'><strong>tnonasterti</strong></span> 
     </span>
    </p>
   </div>
   <div class='ocr_carea' id='block_1_25' title="bbox 1752 1173 3297 1246">
    <p class='ocr_par' dir='ltr' id='par_1_25' title="bbox 1752 1173 3297 1246">
     <span class='ocr_line' id='line_1_25' title="bbox 1752 1173 3297 1246; baseline 0.001 -19"><span class='ocrx_word' id='word_1_169' title='bbox 1752 1173 1999 1242; x_wconf 88' lang='lat' dir='ltr'><strong>adjuncta</strong></span> <span class='ocrx_word' id='word_1_170' title='bbox 2027 1177 2174 1230; x_wconf 91' lang='lat' dir='ltr'><strong>omni</strong></span> <span class='ocrx_word' id='word_1_171' title='bbox 2204 1178 2607 1246; x_wconf 82' lang='lat' dir='ltr'><strong>congregationi</strong></span> <span class='ocrx_word' id='word_1_172' title='bbox 2638 1178 2938 1246; x_wconf 79' lang='lat' dir='ltr'><strong>proficiant.</strong></span> <span class='ocrx_word' id='word_1_173' title='bbox 2972 1178 3069 1243; x_wconf 89' lang='lat' dir='ltr'><strong>Qui</strong></span> <span class='ocrx_word' id='word_1_174' title='bbox 3100 1188 3297 1242; x_wconf 25' lang='lat' dir='ltr'><strong>aposto:</strong></span> 
     </span>
    </p>
   </div>
   <div class='ocr_carea' id='block_1_26' title="bbox 1753 1265 3309 1336">
    <p class='ocr_par' dir='ltr' id='par_1_26' title="bbox 1753 1265 3309 1336">
     <span class='ocr_line' id='line_1_26' title="bbox 1753 1265 3309 1336; baseline 0.001 -18"><span class='ocrx_word' id='word_1_175' title='bbox 1753 1265 1908 1318; x_wconf 82' lang='lat' dir='ltr'><strong>licam</strong></span> <span class='ocrx_word' id='word_1_176' title='bbox 1941 1268 2100 1319; x_wconf 87' lang='lat' dir='ltr'><strong>vitam</strong></span> <span class='ocrx_word' id='word_1_177' title='bbox 2130 1276 2376 1335; x_wconf 83' lang='lat' dir='ltr'><strong>optamus</strong></span> <span class='ocrx_word' id='word_1_178' title='bbox 2398 1267 2624 1336; x_wconf 81' lang='lat' dir='ltr'><strong>eligere,</strong></span> <span class='ocrx_word' id='word_1_179' title='bbox 2653 1282 2748 1321; x_wconf 86' lang='lat' dir='ltr'><strong>cur</strong></span> <span class='ocrx_word' id='word_1_180' title='bbox 2775 1270 2923 1335; x_wconf 90' lang='lat' dir='ltr'><strong>qttasi</strong></span> <span class='ocrx_word' id='word_1_181' title='bbox 2955 1267 3162 1336; x_wconf 84' lang='lat' dir='ltr'><strong>propria</strong></span> <span class='ocrx_word' id='word_1_182' title='bbox 3193 1267 3309 1319; x_wconf 89' lang='lat' dir='ltr'><strong>vin-</strong></span> 
     </span>
    </p>
   </div>
   <div class='ocr_carea' id='block_1_27' title="bbox 1754 1352 3013 1425">
    <p class='ocr_par' dir='ltr' id='par_1_27' title="bbox 1754 1352 3013 1425">
     <span class='ocr_line' id='line_1_27' title="bbox 1754 1352 3013 1425; baseline 0.002 -15"><span class='ocrx_word' id='word_1_183' title='bbox 1754 1356 2016 1418; x_wconf 87' lang='lat' dir='ltr'><strong>dicemus,</strong></span> <span class='ocrx_word' id='word_1_184' title='bbox 2042 1372 2159 1423; x_wconf 75' lang='lat' dir='ltr'><strong>qua:</strong></span> <span class='ocrx_word' id='word_1_185' title='bbox 2190 1352 2436 1412; x_wconf 81' lang='lat' dir='ltr'><strong>novimus</strong></span> <span class='ocrx_word' id='word_1_186' title='bbox 2464 1360 2718 1412; x_wconf 86' lang='lat' dir='ltr'><strong>continuo</strong></span> <span class='ocrx_word' id='word_1_187' title='bbox 2744 1360 3013 1425; x_wconf 85' lang='lat' dir='ltr'><strong>peritura?</strong></span> 
     </span>
    </p>
   </div>
   <div class='ocr_carea' id='block_1_28' title="bbox 1827 1447 3315 1517">
    <p class='ocr_par' dir='ltr' id='par_1_28' title="bbox 1827 1447 3315 1517">
     <span class='ocr_line' id='line_1_28' title="bbox 1827 1447 3315 1517; baseline 0.003 -17"><span class='ocrx_word' id='word_1_188' title='bbox 1827 1447 1954 1500; x_wconf 65' lang='lat' dir='ltr'><strong>Car.</strong></span> <span class='ocrx_word' id='word_1_189' title='bbox 2006 1463 2099 1501; x_wconf 80' lang='lat' dir='ltr'><strong>xu.</strong></span> <span class='ocrx_word' id='word_1_190' title='bbox 2145 1448 2468 1502; x_wconf 85' lang='lat' dir='ltr'><strong>llortulanus</strong></span> <span class='ocrx_word' id='word_1_191' title='bbox 2517 1450 2589 1502; x_wconf 91' lang='lat' dir='ltr'><strong>ita</strong></span> <span class='ocrx_word' id='word_1_192' title='bbox 2634 1450 2794 1503; x_wconf 80' lang='lat' dir='ltr'><strong>debet</strong></span> <span class='ocrx_word' id='word_1_193' title='bbox 2848 1451 3118 1517; x_wconf 89' lang='lat' dir='ltr'><strong>constitui,</strong></span> <span class='ocrx_word' id='word_1_194' title='bbox 3166 1460 3220 1504; x_wconf 91' lang='grc' dir='ltr'><strong>ιιι</strong></span> <span class='ocrx_word' id='word_1_195' title='bbox 3262 1461 3315 1505; x_wconf 90' lang='lat' dir='ltr'><strong>et</strong></span> 
     </span>
    </p>
   </div>
   <div class='ocr_carea' id='block_1_29' title="bbox 1759 1538 3317 1608">
    <p class='ocr_par' dir='ltr' id='par_1_29' title="bbox 1759 1538 3317 1608">
     <span class='ocr_line' id='line_1_29' title="bbox 1759 1538 3317 1608; baseline 0.003 -17"><span class='ocrx_word' id='word_1_196' title='bbox 1759 1538 2027 1607; x_wconf 66' lang='lat' dir='ltr'><strong>praepositi</strong></span> <span class='ocrx_word' id='word_1_197' title='bbox 2054 1550 2107 1592; x_wconf 89' lang='lat' dir='ltr'><strong>et</strong></span> <span class='ocrx_word' id='word_1_198' title='bbox 2128 1540 2329 1594; x_wconf 91' lang='lat' dir='ltr'><strong>cellarii</strong></span> <span class='ocrx_word' id='word_1_199' title='bbox 2362 1541 2552 1593; x_wconf 68' lang='lat' dir='ltr'><strong>solatio</strong></span> <span class='ocrx_word' id='word_1_200' title='bbox 2596 1542 2923 1596; x_wconf 80' lang='lat' dir='ltr'><strong>sublevetur.</strong></span> <span class='ocrx_word' id='word_1_201' title='bbox 2956 1541 3019 1596; x_wconf 83' lang='lat' dir='ltr'><strong>Et</strong></span> <span class='ocrx_word' id='word_1_202' title='bbox 3057 1541 3178 1608; x_wconf 84' lang='lat' dir='ltr'><strong>quia</strong></span> <span class='ocrx_word' id='word_1_203' title='bbox 3207 1542 3317 1596; x_wconf 87' lang='lat' dir='ltr'><strong>ole-</strong></span> 
     </span>
    </p>
   </div>
   <div class='ocr_carea' id='block_1_30' title="bbox 1760 1630 3318 1701">
    <p class='ocr_par' dir='ltr' id='par_1_30' title="bbox 1760 1630 3318 1701">
     <span class='ocr_line' id='line_1_30' title="bbox 1760 1630 3318 1701; baseline 0.001 -17"><span class='ocrx_word' id='word_1_204' title='bbox 1760 1646 1875 1684; x_wconf 87' lang='lat' dir='ltr'><strong>rum</strong></span> <span class='ocrx_word' id='word_1_205' title='bbox 1921 1630 2194 1686; x_wconf 75' lang='lat' dir='ltr'><strong>beneﬁciis</strong></span> <span class='ocrx_word' id='word_1_206' title='bbox 2223 1632 2457 1685; x_wconf 74' lang='lat' dir='ltr'><strong>cellarite</strong></span> <span class='ocrx_word' id='word_1_207' title='bbox 2497 1632 2748 1700; x_wconf 86' lang='lat' dir='ltr'><strong>juvantur</strong></span> <span class='ocrx_word' id='word_1_208' title='bbox 2794 1648 3059 1701; x_wconf 56' lang='lat' dir='ltr'><strong>expensas,</strong></span> <span class='ocrx_word' id='word_1_209' title='bbox 3109 1643 3318 1700; x_wconf 75' lang='lat' dir='ltr'><strong>oportet</strong></span> 
     </span>
    </p>
   </div>
   <div class='ocr_carea' id='block_1_31' title="bbox 1760 1722 3319 1792">
    <p class='ocr_par' dir='ltr' id='par_1_31' title="bbox 1760 1722 3319 1792">
     <span class='ocr_line' id='line_1_31' title="bbox 1760 1722 3319 1792; baseline 0.001 -17"><span class='ocrx_word' id='word_1_210' title='bbox 1760 1736 1819 1775; x_wconf 85' lang='lat' dir='ltr'><strong>ut</strong></span> <span class='ocrx_word' id='word_1_211' title='bbox 1870 1722 2161 1776; x_wconf 87' lang='lat' dir='ltr'><strong>secundum</strong></span> <span class='ocrx_word' id='word_1_212' title='bbox 2212 1722 2663 1790; x_wconf 83' lang='lat' dir='ltr'><strong>dispensationem</strong></span> <span class='ocrx_word' id='word_1_213' title='bbox 2705 1723 2907 1778; x_wconf 77' lang='lat' dir='ltr'><strong>cellarii</strong></span> <span class='ocrx_word' id='word_1_214' title='bbox 2957 1726 3319 1792; x_wconf 77' lang='lat' dir='ltr'><strong>expenduntur</strong></span> 
     </span>
    </p>
   </div>
   <div class='ocr_carea' id='block_1_32' title="bbox 1765 1804 3321 1882">
    <p class='ocr_par' dir='ltr' id='par_1_32' title="bbox 1765 1804 3321 1882">
     <span class='ocr_line' id='line_1_32' title="bbox 1765 1804 3321 1882; baseline 0.001 -15"><span class='ocrx_word' id='word_1_215' title='bbox 1765 1813 1960 1881; x_wconf 60' lang='lat' dir='ltr'><strong>patitor</strong></span> <span class='ocrx_word' id='word_1_216' title='bbox 1998 1822 2053 1868; x_wconf 90' lang='lat' dir='ltr'><strong>et</strong></span> <span class='ocrx_word' id='word_1_217' title='bbox 2078 1813 2342 1867; x_wconf 88' lang='lat' dir='ltr'><strong>colantur.</strong></span> <span class='ocrx_word' id='word_1_218' title='bbox 2378 1804 2720 1868; x_wconf 82' lang='lat' dir='ltr'><strong>Ferramenta</strong></span> <span class='ocrx_word' id='word_1_219' title='bbox 2769 1829 2978 1882; x_wconf 76' lang='lat' dir='ltr'><strong>quoque</strong></span> <span class='ocrx_word' id='word_1_220' title='bbox 3025 1816 3221 1878; x_wconf 86' lang='lat' dir='ltr'><strong>omnia,</strong></span> <span class='ocrx_word' id='word_1_221' title='bbox 3269 1824 3321 1868; x_wconf 87' lang='lat' dir='ltr'><strong>ct</strong></span> 
     </span>
    </p>
   </div>
   <div class='ocr_carea' id='block_1_33' title="bbox 106 1898 3322 1975">
    <p class='ocr_par' dir='ltr' id='par_1_33' title="bbox 106 1898 3322 1975">
     <span class='ocr_line' id='line_1_33' title="bbox 106 1898 3322 1975; baseline 0 -19"><span class='ocrx_word' id='word_1_222' title='bbox 106 1914 322 1958; x_wconf 87' lang='lat' dir='ltr'><strong>tantur:</strong></span> <span class='ocrx_word' id='word_1_223' title='bbox 373 1918 469 1958; x_wconf 87' lang='lat' dir='ltr'><strong>nec</strong></span> <span class='ocrx_word' id='word_1_224' title='bbox 493 1902 846 1957; x_wconf 87' lang='lat' dir='ltr'><strong>collocutione</strong></span> <span class='ocrx_word' id='word_1_225' title='bbox 887 1916 1315 1971; x_wconf 86' lang='lat' dir='ltr'><strong>quarumcunque</strong></span> <span class='ocrx_word' id='word_1_226' title='bbox 1360 1898 1657 1953; x_wconf 82' lang='lat' dir='ltr'><strong>fabularum</strong></span> <span class='ocrx_word' id='word_1_227' title='bbox 1689 1901 1965 1975; x_wconf 84' lang='lat' dir='ltr'><strong>Breliqua</strong></span> <span class='ocrx_word' id='word_1_228' title='bbox 2017 1904 2262 1959; x_wconf 90' lang='lat' dir='ltr'><strong>utensilia</strong></span> <span class='ocrx_word' id='word_1_229' title='bbox 2310 1906 2377 1957; x_wconf 89' lang='lat' dir='ltr'><strong>ab</strong></span> <span class='ocrx_word' id='word_1_230' title='bbox 2407 1913 2630 1974; x_wconf 78' lang='lat' dir='ltr'><strong>utraque</strong></span> <span class='ocrx_word' id='word_1_231' title='bbox 2680 1919 2908 1973; x_wconf 76' lang='lat' dir='ltr'><strong>persona</strong></span> <span class='ocrx_word' id='word_1_232' title='bbox 2957 1906 3205 1959; x_wconf 84' lang='lat' dir='ltr'><strong>convenit</strong></span> <span class='ocrx_word' id='word_1_233' title='bbox 3231 1920 3322 1962; x_wconf 86' lang='lat' dir='ltr'><strong>cu-</strong></span> 
     </span>
    </p>
   </div>
   <div class='ocr_carea' id='block_1_34' title="bbox 109 1988 1667 2061">
    <p class='ocr_par' dir='ltr' id='par_1_34' title="bbox 109 1988 1667 2061">
     <span class='ocr_line' id='line_1_34' title="bbox 109 1988 1667 2061; baseline -0.004 -12"><span class='ocrx_word' id='word_1_234' title='bbox 109 1993 447 2049; x_wconf 68' lang='lat' dir='ltr'><strong>smcularium</strong></span> <span class='ocrx_word' id='word_1_235' title='bbox 500 2000 843 2061; x_wconf 83' lang='lat' dir='ltr'><strong>eccupcntur;</strong></span> <span class='ocrx_word' id='word_1_236' title='bbox 892 1991 993 2045; x_wconf 75' lang='lat' dir='ltr'><strong>nisi</strong></span> <span class='ocrx_word' id='word_1_237' title='bbox 1037 1989 1261 2045; x_wconf 81' lang='lat' dir='ltr'><strong>fortasse</strong></span> <span class='ocrx_word' id='word_1_238' title='bbox 1302 1988 1402 2043; x_wconf 86' lang='lat' dir='ltr'><strong>hoc</strong></span> <span class='ocrx_word' id='word_1_239' title='bbox 1433 1988 1667 2059; x_wconf 86' lang='lat' dir='ltr'><strong>proferat</strong></span> 
     </span>
    </p>
   </div>
   <div class='ocr_carea' id='block_1_35' title="bbox 110 2081 1665 2152">
    <p class='ocr_par' dir='ltr' id='par_1_35' title="bbox 110 2081 1665 2152">
     <span class='ocr_line' id='line_1_35' title="bbox 110 2081 1665 2152; baseline -0.005 -10"><span class='ocrx_word' id='word_1_240' title='bbox 110 2102 291 2142; x_wconf 87' lang='lat' dir='ltr'><strong>sermo</strong></span> <span class='ocrx_word' id='word_1_241' title='bbox 344 2085 610 2151; x_wconf 86' lang='lat' dir='ltr'><strong>relatoris,</strong></span> <span class='ocrx_word' id='word_1_242' title='bbox 645 2084 784 2152; x_wconf 91' lang='lat' dir='ltr'><strong>quod</strong></span> <span class='ocrx_word' id='word_1_243' title='bbox 836 2085 1064 2137; x_wconf 89' lang='lat' dir='ltr'><strong>animam</strong></span> <span class='ocrx_word' id='word_1_244' title='bbox 1122 2082 1345 2137; x_wconf 69' lang='lat' dir='ltr'><strong>aedificet</strong></span> <span class='ocrx_word' id='word_1_245' title='bbox 1384 2081 1665 2137; x_wconf 88' lang='lat' dir='ltr'><strong>audientis.</strong></span> 
     </span>
    </p>
   </div>
   <div class='ocr_carea' id='block_1_36' title="bbox 114 2164 1670 2250">
    <p class='ocr_par' dir='ltr' id='par_1_36' title="bbox 114 2164 1670 2250">
     <span class='ocr_line' id='line_1_36' title="bbox 114 2164 1670 2250; baseline -0.006 -11"><span class='ocrx_word' id='word_1_246' title='bbox 114 2184 160 2239; x_wconf 75' lang='grc' dir='ltr'><strong>Α</strong></span> <span class='ocrx_word' id='word_1_247' title='bbox 195 2194 343 2237; x_wconf 60' lang='lat' dir='ltr'><strong>sexta</strong></span> <span class='ocrx_word' id='word_1_248' title='bbox 370 2197 578 2250; x_wconf 87' lang='lat' dir='ltr'><strong>quoque</strong></span> <span class='ocrx_word' id='word_1_249' title='bbox 618 2164 747 2234; x_wconf 88' lang='lat' dir='ltr'><strong>hora</strong></span> <span class='ocrx_word' id='word_1_250' title='bbox 776 2194 941 2248; x_wconf 89' lang='lat' dir='ltr'><strong>usque</strong></span> <span class='ocrx_word' id='word_1_251' title='bbox 976 2178 1041 2232; x_wconf 86' lang='lat' dir='ltr'><strong>ad</strong></span> <span class='ocrx_word' id='word_1_252' title='bbox 1075 2193 1265 2231; x_wconf 87' lang='lat' dir='ltr'><strong>nonam</strong></span> <span class='ocrx_word' id='word_1_253' title='bbox 1294 2184 1482 2231; x_wconf 90' lang='lat' dir='ltr'><strong>vacent</strong></span> <span class='ocrx_word' id='word_1_254' title='bbox 1507 2174 1670 2245; x_wconf 86' lang='lat' dir='ltr'><strong>quieti</strong></span> 
     </span>
    </p>
   </div>
   <div class='ocr_carea' id='block_1_37' title="bbox 114 2266 1670 2334">
    <p class='ocr_par' dir='ltr' id='par_1_37' title="bbox 114 2266 1670 2334">
     <span class='ocr_line' id='line_1_37' title="bbox 114 2266 1670 2334; baseline -0.004 -7"><span class='ocrx_word' id='word_1_255' title='bbox 114 2276 195 2329; x_wconf 84' lang='lat' dir='ltr'><strong>vel</strong></span> <span class='ocrx_word' id='word_1_256' title='bbox 218 2275 379 2329; x_wconf 88' lang='lat' dir='ltr'><strong>etiam</strong></span> <span class='ocrx_word' id='word_1_257' title='bbox 406 2273 639 2331; x_wconf 78' lang='lat' dir='ltr'><strong>lectioni.</strong></span> <span class='ocrx_word' id='word_1_258' title='bbox 674 2270 801 2325; x_wconf 86' lang='lat' dir='ltr'><strong>Post</strong></span> <span class='ocrx_word' id='word_1_259' title='bbox 853 2273 1035 2324; x_wconf 88' lang='lat' dir='ltr'><strong>horam</strong></span> <span class='ocrx_word' id='word_1_260' title='bbox 1072 2282 1200 2323; x_wconf 87' lang='lat' dir='ltr'><strong>vero</strong></span> <span class='ocrx_word' id='word_1_261' title='bbox 1230 2282 1423 2321; x_wconf 86' lang='lat' dir='ltr'><strong>nonam</strong></span> <span class='ocrx_word' id='word_1_262' title='bbox 1444 2310 1459 2334; x_wconf 92' lang='lat'><strong>,</strong></span> <span class='ocrx_word' id='word_1_263' title='bbox 1499 2275 1591 2320; x_wconf 81' lang='lat' dir='ltr'><strong>aut</strong></span> <span class='ocrx_word' id='word_1_264' title='bbox 1617 2266 1670 2321; x_wconf 90' lang='lat' dir='ltr'><strong>in</strong></span> 
     </span>
    </p>
   </div>
   <div class='ocr_carea' id='block_1_38' title="bbox 116 2358 1672 2434">
    <p class='ocr_par' dir='ltr' id='par_1_38' title="bbox 116 2358 1672 2434">
     <span class='ocr_line' id='line_1_38' title="bbox 116 2358 1672 2434; baseline -0.007 -11"><span class='ocrx_word' id='word_1_265' title='bbox 116 2368 303 2431; x_wconf 89' lang='lat' dir='ltr'><strong>horto,</strong></span> <span class='ocrx_word' id='word_1_266' title='bbox 348 2378 439 2421; x_wconf 89' lang='lat' dir='ltr'><strong>aut</strong></span> <span class='ocrx_word' id='word_1_267' title='bbox 481 2366 566 2420; x_wconf 91' lang='lat' dir='ltr'><strong>ubi</strong></span> <span class='ocrx_word' id='word_1_268' title='bbox 597 2366 760 2434; x_wconf 90' lang='lat' dir='ltr'><strong>poscit</strong></span> <span class='ocrx_word' id='word_1_269' title='bbox 803 2363 1026 2427; x_wconf 85' lang='lat' dir='ltr'><strong>utilitas,</strong></span> <span class='ocrx_word' id='word_1_270' title='bbox 1060 2375 1226 2430; x_wconf 86' lang='lat' dir='ltr'><strong>usque</strong></span> <span class='ocrx_word' id='word_1_271' title='bbox 1253 2360 1319 2413; x_wconf 91' lang='lat' dir='ltr'><strong>ad</strong></span> <span class='ocrx_word' id='word_1_272' title='bbox 1357 2362 1540 2414; x_wconf 87' lang='lat' dir='ltr'><strong>horam</strong></span> <span class='ocrx_word' id='word_1_273' title='bbox 1590 2358 1672 2412; x_wconf 67' lang='lat' dir='ltr'><strong>luo</strong></span> 
     </span>
    </p>
   </div>
   <div class='ocr_carea' id='block_1_39' title="bbox 118 2451 1670 2517">
    <p class='ocr_par' dir='ltr' id='par_1_39' title="bbox 118 2451 1670 2517">
     <span class='ocr_line' id='line_1_39' title="bbox 118 2451 1670 2517; baseline -0.007 -2"><span class='ocrx_word' id='word_1_274' title='bbox 118 2460 347 2517; x_wconf 90' lang='lat' dir='ltr'><strong>cernarii</strong></span> <span class='ocrx_word' id='word_1_275' title='bbox 393 2475 579 2513; x_wconf 88' lang='lat' dir='ltr'><strong>omnes</strong></span> <span class='ocrx_word' id='word_1_276' title='bbox 619 2463 670 2512; x_wconf 91' lang='lat' dir='ltr'><strong>in</strong></span> <span class='ocrx_word' id='word_1_277' title='bbox 720 2472 881 2516; x_wconf 88' lang='lat' dir='ltr'><strong>unum</strong></span> <span class='ocrx_word' id='word_1_278' title='bbox 936 2455 1184 2511; x_wconf 86' lang='lat' dir='ltr'><strong>solatium</strong></span> <span class='ocrx_word' id='word_1_279' title='bbox 1242 2451 1670 2508; x_wconf 88' lang='lat' dir='ltr'><strong>commodabunt.</strong></span> 
     </span>
    </p>
   </div>
   <div class='ocr_carea' id='block_1_40' title="bbox 121 2546 1677 2619">
    <p class='ocr_par' dir='ltr' id='par_1_40' title="bbox 121 2546 1677 2619">
     <span class='ocr_line' id='line_1_40' title="bbox 121 2546 1677 2619; baseline -0.006 -12"><span class='ocrx_word' id='word_1_280' title='bbox 121 2552 321 2607; x_wconf 87' lang='lat' dir='ltr'><strong>lliemis</strong></span> <span class='ocrx_word' id='word_1_281' title='bbox 366 2566 492 2605; x_wconf 89' lang='lat' dir='ltr'><strong>vero</strong></span> <span class='ocrx_word' id='word_1_282' title='bbox 534 2562 802 2619; x_wconf 88' lang='lat' dir='ltr'><strong>tempore,</strong></span> <span class='ocrx_word' id='word_1_283' title='bbox 855 2547 1130 2601; x_wconf 89' lang='lat' dir='ltr'><strong>matutinis</strong></span> <span class='ocrx_word' id='word_1_284' title='bbox 1172 2546 1254 2601; x_wconf 88' lang='lat' dir='ltr'><strong>vel</strong></span> <span class='ocrx_word' id='word_1_285' title='bbox 1285 2546 1455 2614; x_wconf 89' lang='lat' dir='ltr'><strong>prima</strong></span> <span class='ocrx_word' id='word_1_286' title='bbox 1504 2554 1677 2597; x_wconf 83' lang='lat' dir='ltr'><strong>trans-</strong></span> 
     </span>
    </p>
   </div>
   <div class='ocr_carea' id='block_1_41' title="bbox 123 2635 1680 2709">
    <p class='ocr_par' dir='ltr' id='par_1_41' title="bbox 123 2635 1680 2709">
     <span class='ocr_line' id='line_1_41' title="bbox 123 2635 1680 2709; baseline -0.006 -12"><span class='ocrx_word' id='word_1_287' title='bbox 123 2644 278 2708; x_wconf 82' lang='lat' dir='ltr'><strong>actis,</strong></span> <span class='ocrx_word' id='word_1_288' title='bbox 319 2642 567 2694; x_wconf 90' lang='lat' dir='ltr'><strong>onmibus</strong></span> <span class='ocrx_word' id='word_1_289' title='bbox 614 2656 780 2709; x_wconf 84' lang='lat' dir='ltr'><strong>usque</strong></span> <span class='ocrx_word' id='word_1_290' title='bbox 811 2639 875 2693; x_wconf 91' lang='lat' dir='ltr'><strong>ad</strong></span> <span class='ocrx_word' id='word_1_291' title='bbox 917 2640 1127 2693; x_wconf 86' lang='lat' dir='ltr'><strong>tertiam</strong></span> <span class='ocrx_word' id='word_1_292' title='bbox 1157 2652 1347 2693; x_wconf 88' lang='lat' dir='ltr'><strong>vacare</strong></span> <span class='ocrx_word' id='word_1_293' title='bbox 1371 2635 1680 2691; x_wconf 90' lang='lat' dir='ltr'><strong>conceditur</strong></span> 
     </span>
    </p>
   </div>
   <div class='ocr_carea' id='block_1_42' title="bbox 124 2728 1682 2801">
    <p class='ocr_par' dir='ltr' id='par_1_42' title="bbox 124 2728 1682 2801">
     <span class='ocr_line' id='line_1_42' title="bbox 124 2728 1682 2801; baseline -0.008 -11"><span class='ocrx_word' id='word_1_294' title='bbox 124 2735 359 2791; x_wconf 90' lang='lat' dir='ltr'><strong>lectioni.</strong></span> <span class='ocrx_word' id='word_1_295' title='bbox 384 2736 497 2800; x_wconf 88' lang='lat' dir='ltr'><strong>Qua</strong></span> <span class='ocrx_word' id='word_1_296' title='bbox 518 2741 906 2796; x_wconf 81' lang='lat' dir='ltr'><strong>consummata,</strong></span> <span class='ocrx_word' id='word_1_297' title='bbox 939 2740 1208 2801; x_wconf 75' lang='lat' dir='ltr'><strong>gratanter</strong></span> <span class='ocrx_word' id='word_1_298' title='bbox 1244 2730 1382 2799; x_wconf 90' lang='lat' dir='ltr'><strong>quod</strong></span> <span class='ocrx_word' id='word_1_299' title='bbox 1407 2729 1484 2783; x_wconf 86' lang='lat' dir='ltr'><strong>eis</strong></span> <span class='ocrx_word' id='word_1_300' title='bbox 1509 2728 1682 2797; x_wconf 85' lang='lat' dir='ltr'><strong>injun-</strong></span> 
     </span>
    </p>
   </div>
   <div class='ocr_carea' id='block_1_43' title="bbox 126 2821 1682 2893">
    <p class='ocr_par' dir='ltr' id='par_1_43' title="bbox 126 2821 1682 2893">
     <span class='ocr_line' id='line_1_43' title="bbox 126 2821 1682 2893; baseline -0.008 -10"><span class='ocrx_word' id='word_1_301' title='bbox 126 2838 271 2883; x_wconf 89' lang='lat' dir='ltr'><strong>ctum</strong></span> <span class='ocrx_word' id='word_1_302' title='bbox 318 2828 495 2892; x_wconf 89' lang='lat' dir='ltr'><strong>fuerit,</strong></span> <span class='ocrx_word' id='word_1_303' title='bbox 530 2826 748 2893; x_wconf 90' lang='lat' dir='ltr'><strong>implere</strong></span> <span class='ocrx_word' id='word_1_304' title='bbox 777 2824 1045 2887; x_wconf 86' lang='lat' dir='ltr'><strong>festinent,</strong></span> <span class='ocrx_word' id='word_1_305' title='bbox 1094 2834 1151 2878; x_wconf 93' lang='lat' dir='ltr'><strong>ut</strong></span> <span class='ocrx_word' id='word_1_306' title='bbox 1186 2823 1296 2893; x_wconf 91' lang='lat' dir='ltr'><strong>jam</strong></span> <span class='ocrx_word' id='word_1_307' title='bbox 1338 2821 1531 2875; x_wconf 85' lang='lat' dir='ltr'><strong>dictum</strong></span> <span class='ocrx_word' id='word_1_308' title='bbox 1580 2827 1682 2881; x_wconf 88' lang='lat' dir='ltr'><strong>est,</strong></span> 
     </span>
    </p>
   </div>
   <div class='ocr_carea' id='block_1_44' title="bbox 130 2912 1686 2991">
    <p class='ocr_par' dir='ltr' id='par_1_44' title="bbox 130 2912 1686 2991">
     <span class='ocr_line' id='line_1_44' title="bbox 130 2912 1686 2991; baseline -0.008 -16"><span class='ocrx_word' id='word_1_309' title='bbox 130 2936 299 2991; x_wconf 78' lang='lat' dir='ltr'><strong>usque</strong></span> <span class='ocrx_word' id='word_1_310' title='bbox 319 2919 383 2973; x_wconf 88' lang='lat' dir='ltr'><strong>ad</strong></span> <span class='ocrx_word' id='word_1_311' title='bbox 416 2918 599 2972; x_wconf 88' lang='lat' dir='ltr'><strong>horam</strong></span> <span class='ocrx_word' id='word_1_312' title='bbox 632 2916 940 2971; x_wconf 89' lang='lat' dir='ltr'><strong>lucernarii.</strong></span> <span class='ocrx_word' id='word_1_313' title='bbox 965 2916 1026 2969; x_wconf 86' lang='lat' dir='ltr'><strong>Hi</strong></span> <span class='ocrx_word' id='word_1_314' title='bbox 1050 2929 1177 2968; x_wconf 86' lang='lat' dir='ltr'><strong>vero</strong></span> <span class='ocrx_word' id='word_1_315' title='bbox 1197 2914 1283 2983; x_wconf 90' lang='lat' dir='ltr'><strong>qui</strong></span> <span class='ocrx_word' id='word_1_316' title='bbox 1305 2912 1539 2981; x_wconf 89' lang='lat' dir='ltr'><strong>deputati</strong></span> <span class='ocrx_word' id='word_1_317' title='bbox 1567 2925 1686 2964; x_wconf 87' lang='lat' dir='ltr'><strong>esse</strong></span> 
     </span>
    </p>
   </div>
   <div class='ocr_carea' id='block_1_45' title="bbox 132 3002 1688 3074">
    <p class='ocr_par' dir='ltr' id='par_1_45' title="bbox 132 3002 1688 3074">
     <span class='ocr_line' id='line_1_45' title="bbox 132 3002 1688 3074; baseline -0.006 -10"><span class='ocrx_word' id='word_1_318' title='bbox 132 3012 384 3067; x_wconf 81' lang='lat' dir='ltr'><strong>videntur</strong></span> <span class='ocrx_word' id='word_1_319' title='bbox 420 3010 662 3074; x_wconf 67' lang='lat' dir='ltr'><strong>culture,</strong></span> <span class='ocrx_word' id='word_1_320' title='bbox 705 3010 805 3061; x_wconf 88' lang='lat' dir='ltr'><strong>hac</strong></span> <span class='ocrx_word' id='word_1_321' title='bbox 859 3006 1231 3061; x_wconf 85' lang='lat' dir='ltr'><strong>observatione</strong></span> <span class='ocrx_word' id='word_1_322' title='bbox 1273 3002 1563 3072; x_wconf 82' lang='lat' dir='ltr'><strong>constringi</strong></span> <span class='ocrx_word' id='word_1_323' title='bbox 1593 3016 1688 3070; x_wconf 89' lang='lat' dir='ltr'><strong>pro</strong></span> 
     </span>
    </p>
   </div>
   <div class='ocr_carea' id='block_1_46' title="bbox 136 3096 1690 3176">
    <p class='ocr_par' dir='ltr' id='par_1_46' title="bbox 136 3096 1690 3176">
     <span class='ocr_line' id='line_1_46' title="bbox 136 3096 1690 3176; baseline -0.008 -15"><span class='ocrx_word' id='word_1_324' title='bbox 136 3103 320 3176; x_wconf 89' lang='lat' dir='ltr'><strong>operis</strong></span> <span class='ocrx_word' id='word_1_325' title='bbox 348 3102 659 3157; x_wconf 85' lang='lat' dir='ltr'><strong>assiduitate</strong></span> <span class='ocrx_word' id='word_1_326' title='bbox 683 3117 789 3155; x_wconf 91' lang='lat' dir='ltr'><strong>non</strong></span> <span class='ocrx_word' id='word_1_327' title='bbox 819 3108 1079 3169; x_wconf 88' lang='lat' dir='ltr'><strong>possunt:</strong></span> <span class='ocrx_word' id='word_1_328' title='bbox 1107 3096 1200 3153; x_wconf 88' lang='lat' dir='ltr'><strong>sed</strong></span> <span class='ocrx_word' id='word_1_329' title='bbox 1248 3106 1307 3151; x_wconf 89' lang='grc' dir='ltr'><strong>ιιι</strong></span> <span class='ocrx_word' id='word_1_330' title='bbox 1336 3106 1690 3165; x_wconf 67' lang='lat' dir='ltr'><strong>tempusexc-</strong></span> 
     </span>
    </p>
   </div>
   <div class='ocr_carea' id='block_1_47' title="bbox 134 3186 1687 3271">
    <p class='ocr_par' dir='ltr' id='par_1_47' title="bbox 134 3186 1687 3271">
     <span class='ocr_line' id='line_1_47' title="bbox 134 3186 1687 3271; baseline -0.01 -16"><span class='ocrx_word' id='word_1_331' title='bbox 134 3200 293 3271; x_wconf 78' lang='lat' dir='ltr'><strong>gerit,</strong></span> <span class='ocrx_word' id='word_1_332' title='bbox 324 3208 417 3253; x_wconf 88' lang='lat' dir='ltr'><strong>aut</strong></span> <span class='ocrx_word' id='word_1_333' title='bbox 444 3196 592 3251; x_wconf 84' lang='lat' dir='ltr'><strong>labor</strong></span> <span class='ocrx_word' id='word_1_334' title='bbox 619 3209 802 3248; x_wconf 90' lang='lat' dir='ltr'><strong>eorum</strong></span> <span class='ocrx_word' id='word_1_335' title='bbox 825 3205 989 3261; x_wconf 86' lang='lat' dir='ltr'><strong>opera</strong></span> <span class='ocrx_word' id='word_1_336' title='bbox 1017 3188 1251 3260; x_wconf 89' lang='lat' dir='ltr'><strong>injuncta</strong></span> <span class='ocrx_word' id='word_1_337' title='bbox 1282 3186 1687 3249; x_wconf 83' lang='lat' dir='ltr'><strong>monstraverit,</strong></span> 
     </span>
    </p>
   </div>
   <div class='ocr_carea' id='block_1_48' title="bbox 1766 1996 3322 2066">
    <p class='ocr_par' dir='ltr' id='par_1_48' title="bbox 1766 1996 3322 2066">
     <span class='ocr_line' id='line_1_48' title="bbox 1766 1996 3322 2066; baseline -0.001 -14"><span class='ocrx_word' id='word_1_338' title='bbox 1766 1997 1952 2052; x_wconf 83' lang='lat' dir='ltr'><strong>stodtri</strong></span> <span class='ocrx_word' id='word_1_339' title='bbox 1986 2015 1998 2050; x_wconf 90' lang='lat'>:</span> <span class='ocrx_word' id='word_1_340' title='bbox 2034 1998 2107 2051; x_wconf 90' lang='lat' dir='ltr'><strong>ita</strong></span> <span class='ocrx_word' id='word_1_341' title='bbox 2138 2006 2314 2052; x_wconf 89' lang='lat' dir='ltr'><strong>tamen</strong></span> <span class='ocrx_word' id='word_1_342' title='bbox 2357 2006 2415 2051; x_wconf 88' lang='lat' dir='ltr'><strong>ut</strong></span> <span class='ocrx_word' id='word_1_343' title='bbox 2462 1998 2746 2066; x_wconf 86' lang='lat' dir='ltr'><strong>unicuique</strong></span> <span class='ocrx_word' id='word_1_344' title='bbox 2771 1996 2910 2066; x_wconf 90' lang='lat' dir='ltr'><strong>quod</strong></span> <span class='ocrx_word' id='word_1_345' title='bbox 2958 1998 3322 2066; x_wconf 83' lang='lat' dir='ltr'><strong>consignatum</strong></span> 
     </span>
    </p>
   </div>
   <div class='ocr_carea' id='block_1_49' title="bbox 1767 2087 3325 2158">
    <p class='ocr_par' dir='ltr' id='par_1_49' title="bbox 1767 2087 3325 2158">
     <span class='ocr_line' id='line_1_49' title="bbox 1767 2087 3325 2158; baseline -0.001 -16"><span class='ocrx_word' id='word_1_346' title='bbox 1767 2087 1948 2157; x_wconf 87' lang='lat' dir='ltr'><strong>fuerit,</strong></span> <span class='ocrx_word' id='word_1_347' title='bbox 1988 2102 2110 2143; x_wconf 87' lang='lat' dir='ltr'><strong>cum</strong></span> <span class='ocrx_word' id='word_1_348' title='bbox 2156 2087 2430 2158; x_wconf 83' lang='lat' dir='ltr'><strong>diligentia</strong></span> <span class='ocrx_word' id='word_1_349' title='bbox 2471 2098 2757 2146; x_wconf 79' lang='lat' dir='ltr'><strong>etsumma</strong></span> <span class='ocrx_word' id='word_1_350' title='bbox 2790 2089 3104 2143; x_wconf 82' lang='lat' dir='ltr'><strong>strenui&#39;ate</strong></span> <span class='ocrx_word' id='word_1_351' title='bbox 3150 2104 3325 2143; x_wconf 73' lang='lat' dir='ltr'><strong>cusro-</strong></span> 
     </span>
    </p>
   </div>
   <div class='ocr_carea' id='block_1_50' title="bbox 1768 2178 3327 2255">
    <p class='ocr_par' dir='ltr' id='par_1_50' title="bbox 1768 2178 3327 2255">
     <span class='ocr_line' id='line_1_50' title="bbox 1768 2178 3327 2255; baseline -0.002 -21"><span class='ocrx_word' id='word_1_352' title='bbox 1768 2179 1915 2255; x_wconf 76' lang='lat' dir='ltr'><strong>dist;</strong></span> <span class='ocrx_word' id='word_1_353' title='bbox 1957 2188 2011 2233; x_wconf 89' lang='lat' dir='ltr'><strong>et</strong></span> <span class='ocrx_word' id='word_1_354' title='bbox 2056 2178 2233 2233; x_wconf 87' lang='lat' dir='ltr'><strong>nullus</strong></span> <span class='ocrx_word' id='word_1_355' title='bbox 2270 2178 2338 2250; x_wconf 81' lang='lat' dir='ltr'><strong>de</strong></span> <span class='ocrx_word' id='word_1_356' title='bbox 2364 2179 2583 2233; x_wconf 85' lang='lat' dir='ltr'><strong>alterius</strong></span> <span class='ocrx_word' id='word_1_357' title='bbox 2612 2178 2746 2233; x_wconf 87' lang='lat' dir='ltr'><strong>cella</strong></span> <span class='ocrx_word' id='word_1_358' title='bbox 2791 2179 2929 2249; x_wconf 90' lang='lat' dir='ltr'><strong>quod</strong></span> <span class='ocrx_word' id='word_1_359' title='bbox 2961 2181 3025 2233; x_wconf 90' lang='lat' dir='ltr'><strong>ad</strong></span> <span class='ocrx_word' id='word_1_360' title='bbox 3063 2195 3180 2233; x_wconf 88' lang='lat' dir='ltr'><strong>cum</strong></span> <span class='ocrx_word' id='word_1_361' title='bbox 3224 2196 3327 2234; x_wconf 89' lang='lat' dir='ltr'><strong>non</strong></span> 
     </span>
    </p>
   </div>
   <div class='ocr_carea' id='block_1_51' title="bbox 1771 2262 3327 2341">
    <p class='ocr_par' dir='ltr' id='par_1_51' title="bbox 1771 2262 3327 2341">
     <span class='ocr_line' id='line_1_51' title="bbox 1771 2262 3327 2341; baseline -0.001 -14"><span class='ocrx_word' id='word_1_362' title='bbox 1771 2272 2020 2341; x_wconf 86' lang='lat' dir='ltr'><strong>pertinet,</strong></span> <span class='ocrx_word' id='word_1_363' title='bbox 2044 2273 2159 2327; x_wconf 85' lang='lat' dir='ltr'><strong>sine</strong></span> <span class='ocrx_word' id='word_1_364' title='bbox 2184 2270 2457 2326; x_wconf 90' lang='lat' dir='ltr'><strong>voluntate</strong></span> <span class='ocrx_word' id='word_1_365' title='bbox 2483 2271 2598 2341; x_wconf 81' lang='lat' dir='ltr'><strong>ejus</strong></span> <span class='ocrx_word' id='word_1_366' title='bbox 2619 2273 2671 2325; x_wconf 89' lang='lat' dir='ltr'><strong>in</strong></span> <span class='ocrx_word' id='word_1_367' title='bbox 2694 2262 2848 2341; x_wconf 84' lang='lat' dir='ltr'><strong>cujus</strong></span> <span class='ocrx_word' id='word_1_368' title='bbox 2870 2273 3047 2327; x_wconf 89' lang='lat' dir='ltr'><strong>datum</strong></span> <span class='ocrx_word' id='word_1_369' title='bbox 3068 2281 3149 2326; x_wconf 90' lang='lat' dir='ltr'><strong>est</strong></span> <span class='ocrx_word' id='word_1_370' title='bbox 3180 2282 3327 2341; x_wconf 84' lang='lat' dir='ltr'><strong>pote-</strong></span> 
     </span>
    </p>
   </div>
   <div class='ocr_carea' id='block_1_52' title="bbox 1774 2364 3328 2437">
    <p class='ocr_par' dir='ltr' id='par_1_52' title="bbox 1774 2364 3328 2437">
     <span class='ocr_line' id='line_1_52' title="bbox 1774 2364 3328 2437; baseline 0.001 -20"><span class='ocrx_word' id='word_1_371' title='bbox 1774 2372 1931 2427; x_wconf 89' lang='lat' dir='ltr'><strong>state,</strong></span> <span class='ocrx_word' id='word_1_372' title='bbox 1965 2372 2253 2437; x_wconf 66' lang='lat' dir='ltr'><strong>praesumat</strong></span> <span class='ocrx_word' id='word_1_373' title='bbox 2295 2364 2529 2418; x_wconf 88' lang='lat' dir='ltr'><strong>auferre.</strong></span> <span class='ocrx_word' id='word_1_374' title='bbox 2560 2364 2711 2430; x_wconf 88' lang='lat' dir='ltr'><strong>Quod</strong></span> <span class='ocrx_word' id='word_1_375' title='bbox 2752 2364 2841 2432; x_wconf 91' lang='lat' dir='ltr'><strong>qui</strong></span> <span class='ocrx_word' id='word_1_376' title='bbox 2893 2364 3067 2418; x_wconf 89' lang='lat' dir='ltr'><strong>facere</strong></span> <span class='ocrx_word' id='word_1_377' title='bbox 3108 2365 3328 2418; x_wconf 83' lang='lat' dir='ltr'><strong>nefanda</strong></span> 
     </span>
    </p>
   </div>
   <div class='ocr_carea' id='block_1_53' title="bbox 1775 2455 3332 2524">
    <p class='ocr_par' dir='ltr' id='par_1_53' title="bbox 1775 2455 3332 2524">
     <span class='ocr_line' id='line_1_53' title="bbox 1775 2455 3332 2524; baseline 0 -14"><span class='ocrx_word' id='word_1_378' title='bbox 1775 2456 2093 2510; x_wconf 83' lang='lat' dir='ltr'><strong>auctoritate</strong></span> <span class='ocrx_word' id='word_1_379' title='bbox 2134 2455 2552 2524; x_wconf 67' lang='lat' dir='ltr'><strong>praesumpserit,</strong></span> <span class='ocrx_word' id='word_1_380' title='bbox 2599 2455 2723 2523; x_wconf 84' lang='lat' dir='ltr'><strong>quia</strong></span> <span class='ocrx_word' id='word_1_381' title='bbox 2768 2468 2866 2523; x_wconf 88' lang='lat' dir='ltr'><strong>pro</strong></span> <span class='ocrx_word' id='word_1_382' title='bbox 2906 2455 3134 2508; x_wconf 85' lang='lat' dir='ltr'><strong>minimis</strong></span> <span class='ocrx_word' id='word_1_383' title='bbox 3174 2457 3332 2509; x_wconf 82' lang='lat' dir='ltr'><strong>rebus</strong></span> 
     </span>
    </p>
   </div>
   <div class='ocr_carea' id='block_1_54' title="bbox 1778 2546 3334 2617">
    <p class='ocr_par' dir='ltr' id='par_1_54' title="bbox 1778 2546 3334 2617">
     <span class='ocr_line' id='line_1_54' title="bbox 1778 2546 3334 2617; baseline -0.003 -15"><span class='ocrx_word' id='word_1_384' title='bbox 1778 2546 2025 2602; x_wconf 90' lang='lat' dir='ltr'><strong>scandala</strong></span> <span class='ocrx_word' id='word_1_385' title='bbox 2050 2562 2309 2617; x_wconf 85' lang='lat' dir='ltr'><strong>generare</strong></span> <span class='ocrx_word' id='word_1_386' title='bbox 2346 2564 2460 2600; x_wconf 73' lang='lat' dir='ltr'><strong>.non</strong></span> <span class='ocrx_word' id='word_1_387' title='bbox 2494 2548 2704 2612; x_wconf 89' lang='lat' dir='ltr'><strong>metuit,</strong></span> <span class='ocrx_word' id='word_1_388' title='bbox 2753 2548 2899 2601; x_wconf 89' lang='lat' dir='ltr'><strong>omni</strong></span> <span class='ocrx_word' id='word_1_389' title='bbox 2942 2549 3334 2617; x_wconf 81' lang='lat' dir='ltr'><strong>congregationi</strong></span> 
     </span>
    </p>
   </div>
   <div class='ocr_carea' id='block_1_55' title="bbox 1779 2638 3336 2707">
    <p class='ocr_par' dir='ltr' id='par_1_55' title="bbox 1779 2638 3336 2707">
     <span class='ocr_line' id='line_1_55' title="bbox 1779 2638 3336 2707; baseline -0.001 -15"><span class='ocrx_word' id='word_1_390' title='bbox 1779 2652 1904 2692; x_wconf 80' lang='lat' dir='ltr'><strong>reos</strong></span> <span class='ocrx_word' id='word_1_391' title='bbox 1930 2652 2068 2703; x_wconf 80' lang='lat' dir='ltr'><strong>esse,</strong></span> <span class='ocrx_word' id='word_1_392' title='bbox 2100 2638 2227 2692; x_wconf 91' lang='lat' dir='ltr'><strong>dum</strong></span> <span class='ocrx_word' id='word_1_393' title='bbox 2249 2638 2608 2707; x_wconf 69' lang='lat' dir='ltr'><strong>praetermittit</strong></span> <span class='ocrx_word' id='word_1_394' title='bbox 2636 2638 2908 2706; x_wconf 66' lang='lat' dir='ltr'><strong>lit-gulam,</strong></span> <span class='ocrx_word' id='word_1_395' title='bbox 2936 2639 3207 2693; x_wconf 88' lang='lat' dir='ltr'><strong>doceatur.</strong></span> <span class='ocrx_word' id='word_1_396' title='bbox 3232 2639 3336 2692; x_wconf 72' lang='lat' dir='ltr'><strong>Nec</strong></span> 
     </span>
    </p>
   </div>
   <div class='ocr_carea' id='block_1_56' title="bbox 1781 2728 3337 2802">
    <p class='ocr_par' dir='ltr' id='par_1_56' title="bbox 1781 2728 3337 2802">
     <span class='ocr_line' id='line_1_56' title="bbox 1781 2728 3337 2802; baseline -0.003 -17"><span class='ocrx_word' id='word_1_397' title='bbox 1781 2731 1902 2802; x_wconf 87' lang='lat' dir='ltr'><strong>quis</strong></span> <span class='ocrx_word' id='word_1_398' title='bbox 1941 2729 2043 2784; x_wconf 83' lang='lat' dir='ltr'><strong>sibi</strong></span> <span class='ocrx_word' id='word_1_399' title='bbox 2085 2728 2190 2785; x_wconf 91' lang='lat' dir='ltr'><strong>diei</strong></span> <span class='ocrx_word' id='word_1_400' title='bbox 2219 2742 2353 2799; x_wconf 89' lang='lat' dir='ltr'><strong>opus</strong></span> <span class='ocrx_word' id='word_1_401' title='bbox 2392 2728 2555 2799; x_wconf 82' lang='lat' dir='ltr'><strong>eligat</strong></span> <span class='ocrx_word' id='word_1_402' title='bbox 2584 2728 2877 2782; x_wconf 89' lang='lat' dir='ltr'><strong>faciendum</strong></span> <span class='ocrx_word' id='word_1_403' title='bbox 2905 2771 2920 2794; x_wconf 95' lang='lat'><strong>,</strong></span> <span class='ocrx_word' id='word_1_404' title='bbox 2973 2728 3111 2797; x_wconf 65' lang='lat' dir='ltr'><strong>quod</strong></span> <span class='ocrx_word' id='word_1_405' title='bbox 3163 2738 3337 2781; x_wconf 80' lang='lat' dir='ltr'><strong>tamen</strong></span> 
     </span>
    </p>
   </div>
   <div class='ocr_carea' id='block_1_57' title="bbox 1783 2819 3340 2888">
    <p class='ocr_par' dir='ltr' id='par_1_57' title="bbox 1783 2819 3340 2888">
     <span class='ocr_line' id='line_1_57' title="bbox 1783 2819 3340 2888; baseline -0.002 -12"><span class='ocrx_word' id='word_1_406' title='bbox 1783 2820 2026 2877; x_wconf 75' lang='lat' dir='ltr'><strong>Constare</strong></span> <span class='ocrx_word' id='word_1_407' title='bbox 2042 2820 2200 2877; x_wconf 88' lang='lat' dir='ltr'><strong>debet</strong></span> <span class='ocrx_word' id='word_1_408' title='bbox 2224 2822 2277 2876; x_wconf 91' lang='lat' dir='ltr'><strong>in</strong></span> <span class='ocrx_word' id='word_1_409' title='bbox 2307 2819 2528 2875; x_wconf 88' lang='lat' dir='ltr'><strong>arbitrio</strong></span> <span class='ocrx_word' id='word_1_410' title='bbox 2557 2820 2805 2881; x_wconf 85' lang='lat' dir='ltr'><strong>senioris,</strong></span> <span class='ocrx_word' id='word_1_411' title='bbox 2830 2828 2885 2871; x_wconf 89' lang='lat' dir='ltr'><strong>ot</strong></span> <span class='ocrx_word' id='word_1_412' title='bbox 2906 2821 3044 2888; x_wconf 82' lang='lat' dir='ltr'><strong>quod</strong></span> <span class='ocrx_word' id='word_1_413' title='bbox 3077 2820 3200 2873; x_wconf 85' lang='lat' dir='ltr'><strong>utile</strong></span> <span class='ocrx_word' id='word_1_414' title='bbox 3222 2836 3340 2888; x_wconf 84' lang='lat' dir='ltr'><strong>pcr-</strong></span> 
     </span>
    </p>
   </div>
   <div class='ocr_carea' id='block_1_58' title="bbox 1787 2910 3343 2982">
    <p class='ocr_par' dir='ltr' id='par_1_58' title="bbox 1787 2910 3343 2982">
     <span class='ocr_line' id='line_1_58' title="bbox 1787 2910 3343 2982; baseline -0.003 -14"><span class='ocrx_word' id='word_1_415' title='bbox 1787 2915 2021 2982; x_wconf 86' lang='lat' dir='ltr'><strong>spexerit</strong></span> <span class='ocrx_word' id='word_1_416' title='bbox 2048 2913 2249 2981; x_wconf 87' lang='lat' dir='ltr'><strong>judicio</strong></span> <span class='ocrx_word' id='word_1_417' title='bbox 2277 2928 2374 2967; x_wconf 86' lang='lat' dir='ltr'><strong>suo</strong></span> <span class='ocrx_word' id='word_1_418' title='bbox 2402 2913 2625 2980; x_wconf 86' lang='lat' dir='ltr'><strong>imperet</strong></span> <span class='ocrx_word' id='word_1_419' title='bbox 2650 2910 2968 2965; x_wconf 87' lang='lat' dir='ltr'><strong>faciendum.</strong></span> <span class='ocrx_word' id='word_1_420' title='bbox 3004 2911 3185 2965; x_wconf 85' lang='lat' dir='ltr'><strong>Nullos</strong></span> <span class='ocrx_word' id='word_1_421' title='bbox 3209 2927 3343 2963; x_wconf 85' lang='lat' dir='ltr'><strong>mur-</strong></span> 
     </span>
    </p>
   </div>
   <div class='ocr_carea' id='block_1_59' title="bbox 1756 3000 3345 3073">
    <p class='ocr_par' dir='ltr' id='par_1_59' title="bbox 1756 3000 3345 3073">
     <span class='ocr_line' id='line_1_59' title="bbox 1756 3000 3345 3073; baseline -0.004 -13"><span class='ocrx_word' id='word_1_422' title='bbox 1756 3000 2047 3060; x_wconf 24' lang='lat' dir='ltr'><strong>imurando</strong></span> <span class='ocrx_word' id='word_1_423' title='bbox 2084 3004 2286 3073; x_wconf 83' lang='lat' dir='ltr'><strong>aliquid</strong></span> <span class='ocrx_word' id='word_1_424' title='bbox 2319 3003 2501 3065; x_wconf 82' lang='lat' dir='ltr'><strong>faciat,</strong></span> <span class='ocrx_word' id='word_1_425' title='bbox 2532 3018 2597 3055; x_wconf 89' lang='lat' dir='ltr'><strong>ne</strong></span> <span class='ocrx_word' id='word_1_426' title='bbox 2640 3016 2862 3070; x_wconf 82' lang='lat' dir='ltr'><strong>quorum</strong></span> <span class='ocrx_word' id='word_1_427' title='bbox 2897 3003 3130 3069; x_wconf 85' lang='lat' dir='ltr'><strong>sequitur</strong></span> <span class='ocrx_word' id='word_1_428' title='bbox 3168 3015 3345 3055; x_wconf 75' lang='lat' dir='ltr'><strong>exem-</strong></span> 
     </span>
    </p>
   </div>
   <div class='ocr_carea' id='block_1_60' title="bbox 1790 3089 3347 3164">
    <p class='ocr_par' dir='ltr' id='par_1_60' title="bbox 1790 3089 3347 3164">
     <span class='ocr_line' id='line_1_60' title="bbox 1790 3089 3347 3164; baseline -0.003 -16"><span class='ocrx_word' id='word_1_429' title='bbox 1790 3099 1963 3164; x_wconf 91' lang='lat' dir='ltr'><strong>p&#39;um,</strong></span> <span class='ocrx_word' id='word_1_430' title='bbox 2012 3089 2372 3162; x_wconf 83' lang='lat' dir='ltr'><strong>consequatur</strong></span> <span class='ocrx_word' id='word_1_431' title='bbox 2394 3094 2617 3147; x_wconf 82' lang='lat' dir='ltr'><strong>exitum.</strong></span> <span class='ocrx_word' id='word_1_432' title='bbox 2647 3092 2785 3146; x_wconf 83' lang='lat' dir='ltr'><strong>Nu&#39;li</strong></span> <span class='ocrx_word' id='word_1_433' title='bbox 2816 3093 2970 3147; x_wconf 87' lang='lat' dir='ltr'><strong>liceat</strong></span> <span class='ocrx_word' id='word_1_434' title='bbox 2995 3092 3059 3145; x_wconf 91' lang='lat' dir='ltr'><strong>ad</strong></span> <span class='ocrx_word' id='word_1_435' title='bbox 3104 3102 3347 3161; x_wconf 83' lang='lat' dir='ltr'><strong>parentes</strong></span> 
     </span>
    </p>
   </div>
   <div class='ocr_carea' id='block_1_61' title="bbox 1794 3182 3348 3253">
    <p class='ocr_par' dir='ltr' id='par_1_61' title="bbox 1794 3182 3348 3253">
     <span class='ocr_line' id='line_1_61' title="bbox 1794 3182 3348 3253; baseline -0.002 -14"><span class='ocrx_word' id='word_1_436' title='bbox 1794 3184 2125 3253; x_wconf 86' lang='lat' dir='ltr'><strong>frequentius</strong></span> <span class='ocrx_word' id='word_1_437' title='bbox 2150 3198 2454 3238; x_wconf 87' lang='lat' dir='ltr'><strong>commeare</strong></span> <span class='ocrx_word' id='word_1_438' title='bbox 2486 3199 2499 3234; x_wconf 88' lang='lat'>:</span> <span class='ocrx_word' id='word_1_439' title='bbox 2533 3184 2606 3236; x_wconf 91' lang='lat' dir='ltr'><strong>illi</strong></span> <span class='ocrx_word' id='word_1_440' title='bbox 2641 3193 2815 3236; x_wconf 89' lang='lat' dir='ltr'><strong>tamen</strong></span> <span class='ocrx_word' id='word_1_441' title='bbox 2845 3197 3102 3249; x_wconf 56' lang='lat' dir='ltr'><strong>prrsottm,</strong></span> <span class='ocrx_word' id='word_1_442' title='bbox 3129 3197 3248 3249; x_wconf 68' lang='lat' dir='ltr'><strong>quae</strong></span> <span class='ocrx_word' id='word_1_443' title='bbox 3279 3182 3348 3237; x_wconf 78' lang='lat' dir='ltr'><strong>ds</strong></span> 
     </span>
    </p>
   </div>
   <div class='ocr_carea' id='block_1_62' title="bbox 138 3266 3349 3356">
    <p class='ocr_par' dir='ltr' id='par_1_62' title="bbox 138 3266 3349 3356">
     <span class='ocr_line' id='line_1_62' title="bbox 138 3266 3349 3356; baseline -0.007 -10"><span class='ocrx_word' id='word_1_444' title='bbox 138 3266 216 3347; x_wconf 67' lang='lat' dir='ltr'><strong>sic</strong></span> <span class='ocrx_word' id='word_1_445' title='bbox 260 3288 688 3345; x_wconf 80' lang='lat' dir='ltr'><strong>consideratione</strong></span> <span class='ocrx_word' id='word_1_446' title='bbox 736 3283 1008 3353; x_wconf 69' lang='lat' dir='ltr'><strong>praepositi</strong></span> <span class='ocrx_word' id='word_1_447' title='bbox 1054 3282 1435 3353; x_wconf 77' lang='lat' dir='ltr'><strong>gubernantur,</strong></span> <span class='ocrx_word' id='word_1_448' title='bbox 1475 3278 1613 3333; x_wconf 88' lang='lat' dir='ltr'><strong>binis</strong></span> <span class='ocrx_word' id='word_1_449' title='bbox 1640 3285 1692 3330; x_wconf 90' lang='lat' dir='ltr'><strong>et</strong></span> <span class='ocrx_word' id='word_1_450' title='bbox 1716 3266 1761 3327; x_wconf 92' lang='lat' dir='ltr'>C</span> <span class='ocrx_word' id='word_1_451' title='bbox 1797 3278 2154 3346; x_wconf 80' lang='lat' dir='ltr'><strong>proximorum</strong></span> <span class='ocrx_word' id='word_1_452' title='bbox 2175 3276 2618 3356; x_wconf 40' lang='lat' dir='ltr'><strong>salute‘probatur</strong></span> <span class='ocrx_word' id='word_1_453' title='bbox 2639 3289 2761 3329; x_wconf 87' lang='lat' dir='ltr'><strong>esse</strong></span> <span class='ocrx_word' id='word_1_454' title='bbox 2788 3274 3039 3338; x_wconf 84' lang='lat' dir='ltr'><strong>sollicita,</strong></span> <span class='ocrx_word' id='word_1_455' title='bbox 3066 3273 3223 3327; x_wconf 88' lang='lat' dir='ltr'><strong>certis</strong></span> <span class='ocrx_word' id='word_1_456' title='bbox 3243 3275 3349 3344; x_wconf 85' lang='lat' dir='ltr'><strong>qni-</strong></span> 
     </span>
    </p>
   </div>
   <div class='ocr_carea' id='block_1_63' title="bbox 139 3370 1692 3454">
    <p class='ocr_par' dir='ltr' id='par_1_63' title="bbox 139 3370 1692 3454">
     <span class='ocr_line' id='line_1_63' title="bbox 139 3370 1692 3454; baseline -0.012 -16"><span class='ocrx_word' id='word_1_457' title='bbox 139 3384 239 3454; x_wconf 86' lang='lat' dir='ltr'><strong>ipsi</strong></span> <span class='ocrx_word' id='word_1_458' title='bbox 267 3381 413 3437; x_wconf 87' lang='lat' dir='ltr'><strong>boris</strong></span> <span class='ocrx_word' id='word_1_459' title='bbox 434 3378 646 3434; x_wconf 88' lang='lat' dir='ltr'><strong>lectioni</strong></span> <span class='ocrx_word' id='word_1_460' title='bbox 674 3376 1019 3454; x_wconf 45' lang='lat' dir='ltr'><strong>nihilominus</strong></span> <span class='ocrx_word' id='word_1_461' title='bbox 1041 3372 1299 3427; x_wconf 86' lang='lat' dir='ltr'><strong>vacaturi.</strong></span> <span class='ocrx_word' id='word_1_462' title='bbox 1317 3370 1537 3439; x_wconf 89' lang='lat' dir='ltr'><strong>Quando</strong></span> <span class='ocrx_word' id='word_1_463' title='bbox 1554 3382 1692 3423; x_wconf 87' lang='lat' dir='ltr'><strong>mes-</strong></span> 
     </span>
    </p>
   </div>
   <div class='ocr_carea' id='block_1_64' title="bbox 140 3447 1692 3538">
    <p class='ocr_par' dir='ltr' id='par_1_64' title="bbox 140 3447 1692 3538">
     <span class='ocr_line' id='line_1_64' title="bbox 140 3447 1692 3538; baseline -0.012 -7"><span class='ocrx_word' id='word_1_464' title='bbox 140 3447 228 3531; x_wconf 46' lang='lat' dir='ltr'><strong>s-es</strong></span> <span class='ocrx_word' id='word_1_465' title='bbox 257 3484 313 3529; x_wconf 92' lang='lat' dir='ltr'><strong>ct</strong></span> <span class='ocrx_word' id='word_1_466' title='bbox 340 3471 616 3528; x_wconf 81' lang='lat' dir='ltr'><strong>vindemiae</strong></span> <span class='ocrx_word' id='word_1_467' title='bbox 638 3469 846 3538; x_wconf 53' lang='lat' dir='ltr'><strong>colligo.</strong></span> <span class='ocrx_word' id='word_1_468' title='bbox 871 3447 976 3530; x_wconf 51' lang='lat'><strong>32&#39;,</strong></span> <span class='ocrx_word' id='word_1_469' title='bbox 1021 3465 1103 3518; x_wconf 87' lang='lat' dir='ltr'><strong>bis</strong></span> <span class='ocrx_word' id='word_1_470' title='bbox 1130 3465 1181 3517; x_wconf 94' lang='lat' dir='ltr'><strong>in</strong></span> <span class='ocrx_word' id='word_1_471' title='bbox 1225 3462 1330 3529; x_wconf 90' lang='lat' dir='ltr'><strong>die,</strong></span> <span class='ocrx_word' id='word_1_472' title='bbox 1374 3461 1424 3515; x_wconf 90' lang='lat' dir='ltr'><strong>id</strong></span> <span class='ocrx_word' id='word_1_473' title='bbox 1455 3470 1536 3517; x_wconf 88' lang='lat' dir='ltr'><strong>est</strong></span> <span class='ocrx_word' id='word_1_474' title='bbox 1564 3460 1692 3514; x_wconf 90' lang='lat' dir='ltr'><strong>hora</strong></span> 
     </span>
    </p>
   </div>
   <div class='ocr_carea' id='block_1_65' title="bbox 143 3552 1694 3624">
    <p class='ocr_par' dir='ltr' id='par_1_65' title="bbox 143 3552 1694 3624">
     <span class='ocr_line' id='line_1_65' title="bbox 143 3552 1694 3624; baseline -0.012 -1"><span class='ocrx_word' id='word_1_475' title='bbox 143 3577 291 3623; x_wconf 77' lang='lat' dir='ltr'><strong>sexta</strong></span> <span class='ocrx_word' id='word_1_476' title='bbox 335 3576 388 3619; x_wconf 89' lang='lat' dir='ltr'><strong>et</strong></span> <span class='ocrx_word' id='word_1_477' title='bbox 417 3561 758 3622; x_wconf 89' lang='lat' dir='ltr'><strong>duodecima,</strong></span> <span class='ocrx_word' id='word_1_478' title='bbox 804 3557 1143 3611; x_wconf 88' lang='lat' dir='ltr'><strong>refectionem</strong></span> <span class='ocrx_word' id='word_1_479' title='bbox 1185 3554 1466 3624; x_wconf 87' lang='lat' dir='ltr'><strong>accipiant.</strong></span> <span class='ocrx_word' id='word_1_480' title='bbox 1498 3552 1694 3619; x_wconf 84' lang='lat' dir='ltr'><strong>Quarta</strong></span> 
     </span>
    </p>
   </div>
   <div class='ocr_carea' id='block_1_66' title="bbox 144 3645 1694 3717">
    <p class='ocr_par' dir='ltr' id='par_1_66' title="bbox 144 3645 1694 3717">
     <span class='ocr_line' id='line_1_66' title="bbox 144 3645 1694 3717; baseline -0.014 0"><span class='ocrx_word' id='word_1_481' title='bbox 144 3674 273 3717; x_wconf 68' lang='lat' dir='ltr'><strong>vero</strong></span> <span class='ocrx_word' id='word_1_482' title='bbox 303 3658 387 3712; x_wconf 87' lang='lat' dir='ltr'><strong>vel</strong></span> <span class='ocrx_word' id='word_1_483' title='bbox 414 3666 559 3710; x_wconf 78' lang='lat' dir='ltr'><strong>sexta</strong></span> <span class='ocrx_word' id='word_1_484' title='bbox 593 3653 719 3708; x_wconf 85' lang='lat' dir='ltr'><strong>feria</strong></span> <span class='ocrx_word' id='word_1_485' title='bbox 776 3652 843 3703; x_wconf 89' lang='lat' dir='ltr'><strong>ita</strong></span> <span class='ocrx_word' id='word_1_486' title='bbox 893 3648 1153 3704; x_wconf 90' lang='lat' dir='ltr'><strong>moderari</strong></span> <span class='ocrx_word' id='word_1_487' title='bbox 1175 3661 1336 3715; x_wconf 86' lang='lat' dir='ltr'><strong>epera</strong></span> <span class='ocrx_word' id='word_1_488' title='bbox 1364 3645 1579 3712; x_wconf 88' lang='lat' dir='ltr'><strong>debent,</strong></span> <span class='ocrx_word' id='word_1_489' title='bbox 1616 3652 1694 3711; x_wconf 86' lang='lat' dir='ltr'><strong>ut,</strong></span> 
     </span>
    </p>
   </div>
   <div class='ocr_carea' id='block_1_67' title="bbox 132 3735 1745 3821">
    <p class='ocr_par' dir='ltr' id='par_1_67' title="bbox 132 3735 1745 3821">
     <span class='ocr_line' id='line_1_67' title="bbox 132 3735 1745 3821; baseline -0.014 -11"><span class='ocrx_word' id='word_1_490' title='bbox 132 3756 191 3821; x_wconf 75' lang='lat' dir='ltr'><strong>si</strong></span> <span class='ocrx_word' id='word_1_491' title='bbox 251 3753 367 3807; x_wconf 85' lang='lat' dir='ltr'><strong>fieri</strong></span> <span class='ocrx_word' id='word_1_492' title='bbox 418 3758 617 3817; x_wconf 80' lang='lat' dir='ltr'><strong>potest,</strong></span> <span class='ocrx_word' id='word_1_493' title='bbox 673 3754 867 3798; x_wconf 88' lang='lat' dir='ltr'><strong>statuta</strong></span> <span class='ocrx_word' id='word_1_494' title='bbox 905 3741 1104 3813; x_wconf 73' lang='lat' dir='ltr'><strong>jejuuia</strong></span> <span class='ocrx_word' id='word_1_495' title='bbox 1147 3754 1248 3793; x_wconf 90' lang='lat' dir='ltr'><strong>non</strong></span> <span class='ocrx_word' id='word_1_496' title='bbox 1298 3738 1561 3793; x_wconf 87' lang='lat' dir='ltr'><strong>omittam.</strong></span> <span class='ocrx_word' id='word_1_497' title='bbox 1591 3735 1695 3791; x_wconf 91' lang='lat' dir='ltr'><strong>Sed</strong></span> <span class='ocrx_word' id='word_1_498' title='bbox 1738 3775 1745 3778; x_wconf 76' lang='lat'><strong>.</strong></span> 
     </span>
    </p>
   </div>
   <div class='ocr_carea' id='block_1_68' title="bbox 148 3825 1701 3904">
    <p class='ocr_par' dir='ltr' id='par_1_68' title="bbox 148 3825 1701 3904">
     <span class='ocr_line' id='line_1_68' title="bbox 148 3825 1701 3904; baseline -0.015 -5"><span class='ocrx_word' id='word_1_499' title='bbox 148 3843 415 3904; x_wconf 87' lang='lat' dir='ltr'><strong>universa,</strong></span> <span class='ocrx_word' id='word_1_500' title='bbox 437 3849 593 3903; x_wconf 62' lang='lat' dir='ltr'><strong>prout</strong></span> <span class='ocrx_word' id='word_1_501' title='bbox 624 3837 825 3890; x_wconf 81' lang='lat' dir='ltr'><strong>utilitas</strong></span> <span class='ocrx_word' id='word_1_502' title='bbox 852 3843 941 3886; x_wconf 88' lang='lat' dir='ltr'><strong>aut</strong></span> <span class='ocrx_word' id='word_1_503' title='bbox 966 3834 1114 3885; x_wconf 86' lang='lat' dir='ltr'><strong>labor</strong></span> <span class='ocrx_word' id='word_1_504' title='bbox 1142 3830 1394 3898; x_wconf 80' lang='lat' dir='ltr'><strong>exegerit,</strong></span> <span class='ocrx_word' id='word_1_505' title='bbox 1436 3828 1503 3881; x_wconf 87' lang='lat' dir='ltr'><strong>ita</strong></span> <span class='ocrx_word' id='word_1_506' title='bbox 1527 3825 1701 3879; x_wconf 86' lang='lat' dir='ltr'><strong>senio-</strong></span> 
     </span>
    </p>
   </div>
   <div class='ocr_carea' id='block_1_69' title="bbox 148 3912 1701 4004">
    <p class='ocr_par' dir='ltr' id='par_1_69' title="bbox 148 3912 1701 4004">
     <span class='ocr_line' id='line_1_69' title="bbox 148 3912 1701 4004; baseline -0.014 -14"><span class='ocrx_word' id='word_1_507' title='bbox 148 3939 223 3992; x_wconf 86' lang='lat' dir='ltr'><strong>ris</strong></span> <span class='ocrx_word' id='word_1_508' title='bbox 246 3932 444 4004; x_wconf 84' lang='lat' dir='ltr'><strong>jndicio</strong></span> <span class='ocrx_word' id='word_1_509' title='bbox 473 3912 837 3997; x_wconf 85' lang='lat' dir='ltr'><strong>disponantur.</strong></span> <span class='ocrx_word' id='word_1_510' title='bbox 872 3925 1035 3978; x_wconf 76' lang='lat' dir='ltr'><strong>Nemo</strong></span> <span class='ocrx_word' id='word_1_511' title='bbox 1061 3933 1233 3976; x_wconf 86' lang='lat' dir='ltr'><strong>tamen</strong></span> <span class='ocrx_word' id='word_1_512' title='bbox 1261 3931 1408 3974; x_wconf 82' lang='lat' dir='ltr'><strong>extra</strong></span> <span class='ocrx_word' id='word_1_513' title='bbox 1434 3926 1701 3973; x_wconf 68' lang='lat' dir='ltr'><strong>monasteo</strong></span> 
     </span>
    </p>
   </div>
   <div class='ocr_carea' id='block_1_70' title="bbox 122 4010 1702 4085">
    <p class='ocr_par' dir='ltr' id='par_1_70' title="bbox 122 4010 1702 4085">
     <span class='ocr_line' id='line_1_70' title="bbox 122 4010 1702 4085; baseline -0.012 -5"><span class='ocrx_word' id='word_1_514' title='bbox 122 4026 287 4085; x_wconf 54' lang='lat' dir='ltr'><strong>.rinm</strong></span> <span class='ocrx_word' id='word_1_515' title='bbox 337 4020 620 4077; x_wconf 75' lang='lat' dir='ltr'><strong>manducet</strong></span> <span class='ocrx_word' id='word_1_516' title='bbox 656 4028 743 4069; x_wconf 87' lang='lat' dir='ltr'><strong>aut</strong></span> <span class='ocrx_word' id='word_1_517' title='bbox 794 4016 980 4067; x_wconf 84' lang='lat' dir='ltr'><strong>bibat:</strong></span> <span class='ocrx_word' id='word_1_518' title='bbox 1021 4015 1118 4067; x_wconf 93' lang='lat' dir='ltr'><strong>hoc</strong></span> <span class='ocrx_word' id='word_1_519' title='bbox 1157 4010 1553 4079; x_wconf 67' lang='lat' dir='ltr'><strong>enimJtegnlte</strong></span> <span class='ocrx_word' id='word_1_520' title='bbox 1596 4022 1702 4063; x_wconf 88' lang='lat' dir='ltr'><strong>non</strong></span> 
     </span>
    </p>
   </div>
   <div class='ocr_carea' id='block_1_71' title="bbox 154 4104 1707 4184">
    <p class='ocr_par' dir='ltr' id='par_1_71' title="bbox 154 4104 1707 4184">
     <span class='ocr_line' id='line_1_71' title="bbox 154 4104 1707 4184; baseline -0.01 -14"><span class='ocrx_word' id='word_1_521' title='bbox 154 4116 344 4184; x_wconf 89' lang='lat' dir='ltr'><strong>recipit</strong></span> <span class='ocrx_word' id='word_1_522' title='bbox 379 4112 675 4178; x_wconf 83' lang='lat' dir='ltr'><strong>disciplina,</strong></span> <span class='ocrx_word' id='word_1_523' title='bbox 722 4119 777 4161; x_wconf 89' lang='grc' dir='ltr'><strong>ιιι</strong></span> <span class='ocrx_word' id='word_1_524' title='bbox 826 4108 909 4161; x_wconf 91' lang='lat' dir='ltr'><strong>vel</strong></span> <span class='ocrx_word' id='word_1_525' title='bbox 964 4120 1116 4174; x_wconf 87' lang='lat' dir='ltr'><strong>poma</strong></span> <span class='ocrx_word' id='word_1_526' title='bbox 1170 4104 1288 4157; x_wconf 74' lang='lat' dir='ltr'><strong>vilia</strong></span> <span class='ocrx_word' id='word_1_527' title='bbox 1337 4113 1707 4156; x_wconf 79' lang='lat' dir='ltr'><strong>resumantur:</strong></span> 
     </span>
    </p>
   </div>
   <div class='ocr_carea' id='block_1_72' title="bbox 154 4194 1708 4276">
    <p class='ocr_par' dir='ltr' id='par_1_72' title="bbox 154 4194 1708 4276">
     <span class='ocr_line' id='line_1_72' title="bbox 154 4194 1708 4276; baseline -0.008 -16"><span class='ocrx_word' id='word_1_528' title='bbox 154 4220 343 4276; x_wconf 86' lang='lat' dir='ltr'><strong>aquam</strong></span> <span class='ocrx_word' id='word_1_529' title='bbox 375 4205 542 4272; x_wconf 87' lang='lat' dir='ltr'><strong>ipsam</strong></span> <span class='ocrx_word' id='word_1_530' title='bbox 572 4214 696 4256; x_wconf 90' lang='lat' dir='ltr'><strong>ante</strong></span> <span class='ocrx_word' id='word_1_531' title='bbox 723 4198 1061 4254; x_wconf 86' lang='lat' dir='ltr'><strong>refectionem</strong></span> <span class='ocrx_word' id='word_1_532' title='bbox 1095 4196 1376 4267; x_wconf 66' lang='lat' dir='ltr'><strong>legitimam</strong></span> <span class='ocrx_word' id='word_1_533' title='bbox 1399 4194 1579 4249; x_wconf 89' lang='lat' dir='ltr'><strong>bibere</strong></span> <span class='ocrx_word' id='word_1_534' title='bbox 1604 4209 1708 4247; x_wconf 93' lang='lat' dir='ltr'><strong>non</strong></span> 
     </span>
    </p>
   </div>
   <div class='ocr_carea' id='block_1_73' title="bbox 156 4304 497 4370">
    <p class='ocr_par' dir='ltr' id='par_1_73' title="bbox 156 4304 497 4370">
     <span class='ocr_line' id='line_1_73' title="bbox 156 4304 497 4370; baseline -0.003 -21"><span class='ocrx_word' id='word_1_535' title='bbox 156 4312 327 4370; x_wconf 60' lang='grc' dir='ltr'><strong>ιιι-πει]</strong></span> <span class='ocrx_word' id='word_1_536' title='bbox 335 4304 497 4351; x_wconf 83' lang='lat' dir='ltr'><strong>mant.</strong></span> 
     </span>
    </p>
   </div>
   <div class='ocr_carea' id='block_1_74' title="bbox 230 4376 1715 4453">
    <p class='ocr_par' dir='ltr' id='par_1_74' title="bbox 230 4376 1715 4453">
     <span class='ocr_line' id='line_1_74' title="bbox 230 4376 1715 4453; baseline -0.011 -8"><span class='ocrx_word' id='word_1_537' title='bbox 230 4391 360 4445; x_wconf 68' lang='lat' dir='ltr'><strong>Car.</strong></span> <span class='ocrx_word' id='word_1_538' title='bbox 394 4404 446 4442; x_wconf 72' lang='grc' dir='ltr'><strong>ι.</strong></span> <span class='ocrx_word' id='word_1_539' title='bbox 482 4382 711 4453; x_wconf 89' lang='lat' dir='ltr'><strong>Quando</strong></span> <span class='ocrx_word' id='word_1_540' title='bbox 743 4397 907 4452; x_wconf 79' lang='lat' dir='ltr'><strong>partes</strong></span> <span class='ocrx_word' id='word_1_541' title='bbox 936 4381 1149 4443; x_wconf 88' lang='lat' dir='ltr'><strong>faciunt,</strong></span> <span class='ocrx_word' id='word_1_542' title='bbox 1182 4381 1265 4434; x_wconf 88' lang='lat' dir='ltr'><strong>vel</strong></span> <span class='ocrx_word' id='word_1_543' title='bbox 1296 4380 1347 4432; x_wconf 91' lang='lat' dir='ltr'><strong>in</strong></span> <span class='ocrx_word' id='word_1_544' title='bbox 1387 4379 1530 4431; x_wconf 92' lang='lat' dir='ltr'><strong>omni</strong></span> <span class='ocrx_word' id='word_1_545' title='bbox 1561 4376 1715 4429; x_wconf 90' lang='lat' dir='ltr'><strong>mini-</strong></span> 
     </span>
    </p>
   </div>
   <div class='ocr_carea' id='block_1_75' title="bbox 157 4467 1718 4549">
    <p class='ocr_par' dir='ltr' id='par_1_75' title="bbox 157 4467 1718 4549">
     <span class='ocr_line' id='line_1_75' title="bbox 157 4467 1718 4549; baseline -0.012 -12"><span class='ocrx_word' id='word_1_546' title='bbox 157 4481 325 4537; x_wconf 75' lang='lat' dir='ltr'><strong>sterio</strong></span> <span class='ocrx_word' id='word_1_547' title='bbox 348 4476 636 4549; x_wconf 83' lang='lat' dir='ltr'><strong>c’orporali,</strong></span> <span class='ocrx_word' id='word_1_548' title='bbox 666 4474 903 4528; x_wconf 88' lang='lat' dir='ltr'><strong>laborem</strong></span> <span class='ocrx_word' id='word_1_549' title='bbox 926 4488 1077 4527; x_wconf 80' lang='lat' dir='ltr'><strong>suum</strong></span> <span class='ocrx_word' id='word_1_550' title='bbox 1102 4480 1282 4525; x_wconf 91' lang='lat' dir='ltr'><strong>mutuo</strong></span> <span class='ocrx_word' id='word_1_551' title='bbox 1304 4467 1640 4529; x_wconf 88' lang='lat' dir='ltr'><strong>relevabunt;</strong></span> <span class='ocrx_word' id='word_1_552' title='bbox 1663 4475 1718 4521; x_wconf 88' lang='lat' dir='ltr'><strong>et</strong></span> 
     </span>
    </p>
   </div>
   <div class='ocr_carea' id='block_1_76' title="bbox 161 4558 1713 4643">
    <p class='ocr_par' dir='ltr' id='par_1_76' title="bbox 161 4558 1713 4643">
     <span class='ocr_line' id='line_1_76' title="bbox 161 4558 1713 4643; baseline -0.012 -14"><span class='ocrx_word' id='word_1_553' title='bbox 161 4570 450 4643; x_wconf 71' lang='lat' dir='ltr'><strong>quamlibet</strong></span> <span class='ocrx_word' id='word_1_554' title='bbox 478 4568 778 4637; x_wconf 88' lang='lat' dir='ltr'><strong>cuicunque</strong></span> <span class='ocrx_word' id='word_1_555' title='bbox 827 4565 978 4633; x_wconf 89' lang='lat' dir='ltr'><strong>operi</strong></span> <span class='ocrx_word' id='word_1_556' title='bbox 1018 4576 1139 4618; x_wconf 90' lang='lat' dir='ltr'><strong>esse</strong></span> <span class='ocrx_word' id='word_1_557' title='bbox 1180 4563 1455 4616; x_wconf 86' lang='lat' dir='ltr'><strong>videantur</strong></span> <span class='ocrx_word' id='word_1_558' title='bbox 1497 4558 1713 4622; x_wconf 89' lang='lat' dir='ltr'><strong>intenti,</strong></span> 
     </span>
    </p>
   </div>
   <div class='ocr_carea' id='block_1_77' title="bbox 1793 3366 3350 3438">
    <p class='ocr_par' dir='ltr' id='par_1_77' title="bbox 1793 3366 3350 3438">
     <span class='ocr_line' id='line_1_77' title="bbox 1793 3366 3350 3438; baseline -0.005 -13"><span class='ocrx_word' id='word_1_559' title='bbox 1793 3372 1890 3425; x_wconf 85' lang='lat' dir='ltr'><strong>bus</strong></span> <span class='ocrx_word' id='word_1_560' title='bbox 1913 3385 1996 3437; x_wconf 54' lang='lat' dir='ltr'><strong>,ue</strong></span> <span class='ocrx_word' id='word_1_561' title='bbox 2013 3370 2338 3438; x_wconf 71' lang='lat' dir='ltr'><strong>temperibus</strong></span> <span class='ocrx_word' id='word_1_562' title='bbox 2361 3366 2663 3437; x_wconf 83' lang='lat' dir='ltr'><strong>requirendi</strong></span> <span class='ocrx_word' id='word_1_563' title='bbox 2682 3367 2856 3420; x_wconf 88' lang='lat' dir='ltr'><strong>aditus</strong></span> <span class='ocrx_word' id='word_1_564' title='bbox 2877 3367 3161 3421; x_wconf 64' lang='lat' dir='ltr'><strong>relaXetur.</strong></span> <span class='ocrx_word' id='word_1_565' title='bbox 3185 3368 3350 3432; x_wconf 83' lang='lat' dir='ltr'><strong>Quem</strong></span> 
     </span>
    </p>
   </div>
   <div class='ocr_carea' id='block_1_78' title="bbox 1796 3460 3353 3529">
    <p class='ocr_par' dir='ltr' id='par_1_78' title="bbox 1796 3460 3353 3529">
     <span class='ocr_line' id='line_1_78' title="bbox 1796 3460 3353 3529; baseline -0.003 -11"><span class='ocrx_word' id='word_1_566' title='bbox 1796 3473 1971 3518; x_wconf 91' lang='lat' dir='ltr'><strong>tamen</strong></span> <span class='ocrx_word' id='word_1_567' title='bbox 2003 3464 2349 3518; x_wconf 89' lang='lat' dir='ltr'><strong>vehementer</strong></span> <span class='ocrx_word' id='word_1_568' title='bbox 2384 3476 2574 3516; x_wconf 87' lang='lat' dir='ltr'><strong>cavere</strong></span> <span class='ocrx_word' id='word_1_569' title='bbox 2602 3460 2898 3529; x_wconf 90' lang='lat' dir='ltr'><strong>decipulam</strong></span> <span class='ocrx_word' id='word_1_570' title='bbox 2945 3461 3126 3516; x_wconf 70' lang='lat' dir='ltr'><strong>saeculi</strong></span> <span class='ocrx_word' id='word_1_571' title='bbox 3165 3477 3353 3514; x_wconf 75' lang='lat' dir='ltr'><strong>cutth-</strong></span> 
     </span>
    </p>
   </div>
   <div class='ocr_carea' id='block_1_79' title="bbox 1798 3554 3357 3622">
    <p class='ocr_par' dir='ltr' id='par_1_79' title="bbox 1798 3554 3357 3622">
     <span class='ocr_line' id='line_1_79' title="bbox 1798 3554 3357 3622; baseline -0.002 -16"><span class='ocrx_word' id='word_1_572' title='bbox 1798 3556 1911 3620; x_wconf 81' lang='lat' dir='ltr'><strong>itit;</strong></span> <span class='ocrx_word' id='word_1_573' title='bbox 1942 3569 2007 3608; x_wconf 90' lang='lat' dir='ltr'><strong>ne</strong></span> <span class='ocrx_word' id='word_1_574' title='bbox 2037 3554 2161 3608; x_wconf 91' lang='lat' dir='ltr'><strong>dum</strong></span> <span class='ocrx_word' id='word_1_575' title='bbox 2189 3554 2323 3606; x_wconf 91' lang='lat' dir='ltr'><strong>alios</strong></span> <span class='ocrx_word' id='word_1_576' title='bbox 2358 3561 2508 3622; x_wconf 83' lang='lat' dir='ltr'><strong>putat</strong></span> <span class='ocrx_word' id='word_1_577' title='bbox 2555 3565 2711 3621; x_wconf 87' lang='lat' dir='ltr'><strong>posse</strong></span> <span class='ocrx_word' id='word_1_578' title='bbox 2738 3554 3036 3621; x_wconf 81' lang='lat' dir='ltr'><strong>acquirere,</strong></span> <span class='ocrx_word' id='word_1_579' title='bbox 3068 3554 3296 3620; x_wconf 84' lang='lat' dir='ltr'><strong>seipsutu</strong></span> <span class='ocrx_word' id='word_1_580' title='bbox 3329 3568 3357 3604; x_wconf 68' lang='grc' dir='ltr'><strong>τι</strong></span> 
     </span>
    </p>
   </div>
   <div class='ocr_carea' id='block_1_80' title="bbox 1800 3644 2477 3700">
    <p class='ocr_par' dir='ltr' id='par_1_80' title="bbox 1800 3644 2477 3700">
     <span class='ocr_line' id='line_1_80' title="bbox 1800 3644 2477 3700; baseline -0.004 0"><span class='ocrx_word' id='word_1_581' title='bbox 1800 3646 2023 3700; x_wconf 88' lang='lat' dir='ltr'><strong>Domino</strong></span> <span class='ocrx_word' id='word_1_582' title='bbox 2051 3646 2203 3699; x_wconf 85' lang='lat' dir='ltr'><strong>faciat</strong></span> <span class='ocrx_word' id='word_1_583' title='bbox 2225 3644 2477 3699; x_wconf 88' lang='lat' dir='ltr'><strong>alienum.</strong></span> 
     </span>
    </p>
   </div>
   <div class='ocr_carea' id='block_1_81' title="bbox 1870 3722 3360 3804">
    <p class='ocr_par' dir='ltr' id='par_1_81' title="bbox 1870 3722 3360 3804">
     <span class='ocr_line' id='line_1_81' title="bbox 1870 3722 3360 3804; baseline -0.002 -10"><span class='ocrx_word' id='word_1_584' title='bbox 1870 3738 1996 3794; x_wconf 71' lang='lat' dir='ltr'><strong>Car.</strong></span> <span class='ocrx_word' id='word_1_585' title='bbox 2028 3754 2142 3792; x_wconf 74' lang='lat' dir='ltr'><strong>xm.</strong></span> <span class='ocrx_word' id='word_1_586' title='bbox 2173 3738 2252 3792; x_wconf 85' lang='lat' dir='ltr'><strong>Ad</strong></span> <span class='ocrx_word' id='word_1_587' title='bbox 2295 3722 2595 3791; x_wconf 81' lang='lat' dir='ltr'><strong>convivium</strong></span> <span class='ocrx_word' id='word_1_588' title='bbox 2636 3735 2871 3804; x_wconf 85' lang='lat' dir='ltr'><strong>nuptiale</strong></span> <span class='ocrx_word' id='word_1_589' title='bbox 2901 3736 3078 3787; x_wconf 86' lang='lat' dir='ltr'><strong>nullus</strong></span> <span class='ocrx_word' id='word_1_590' title='bbox 3105 3738 3360 3791; x_wconf 82' lang='lat' dir='ltr'><strong>accedat:</strong></span> 
     </span>
    </p>
   </div>
   <div class='ocr_carea' id='block_1_82' title="bbox 1805 3828 3362 3902">
    <p class='ocr_par' dir='ltr' id='par_1_82' title="bbox 1805 3828 3362 3902">
     <span class='ocr_line' id='line_1_82' title="bbox 1805 3828 3362 3902; baseline -0.006 -15"><span class='ocrx_word' id='word_1_591' title='bbox 1805 3848 1872 3887; x_wconf 91' lang='lat' dir='ltr'><strong>ne</strong></span> <span class='ocrx_word' id='word_1_592' title='bbox 1896 3847 1991 3902; x_wconf 83' lang='lat' dir='ltr'><strong>per</strong></span> <span class='ocrx_word' id='word_1_593' title='bbox 2018 3832 2289 3886; x_wconf 81' lang='lat' dir='ltr'><strong>lasciviam</strong></span> <span class='ocrx_word' id='word_1_594' title='bbox 2319 3829 2654 3884; x_wconf 63' lang='lat' dir='ltr'><strong>saecularium</strong></span> <span class='ocrx_word' id='word_1_595' title='bbox 2685 3842 2801 3895; x_wconf 73' lang='lat' dir='ltr'><strong>qua!</strong></span> <span class='ocrx_word' id='word_1_596' title='bbox 2850 3837 2973 3879; x_wconf 87' lang='lat' dir='ltr'><strong>sunt</strong></span> <span class='ocrx_word' id='word_1_597' title='bbox 3002 3828 3178 3880; x_wconf 69' lang='lat' dir='ltr'><strong>saeculi</strong></span> <span class='ocrx_word' id='word_1_598' title='bbox 3214 3844 3362 3881; x_wconf 81' lang='lat' dir='ltr'><strong>reco—</strong></span> 
     </span>
    </p>
   </div>
   <div class='ocr_carea' id='block_1_83' title="bbox 1805 3916 3367 3993">
    <p class='ocr_par' dir='ltr' id='par_1_83' title="bbox 1805 3916 3367 3993">
     <span class='ocr_line' id='line_1_83' title="bbox 1805 3916 3367 3993; baseline -0.004 -17"><span class='ocrx_word' id='word_1_599' title='bbox 1805 3931 2050 3993; x_wconf 89' lang='lat' dir='ltr'><strong>gnoscat;</strong></span> <span class='ocrx_word' id='word_1_600' title='bbox 2084 3931 2155 3986; x_wconf 90' lang='lat' dir='ltr'><strong>et,</strong></span> <span class='ocrx_word' id='word_1_601' title='bbox 2185 3919 2321 3988; x_wconf 86' lang='lat' dir='ltr'><strong>quod</strong></span> <span class='ocrx_word' id='word_1_602' title='bbox 2347 3919 2508 3981; x_wconf 87' lang='lat' dir='ltr'><strong>absit,</strong></span> <span class='ocrx_word' id='word_1_603' title='bbox 2540 3917 2604 3969; x_wconf 84' lang='lat' dir='ltr'><strong>ad</strong></span> <span class='ocrx_word' id='word_1_604' title='bbox 2638 3916 2817 3969; x_wconf 87' lang='lat' dir='ltr'><strong>mundi</strong></span> <span class='ocrx_word' id='word_1_605' title='bbox 2851 3916 3007 3985; x_wconf 80' lang='lat' dir='ltr'><strong>hujus</strong></span> <span class='ocrx_word' id='word_1_606' title='bbox 3038 3917 3221 3979; x_wconf 89' lang='lat' dir='ltr'><strong>vitam,</strong></span> <span class='ocrx_word' id='word_1_607' title='bbox 3271 3920 3367 3972; x_wconf 60' lang='lat' dir='ltr'><strong>etsi</strong></span> 
     </span>
    </p>
   </div>
   <div class='ocr_carea' id='block_1_84' title="bbox 1807 4006 3380 4080">
    <p class='ocr_par' dir='ltr' id='par_1_84' title="bbox 1807 4006 3380 4080">
     <span class='ocr_line' id='line_1_84' title="bbox 1807 4006 3380 4080; baseline -0.006 -13"><span class='ocrx_word' id='word_1_608' title='bbox 1807 4027 1913 4066; x_wconf 91' lang='lat' dir='ltr'><strong>non</strong></span> <span class='ocrx_word' id='word_1_609' title='bbox 1932 4026 2174 4080; x_wconf 88' lang='lat' dir='ltr'><strong>corpore,</strong></span> <span class='ocrx_word' id='word_1_610' title='bbox 2198 4009 2375 4061; x_wconf 90' lang='lat' dir='ltr'><strong>animo</strong></span> <span class='ocrx_word' id='word_1_611' title='bbox 2393 4015 2699 4067; x_wconf 87' lang='lat' dir='ltr'><strong>revocetur,</strong></span> <span class='ocrx_word' id='word_1_612' title='bbox 2720 4007 2857 4058; x_wconf 88' lang='lat' dir='ltr'><strong>sicut</strong></span> <span class='ocrx_word' id='word_1_613' title='bbox 2878 4006 3014 4059; x_wconf 77' lang='lat' dir='ltr'><strong>dixit</strong></span> <span class='ocrx_word' id='word_1_614' title='bbox 3038 4006 3304 4061; x_wconf 84' lang='lat' dir='ltr'><strong>beatissim</strong></span> <span class='ocrx_word' id='word_1_615' title='bbox 3316 4022 3380 4058; x_wconf 67' lang='lat' dir='ltr'><strong>ut</strong></span> 
     </span>
    </p>
   </div>
   <div class='ocr_carea' id='block_1_85' title="bbox 1810 4099 3369 4177">
    <p class='ocr_par' dir='ltr' id='par_1_85' title="bbox 1810 4099 3369 4177">
     <span class='ocr_line' id='line_1_85' title="bbox 1810 4099 3369 4177; baseline -0.004 -18"><span class='ocrx_word' id='word_1_616' title='bbox 1810 4105 2159 4177; x_wconf 80' lang='lat' dir='ltr'><strong>Cyprianus:</strong></span> <span class='ocrx_word' id='word_1_617' title='bbox 2213 4100 2542 4153; x_wconf 75' lang='lat' dir='ltr'><strong>Adulterium</strong></span> <span class='ocrx_word' id='word_1_618' title='bbox 2604 4099 2724 4150; x_wconf 83' lang='lat' dir='ltr'><strong>dum</strong></span> <span class='ocrx_word' id='word_1_619' title='bbox 2779 4099 3003 4171; x_wconf 75' lang='lat' dir='ltr'><strong>videtur,</strong></span> <span class='ocrx_word' id='word_1_620' title='bbox 3064 4108 3111 4151; x_wconf 80' lang='lat' dir='ltr'><strong>et</strong></span> <span class='ocrx_word' id='word_1_621' title='bbox 3166 4099 3369 4153; x_wconf 76' lang='lat' dir='ltr'><strong>discitur</strong></span> 
     </span>
    </p>
   </div>
   <div class='ocr_carea' id='block_1_86' title="bbox 1760 4178 3371 4277">
    <p class='ocr_par' dir='ltr' id='par_1_86' title="bbox 1760 4178 3371 4277">
     <span class='ocr_line' id='line_1_86' title="bbox 1760 4178 3371 4277; baseline -0.001 -31"><span class='ocrx_word' id='word_1_622' title='bbox 1760 4274 1764 4277; x_wconf 7' lang='grc' dir='ltr'><strong>Χ</strong></span> <span class='ocrx_word' id='word_1_623' title='bbox 1814 4189 1918 4257; x_wconf 87' lang='lat' dir='ltr'><strong>Qui</strong></span> <span class='ocrx_word' id='word_1_624' title='bbox 1962 4189 2175 4260; x_wconf 75' lang='lat' dir='ltr'><strong>(Ep/tes.</strong></span> <span class='ocrx_word' id='word_1_625' title='bbox 2217 4192 2293 4256; x_wconf 76' lang='lat' dir='ltr'><strong>vi.</strong></span> <span class='ocrx_word' id='word_1_626' title='bbox 2322 4190 2557 4260; x_wconf 84' lang='lat' dir='ltr'><strong>ioculare</strong></span> <span class='ocrx_word' id='word_1_627' title='bbox 2592 4190 2785 4259; x_wconf 87' lang='lat' dir='ltr'><strong>aliquid</strong></span> <span class='ocrx_word' id='word_1_628' title='bbox 2820 4178 2902 4244; x_wconf 82' lang='lat' dir='ltr'><strong>vel</strong></span> <span class='ocrx_word' id='word_1_629' title='bbox 2932 4192 3060 4244; x_wconf 87' lang='lat' dir='ltr'><strong>risui</strong></span> <span class='ocrx_word' id='word_1_630' title='bbox 3114 4204 3291 4260; x_wconf 85' lang='lat' dir='ltr'><strong>aptum</strong></span> <span class='ocrx_word' id='word_1_631' title='bbox 3321 4194 3371 4245; x_wconf 85' lang='lat' dir='ltr'><strong>in</strong></span> 
     </span>
    </p>
   </div>
   <div class='ocr_carea' id='block_1_87' title="bbox 1814 4282 3373 4363">
    <p class='ocr_par' dir='ltr' id='par_1_87' title="bbox 1814 4282 3373 4363">
     <span class='ocr_line' id='line_1_87' title="bbox 1814 4282 3373 4363; baseline -0.004 -20"><span class='ocrx_word' id='word_1_632' title='bbox 1814 4295 2076 4343; x_wconf 86' lang='lat' dir='ltr'><strong>conventu</strong></span> <span class='ocrx_word' id='word_1_633' title='bbox 2120 4284 2353 4363; x_wconf 67' lang='lat' dir='ltr'><strong>fratrum</strong></span> <span class='ocrx_word' id='word_1_634' title='bbox 2396 4283 2636 4351; x_wconf 86' lang='lat' dir='ltr'><strong>proferre</strong></span> <span class='ocrx_word' id='word_1_635' title='bbox 2689 4282 3107 4351; x_wconf 75' lang='lat' dir='ltr'><strong>prmsumpserit,</strong></span> <span class='ocrx_word' id='word_1_636' title='bbox 3158 4282 3237 4335; x_wconf 90' lang='lat' dir='ltr'><strong>vel</strong></span> <span class='ocrx_word' id='word_1_637' title='bbox 3289 4283 3373 4346; x_wconf 78' lang='lat' dir='ltr'><strong>oui</strong></span> 
     </span>
    </p>
   </div>
   <div class='ocr_carea' id='block_1_88' title="bbox 1816 4373 3375 4448">
    <p class='ocr_par' dir='ltr' id='par_1_88' title="bbox 1816 4373 3375 4448">
     <span class='ocr_line' id='line_1_88' title="bbox 1816 4373 3375 4448; baseline -0.005 -13"><span class='ocrx_word' id='word_1_638' title='bbox 1816 4394 1935 4436; x_wconf 92' lang='lat' dir='ltr'><strong>cum</strong></span> <span class='ocrx_word' id='word_1_639' title='bbox 1981 4376 2279 4448; x_wconf 81' lang='lat' dir='ltr'><strong>junioribus</strong></span> <span class='ocrx_word' id='word_1_640' title='bbox 2322 4376 2479 4430; x_wconf 87' lang='lat' dir='ltr'><strong>verba</strong></span> <span class='ocrx_word' id='word_1_641' title='bbox 2528 4374 2697 4427; x_wconf 85' lang='lat' dir='ltr'><strong>otiosa</strong></span> <span class='ocrx_word' id='word_1_642' title='bbox 2737 4386 2961 4427; x_wconf 86' lang='lat' dir='ltr'><strong>narrare</strong></span> <span class='ocrx_word' id='word_1_643' title='bbox 3011 4373 3259 4437; x_wconf 87' lang='lat' dir='ltr'><strong>voluerit,</strong></span> <span class='ocrx_word' id='word_1_644' title='bbox 3290 4384 3375 4427; x_wconf 89' lang='lat' dir='ltr'><strong>aut</strong></span> 
     </span>
    </p>
   </div>
   <div class='ocr_carea' id='block_1_89' title="bbox 1821 4456 3378 4533">
    <p class='ocr_par' dir='ltr' id='par_1_89' title="bbox 1821 4456 3378 4533">
     <span class='ocr_line' id='line_1_89' title="bbox 1821 4456 3378 4533; baseline -0.005 -8"><span class='ocrx_word' id='word_1_645' title='bbox 1821 4456 2016 4525; x_wconf 86' lang='lat' dir='ltr'><strong>habere</strong></span> <span class='ocrx_word' id='word_1_646' title='bbox 2062 4467 2322 4524; x_wconf 88' lang='lat' dir='ltr'><strong>amicitias</strong></span> <span class='ocrx_word' id='word_1_647' title='bbox 2376 4466 2548 4521; x_wconf 67' lang='lat' dir='ltr'><strong>(etatis</strong></span> <span class='ocrx_word' id='word_1_648' title='bbox 2577 4465 2828 4530; x_wconf 70' lang='lat' dir='ltr'><strong>infirmte,</strong></span> <span class='ocrx_word' id='word_1_649' title='bbox 2879 4463 3291 4533; x_wconf 68' lang='lat' dir='ltr'><strong>increpatiooi,‘</strong></span> <span class='ocrx_word' id='word_1_650' title='bbox 3320 4477 3378 4517; x_wconf 91' lang='lat' dir='ltr'><strong>ut</strong></span> 
     </span>
    </p>
   </div>
   <div class='ocr_carea' id='block_1_90' title="bbox 1821 4555 3379 4633">
    <p class='ocr_par' dir='ltr' id='par_1_90' title="bbox 1821 4555 3379 4633">
     <span class='ocr_line' id='line_1_90' title="bbox 1821 4555 3379 4633; baseline -0.006 -16"><span class='ocrx_word' id='word_1_651' title='bbox 1821 4562 2010 4633; x_wconf 70' lang='lat' dir='ltr'><strong>dignus</strong></span> <span class='ocrx_word' id='word_1_652' title='bbox 2055 4569 2165 4626; x_wconf 89' lang='lat' dir='ltr'><strong>est,</strong></span> <span class='ocrx_word' id='word_1_653' title='bbox 2196 4558 2509 4629; x_wconf 71' lang='lat' dir='ltr'><strong>subiacebit.</strong></span> <span class='ocrx_word' id='word_1_654' title='bbox 2554 4556 2611 4613; x_wconf 88' lang='lat' dir='ltr'><strong>Si</strong></span> <span class='ocrx_word' id='word_1_655' title='bbox 2666 4558 2786 4626; x_wconf 86' lang='lat' dir='ltr'><strong>quis</strong></span> <span class='ocrx_word' id='word_1_656' title='bbox 2811 4555 3060 4626; x_wconf 65' lang='lat' dir='ltr'><strong>quaelibet</strong></span> <span class='ocrx_word' id='word_1_657' title='bbox 3099 4556 3379 4619; x_wconf 79' lang='lat' dir='ltr'><strong>invenerit,</strong></span> 
     </span>
    </p>
   </div>
   <div class='ocr_carea' id='block_1_91' title="bbox 161 4640 3381 4731">
    <p class='ocr_par' dir='ltr' id='par_1_91' title="bbox 161 4640 3381 4731">
     <span class='ocr_line' id='line_1_91' title="bbox 161 4640 3381 4731; baseline -0.007 -11"><span class='ocrx_word' id='word_1_658' title='bbox 161 4640 346 4720; x_wconf 79' lang='lat' dir='ltr'><strong>orandi</strong></span> <span class='ocrx_word' id='word_1_659' title='bbox 391 4671 445 4717; x_wconf 89' lang='lat' dir='ltr'><strong>et</strong></span> <span class='ocrx_word' id='word_1_660' title='bbox 494 4661 751 4731; x_wconf 89' lang='lat' dir='ltr'><strong>psallendi</strong></span> <span class='ocrx_word' id='word_1_661' title='bbox 779 4670 1014 4727; x_wconf 88' lang='lat' dir='ltr'><strong>tempora</strong></span> <span class='ocrx_word' id='word_1_662' title='bbox 1050 4672 1153 4711; x_wconf 90' lang='lat' dir='ltr'><strong>non</strong></span> <span class='ocrx_word' id='word_1_663' title='bbox 1182 4655 1554 4710; x_wconf 79' lang='lat' dir='ltr'><strong>omittantzut</strong></span> <span class='ocrx_word' id='word_1_664' title='bbox 1587 4651 1711 4706; x_wconf 88' lang='lat' dir='ltr'><strong>dum</strong></span> <span class='ocrx_word' id='word_1_665' title='bbox 1746 4640 2036 4709; x_wconf 79' lang='lat' dir='ltr'><strong>Diuventa</strong></span> <span class='ocrx_word' id='word_1_666' title='bbox 2081 4667 2187 4706; x_wconf 88' lang='lat' dir='ltr'><strong>non</strong></span> <span class='ocrx_word' id='word_1_667' title='bbox 2239 4649 2411 4712; x_wconf 76' lang='lat' dir='ltr'><strong>celet,</strong></span> <span class='ocrx_word' id='word_1_668' title='bbox 2464 4658 2519 4703; x_wconf 91' lang='lat' dir='ltr'><strong>et</strong></span> <span class='ocrx_word' id='word_1_669' title='bbox 2569 4647 2936 4719; x_wconf 87' lang='lat' dir='ltr'><strong>cognoscenda</strong></span> <span class='ocrx_word' id='word_1_670' title='bbox 2984 4660 3087 4699; x_wconf 92' lang='lat' dir='ltr'><strong>non</strong></span> <span class='ocrx_word' id='word_1_671' title='bbox 3135 4648 3381 4700; x_wconf 83' lang='lat' dir='ltr'><strong>occultet.</strong></span> 
     </span>
    </p>
   </div>
   <div class='ocr_carea' id='block_1_92' title="bbox 164 4745 1720 4827">
    <p class='ocr_par' dir='ltr' id='par_1_92' title="bbox 164 4745 1720 4827">
     <span class='ocr_line' id='line_1_92' title="bbox 164 4745 1720 4827; baseline -0.011 -11"><span class='ocrx_word' id='word_1_672' title='bbox 164 4775 317 4817; x_wconf 82' lang='lat' dir='ltr'><strong>escas</strong></span> <span class='ocrx_word' id='word_1_673' title='bbox 342 4756 544 4827; x_wconf 85' lang='lat' dir='ltr'><strong>eligunt</strong></span> <span class='ocrx_word' id='word_1_674' title='bbox 592 4768 894 4823; x_wconf 66' lang='lat' dir='ltr'><strong>prmparare</strong></span> <span class='ocrx_word' id='word_1_675' title='bbox 923 4752 1193 4812; x_wconf 71' lang='lat' dir='ltr'><strong>carnales,</strong></span> <span class='ocrx_word' id='word_1_676' title='bbox 1219 4745 1533 4817; x_wconf 86' lang='lat' dir='ltr'><strong>spiritaliter</strong></span> <span class='ocrx_word' id='word_1_677' title='bbox 1558 4746 1720 4799; x_wconf 84' lang='lat' dir='ltr'><strong>verbo</strong></span> 
     </span>
    </p>
   </div>
   <div class='ocr_carea' id='block_1_93' title="bbox 168 4836 1722 4922">
    <p class='ocr_par' dir='ltr' id='par_1_93' title="bbox 168 4836 1722 4922">
     <span class='ocr_line' id='line_1_93' title="bbox 168 4836 1722 4922; baseline -0.012 -14"><span class='ocrx_word' id='word_1_678' title='bbox 168 4851 265 4908; x_wconf 83' lang='lat' dir='ltr'><strong>Dei</strong></span> <span class='ocrx_word' id='word_1_679' title='bbox 295 4859 349 4905; x_wconf 90' lang='lat' dir='ltr'><strong>et</strong></span> <span class='ocrx_word' id='word_1_680' title='bbox 376 4850 527 4904; x_wconf 76' lang='lat' dir='ltr'><strong>bona:</strong></span> <span class='ocrx_word' id='word_1_681' title='bbox 555 4844 903 4922; x_wconf 73' lang='lat' dir='ltr'><strong>conscientiae</strong></span> <span class='ocrx_word' id='word_1_682' title='bbox 931 4841 1273 4897; x_wconf 82' lang='lat' dir='ltr'><strong>meditatione</strong></span> <span class='ocrx_word' id='word_1_683' title='bbox 1299 4847 1605 4919; x_wconf 88' lang='lat' dir='ltr'><strong>pascantur.</strong></span> <span class='ocrx_word' id='word_1_684' title='bbox 1648 4836 1722 4895; x_wconf 84' lang='lat' dir='ltr'><strong>De</strong></span> 
     </span>
    </p>
   </div>
   <div class='ocr_carea' id='block_1_94' title="bbox 124 4927 1720 5013">
    <p class='ocr_par' dir='ltr' id='par_1_94' title="bbox 124 4927 1720 5013">
     <span class='ocr_line' id='line_1_94' title="bbox 124 4927 1720 5013; baseline -0.013 -15"><span class='ocrx_word' id='word_1_685' title='bbox 124 4944 130 4949; x_wconf 72' lang='grc'><em>”</em></span> <span class='ocrx_word' id='word_1_686' title='bbox 165 4958 272 5013; x_wconf 89' lang='lat' dir='ltr'><strong>quo</strong></span> <span class='ocrx_word' id='word_1_687' title='bbox 300 4952 475 4996; x_wconf 87' lang='lat' dir='ltr'><strong>tamen</strong></span> <span class='ocrx_word' id='word_1_688' title='bbox 506 4951 671 5007; x_wconf 88' lang='lat' dir='ltr'><strong>opere</strong></span> <span class='ocrx_word' id='word_1_689' title='bbox 703 4932 905 5013; x_wconf 76' lang='lat' dir='ltr'><strong>nullum</strong></span> <span class='ocrx_word' id='word_1_690' title='bbox 927 4934 1117 4987; x_wconf 83' lang='lat' dir='ltr'><strong>deesse</strong></span> <span class='ocrx_word' id='word_1_691' title='bbox 1141 4928 1406 4991; x_wconf 89' lang='lat' dir='ltr'><strong>convenit,</strong></span> <span class='ocrx_word' id='word_1_692' title='bbox 1432 4927 1534 4982; x_wconf 89' lang='lat' dir='ltr'><strong>nisi</strong></span> <span class='ocrx_word' id='word_1_693' title='bbox 1561 4941 1720 4995; x_wconf 89' lang='lat' dir='ltr'><strong>quem</strong></span> 
     </span>
    </p>
   </div>
   <div class='ocr_carea' id='block_1_95' title="bbox 168 5008 1759 5093">
    <p class='ocr_par' dir='ltr' id='par_1_95' title="bbox 168 5008 1759 5093">
     <span class='ocr_line' id='line_1_95' title="bbox 168 5008 1759 5093; baseline -0.014 -3"><span class='ocrx_word' id='word_1_694' title='bbox 168 5008 399 5090; x_wconf 67' lang='lat' dir='ltr'><strong>retentat</strong></span> <span class='ocrx_word' id='word_1_695' title='bbox 445 5029 761 5091; x_wconf 80' lang='lat' dir='ltr'><strong>infirmitas;</strong></span> <span class='ocrx_word' id='word_1_696' title='bbox 811 5008 901 5077; x_wconf 50' lang='lat' dir='ltr'><strong>hut</strong></span> <span class='ocrx_word' id='word_1_697' title='bbox 958 5039 1114 5093; x_wconf 90' lang='lat' dir='ltr'><strong>quem</strong></span> <span class='ocrx_word' id='word_1_698' title='bbox 1168 5020 1478 5091; x_wconf 59' lang='lat' dir='ltr'><strong>praepositus</strong></span> <span class='ocrx_word' id='word_1_699' title='bbox 1516 5018 1568 5070; x_wconf 93' lang='lat' dir='ltr'><strong>in</strong></span> <span class='ocrx_word' id='word_1_700' title='bbox 1615 5016 1759 5081; x_wconf 88' lang='lat' dir='ltr'><strong>alia_</strong></span> 
     </span>
    </p>
   </div>
   <div class='ocr_carea' id='block_1_96' title="bbox 170 5108 1727 5193">
    <p class='ocr_par' dir='ltr' id='par_1_96' title="bbox 170 5108 1727 5193">
     <span class='ocr_line' id='line_1_96' title="bbox 170 5108 1727 5193; baseline -0.012 -13"><span class='ocrx_word' id='word_1_701' title='bbox 170 5136 329 5180; x_wconf 80' lang='lat' dir='ltr'><strong>causa</strong></span> <span class='ocrx_word' id='word_1_702' title='bbox 359 5122 674 5193; x_wconf 63' lang='lat' dir='ltr'><strong>praeceperit</strong></span> <span class='ocrx_word' id='word_1_703' title='bbox 712 5114 982 5183; x_wconf 87' lang='lat' dir='ltr'><strong>occupari.</strong></span> <span class='ocrx_word' id='word_1_704' title='bbox 1016 5112 1094 5168; x_wconf 82' lang='lat' dir='ltr'><strong>Ad</strong></span> <span class='ocrx_word' id='word_1_705' title='bbox 1121 5113 1395 5167; x_wconf 88' lang='lat' dir='ltr'><strong>cellarium</strong></span> <span class='ocrx_word' id='word_1_706' title='bbox 1428 5123 1557 5188; x_wconf 82' lang='lat' dir='ltr'><strong>vero</strong></span> <span class='ocrx_word' id='word_1_707' title='bbox 1605 5108 1727 5163; x_wconf 85' lang='lat' dir='ltr'><strong>talis</strong></span> 
     </span>
    </p>
   </div>
   <div class='ocr_carea' id='block_1_97' title="bbox 169 5203 1725 5282">
    <p class='ocr_par' dir='ltr' id='par_1_97' title="bbox 169 5203 1725 5282">
     <span class='ocr_line' id='line_1_97' title="bbox 169 5203 1725 5282; baseline -0.013 -7"><span class='ocrx_word' id='word_1_708' title='bbox 169 5220 442 5275; x_wconf 84' lang='lat' dir='ltr'><strong>ordinetur</strong></span> <span class='ocrx_word' id='word_1_709' title='bbox 470 5215 674 5269; x_wconf 88' lang='lat' dir='ltr'><strong>abbatis</strong></span> <span class='ocrx_word' id='word_1_710' title='bbox 688 5211 916 5282; x_wconf 66' lang='lat' dir='ltr'><strong>iudicio,</strong></span> <span class='ocrx_word' id='word_1_711' title='bbox 939 5207 1021 5261; x_wconf 89' lang='lat' dir='ltr'><strong>vel</strong></span> <span class='ocrx_word' id='word_1_712' title='bbox 1046 5203 1267 5259; x_wconf 87' lang='lat' dir='ltr'><strong>consilio</strong></span> <span class='ocrx_word' id='word_1_713' title='bbox 1295 5206 1587 5265; x_wconf 89' lang='lat' dir='ltr'><strong>seniorum,</strong></span> <span class='ocrx_word' id='word_1_714' title='bbox 1620 5215 1725 5255; x_wconf 94' lang='lat' dir='ltr'><strong>non</strong></span> 
     </span>
    </p>
   </div>
   <div class='ocr_carea' id='block_1_98' title="bbox 170 5293 1727 5381">
    <p class='ocr_par' dir='ltr' id='par_1_98' title="bbox 170 5293 1727 5381">
     <span class='ocr_line' id='line_1_98' title="bbox 170 5293 1727 5381; baseline -0.015 -15"><span class='ocrx_word' id='word_1_715' title='bbox 170 5312 259 5381; x_wconf 85' lang='lat' dir='ltr'><strong>qui</strong></span> <span class='ocrx_word' id='word_1_716' title='bbox 290 5311 587 5364; x_wconf 84' lang='lat' dir='ltr'><strong>voluntates</strong></span> <span class='ocrx_word' id='word_1_717' title='bbox 614 5306 937 5374; x_wconf 82' lang='lat' dir='ltr'><strong>aliquorum,</strong></span> <span class='ocrx_word' id='word_1_718' title='bbox 973 5298 1065 5352; x_wconf 88' lang='lat' dir='ltr'><strong>sed</strong></span> <span class='ocrx_word' id='word_1_719' title='bbox 1102 5296 1453 5351; x_wconf 70' lang='lat' dir='ltr'><strong>necessitates-</strong></span> <span class='ocrx_word' id='word_1_720' title='bbox 1488 5293 1727 5349; x_wconf 88' lang='lat' dir='ltr'><strong>omnium</strong></span> 
     </span>
    </p>
   </div>
   <div class='ocr_carea' id='block_1_99' title="bbox 169 5382 1735 5458">
    <p class='ocr_par' dir='ltr' id='par_1_99' title="bbox 169 5382 1735 5458">
     <span class='ocr_line' id='line_1_99' title="bbox 169 5382 1735 5458; baseline -0.014 0"><span class='ocrx_word' id='word_1_721' title='bbox 169 5419 291 5458; x_wconf 85' lang='lat' dir='ltr'><strong>cum</strong></span> <span class='ocrx_word' id='word_1_722' title='bbox 322 5400 507 5453; x_wconf 89' lang='lat' dir='ltr'><strong>timore</strong></span> <span class='ocrx_word' id='word_1_723' title='bbox 537 5396 742 5450; x_wconf 87' lang='lat' dir='ltr'><strong>Domini</strong></span> <span class='ocrx_word' id='word_1_724' title='bbox 786 5405 839 5446; x_wconf 90' lang='lat' dir='ltr'><strong>et</strong></span> <span class='ocrx_word' id='word_1_725' title='bbox 894 5392 1112 5445; x_wconf 87' lang='lat' dir='ltr'><strong>fratrum</strong></span> <span class='ocrx_word' id='word_1_726' title='bbox 1142 5387 1433 5441; x_wconf 85' lang='lat' dir='ltr'><strong>dilectione</strong></span> <span class='ocrx_word' id='word_1_727' title='bbox 1485 5382 1735 5440; x_wconf 82' lang='lat' dir='ltr'><strong>conside-</strong></span> 
     </span>
    </p>
   </div>
   <div class='ocr_carea' id='block_1_100' title="bbox 173 5478 1729 5557">
    <p class='ocr_par' dir='ltr' id='par_1_100' title="bbox 173 5478 1729 5557">
     <span class='ocr_line' id='line_1_100' title="bbox 173 5478 1729 5557; baseline -0.003 -22"><span class='ocrx_word' id='word_1_728' title='bbox 173 5505 256 5549; x_wconf 62' lang='grc' dir='ltr'><strong>γει</strong></span> <span class='ocrx_word' id='word_1_729' title='bbox 289 5511 303 5546; x_wconf 84' lang='lat'><strong>;</strong></span> <span class='ocrx_word' id='word_1_730' title='bbox 335 5491 420 5557; x_wconf 75' lang='lat' dir='ltr'><strong>cui</strong></span> <span class='ocrx_word' id='word_1_731' title='bbox 462 5498 672 5549; x_wconf 79' lang='lat' dir='ltr'><strong>tamen,</strong></span> <span class='ocrx_word' id='word_1_732' title='bbox 717 5486 935 5539; x_wconf 81' lang='lat' dir='ltr'><strong>absente</strong></span> <span class='ocrx_word' id='word_1_733' title='bbox 985 5480 1285 5549; x_wconf 60' lang='lat' dir='ltr'><strong>prwposito,</strong></span> <span class='ocrx_word' id='word_1_734' title='bbox 1332 5491 1560 5531; x_wconf 87' lang='lat' dir='ltr'><strong>concors</strong></span> <span class='ocrx_word' id='word_1_735' title='bbox 1600 5478 1729 5531; x_wconf 81' lang='lat' dir='ltr'><strong>ohe-</strong></span> 
     </span>
    </p>
   </div>
   <div class='ocr_carea' id='block_1_101' title="bbox 175 5568 1731 5653">
    <p class='ocr_par' dir='ltr' id='par_1_101' title="bbox 175 5568 1731 5653">
     <span class='ocr_line' id='line_1_101' title="bbox 175 5568 1731 5653; baseline -0.012 -13"><span class='ocrx_word' id='word_1_736' title='bbox 175 5585 368 5640; x_wconf 86' lang='lat' dir='ltr'><strong>dientia</strong></span> <span class='ocrx_word' id='word_1_737' title='bbox 397 5577 728 5653; x_wconf 66' lang='lat' dir='ltr'><strong>prmbeatur;</strong></span> <span class='ocrx_word' id='word_1_738' title='bbox 773 5587 828 5631; x_wconf 90' lang='lat' dir='ltr'><strong>et</strong></span> <span class='ocrx_word' id='word_1_739' title='bbox 867 5576 953 5629; x_wconf 90' lang='lat' dir='ltr'><strong>ubi</strong></span> <span class='ocrx_word' id='word_1_740' title='bbox 998 5573 1195 5627; x_wconf 89' lang='lat' dir='ltr'><strong>utilitas</strong></span> <span class='ocrx_word' id='word_1_741' title='bbox 1231 5568 1567 5639; x_wconf 86' lang='lat' dir='ltr'><strong>poposcerit,</strong></span> <span class='ocrx_word' id='word_1_742' title='bbox 1593 5569 1731 5622; x_wconf 87' lang='lat' dir='ltr'><strong>sola-</strong></span> 
     </span>
    </p>
   </div>
   <div class='ocr_carea' id='block_1_102' title="bbox 177 5676 963 5745">
    <p class='ocr_par' dir='ltr' id='par_1_102' title="bbox 177 5676 963 5745">
     <span class='ocr_line' id='line_1_102' title="bbox 177 5676 963 5745; baseline -0.005 -15"><span class='ocrx_word' id='word_1_743' title='bbox 177 5676 307 5730; x_wconf 83' lang='lat' dir='ltr'><strong>tium</strong></span> <span class='ocrx_word' id='word_1_744' title='bbox 336 5692 439 5730; x_wconf 93' lang='lat' dir='ltr'><strong>non</strong></span> <span class='ocrx_word' id='word_1_745' title='bbox 466 5684 709 5745; x_wconf 75' lang='lat' dir='ltr'><strong>negezur.</strong></span> <span class='ocrx_word' id='word_1_746' title='bbox 956 5727 963 5730; x_wconf 93' lang='lat'>_</span> 
     </span>
    </p>
   </div>
   <div class='ocr_carea' id='block_1_103' title="bbox 246 5752 1733 5825">
    <p class='ocr_par' dir='ltr' id='par_1_103' title="bbox 246 5752 1733 5825">
     <span class='ocr_line' id='line_1_103' title="bbox 246 5752 1733 5825; baseline -0.011 -3"><span class='ocrx_word' id='word_1_747' title='bbox 246 5769 371 5823; x_wconf 73' lang='lat' dir='ltr'><strong>Car.</strong></span> <span class='ocrx_word' id='word_1_748' title='bbox 398 5783 471 5821; x_wconf 75' lang='grc' dir='ltr'><strong>ιι.</strong></span> <span class='ocrx_word' id='word_1_749' title='bbox 499 5764 808 5821; x_wconf 76' lang='lat' dir='ltr'><strong>Provisores</strong></span> <span class='ocrx_word' id='word_1_750' title='bbox 840 5758 1149 5813; x_wconf 88' lang='lat' dir='ltr'><strong>monasterii</strong></span> <span class='ocrx_word' id='word_1_751' title='bbox 1180 5758 1313 5812; x_wconf 88' lang='lat' dir='ltr'><strong>tales</strong></span> <span class='ocrx_word' id='word_1_752' title='bbox 1336 5762 1548 5825; x_wconf 89' lang='lat' dir='ltr'><strong>oportet</strong></span> <span class='ocrx_word' id='word_1_753' title='bbox 1577 5752 1733 5823; x_wconf 88' lang='lat' dir='ltr'><strong>eligi,</strong></span> 
     </span>
    </p>
   </div>
   <div class='ocr_carea' id='block_1_104' title="bbox 178 5844 1727 5927">
    <p class='ocr_par' dir='ltr' id='par_1_104' title="bbox 178 5844 1727 5927">
     <span class='ocr_line' id='line_1_104' title="bbox 178 5844 1727 5927; baseline -0.01 -11"><span class='ocrx_word' id='word_1_754' title='bbox 178 5856 266 5917; x_wconf 72' lang='lat' dir='ltr'><strong>vel</strong></span> <span class='ocrx_word' id='word_1_755' title='bbox 299 5857 550 5924; x_wconf 85' lang='lat' dir='ltr'><strong>ordinari,</strong></span> <span class='ocrx_word' id='word_1_756' title='bbox 577 5855 668 5927; x_wconf 87' lang='lat' dir='ltr'><strong>qui</strong></span> <span class='ocrx_word' id='word_1_757' title='bbox 697 5854 829 5909; x_wconf 86' lang='lat' dir='ltr'><strong>alios</strong></span> <span class='ocrx_word' id='word_1_758' title='bbox 856 5849 1117 5905; x_wconf 71' lang='lat' dir='ltr'><strong>mdiﬁcare</strong></span> <span class='ocrx_word' id='word_1_759' title='bbox 1146 5848 1269 5903; x_wconf 73' lang='lat' dir='ltr'><strong>vitae</strong></span> <span class='ocrx_word' id='word_1_760' title='bbox 1300 5862 1409 5903; x_wconf 73' lang='lat' dir='ltr'><strong>sua:</strong></span> <span class='ocrx_word' id='word_1_761' title='bbox 1438 5844 1727 5915; x_wconf 85' lang='lat' dir='ltr'><strong>probentur</strong></span> 
     </span>
    </p>
   </div>
   <div class='ocr_carea' id='block_1_105' title="bbox 1824 4739 3383 4816">
    <p class='ocr_par' dir='ltr' id='par_1_105' title="bbox 1824 4739 3383 4816">
     <span class='ocr_line' id='line_1_105' title="bbox 1824 4739 3383 4816; baseline -0.009 -13"><span class='ocrx_word' id='word_1_762' title='bbox 1824 4748 1976 4816; x_wconf 83' lang='lat' dir='ltr'><strong>Quod</strong></span> <span class='ocrx_word' id='word_1_763' title='bbox 2011 4748 2057 4801; x_wconf 84' lang='lat' dir='ltr'><strong>si</strong></span> <span class='ocrx_word' id='word_1_764' title='bbox 2081 4754 2289 4816; x_wconf 88' lang='lat' dir='ltr'><strong>reperta</strong></span> <span class='ocrx_word' id='word_1_765' title='bbox 2333 4745 2488 4799; x_wconf 90' lang='lat' dir='ltr'><strong>unius</strong></span> <span class='ocrx_word' id='word_1_766' title='bbox 2510 4743 2614 4796; x_wconf 88' lang='lat' dir='ltr'><strong>diei</strong></span> <span class='ocrx_word' id='word_1_767' title='bbox 2644 4741 2817 4804; x_wconf 71' lang='lat' dir='ltr'><strong>spatio</strong></span> <span class='ocrx_word' id='word_1_768' title='bbox 2857 4739 3189 4793; x_wconf 87' lang='lat' dir='ltr'><strong>convincitur</strong></span> <span class='ocrx_word' id='word_1_769' title='bbox 3213 4749 3383 4793; x_wconf 78' lang='lat' dir='ltr'><strong>reten-</strong></span> 
     </span>
    </p>
   </div>
   <div class='ocr_carea' id='block_1_106' title="bbox 1826 4834 3381 4905">
    <p class='ocr_par' dir='ltr' id='par_1_106' title="bbox 1826 4834 3381 4905">
     <span class='ocr_line' id='line_1_106' title="bbox 1826 4834 3381 4905; baseline -0.008 -10"><span class='ocrx_word' id='word_1_770' title='bbox 1826 4852 1986 4904; x_wconf 86' lang='lat' dir='ltr'><strong>tasse,</strong></span> <span class='ocrx_word' id='word_1_771' title='bbox 2018 4839 2143 4893; x_wconf 91' lang='lat' dir='ltr'><strong>furti</strong></span> <span class='ocrx_word' id='word_1_772' title='bbox 2184 4837 2428 4905; x_wconf 85' lang='lat' dir='ltr'><strong>contagio</strong></span> <span class='ocrx_word' id='word_1_773' title='bbox 2475 4850 2535 4889; x_wconf 86' lang='lat' dir='ltr'><strong>se</strong></span> <span class='ocrx_word' id='word_1_774' title='bbox 2579 4834 2898 4887; x_wconf 79' lang='lat' dir='ltr'><strong>macolatutn</strong></span> <span class='ocrx_word' id='word_1_775' title='bbox 2932 4846 3052 4886; x_wconf 83' lang='lat' dir='ltr'><strong>esse</strong></span> <span class='ocrx_word' id='word_1_776' title='bbox 3080 4840 3381 4897; x_wconf 74' lang='lat' dir='ltr'><strong>cognoscat.</strong></span> 
     </span>
    </p>
   </div>
   <div class='ocr_carea' id='block_1_107' title="bbox 1826 4921 3388 5002">
    <p class='ocr_par' dir='ltr' id='par_1_107' title="bbox 1826 4921 3388 5002">
     <span class='ocr_line' id='line_1_107' title="bbox 1826 4921 3388 5002; baseline -0.011 -15"><span class='ocrx_word' id='word_1_777' title='bbox 1826 4932 1885 4987; x_wconf 74' lang='lat' dir='ltr'><strong>S.</strong></span> <span class='ocrx_word' id='word_1_778' title='bbox 1930 4932 2049 5002; x_wconf 90' lang='lat' dir='ltr'><strong>quis</strong></span> <span class='ocrx_word' id='word_1_779' title='bbox 2099 4945 2242 4996; x_wconf 89' lang='lat' dir='ltr'><strong>eum,</strong></span> <span class='ocrx_word' id='word_1_780' title='bbox 2273 4928 2363 4995; x_wconf 88' lang='lat' dir='ltr'><strong>qtti</strong></span> <span class='ocrx_word' id='word_1_781' title='bbox 2414 4924 2802 4979; x_wconf 84' lang='lat' dir='ltr'><strong>districtionem</strong></span> <span class='ocrx_word' id='word_1_782' title='bbox 2835 4921 3139 4975; x_wconf 78' lang='lat' dir='ltr'><strong>monasterii</strong></span> <span class='ocrx_word' id='word_1_783' title='bbox 3170 4938 3270 4973; x_wconf 89' lang='lat' dir='ltr'><strong>non</strong></span> <span class='ocrx_word' id='word_1_784' title='bbox 3314 4922 3388 4971; x_wconf 85' lang='lat' dir='ltr'><strong>fe-</strong></span> 
     </span>
    </p>
   </div>
   <div class='ocr_carea' id='block_1_108' title="bbox 1827 5014 3361 5089">
    <p class='ocr_par' dir='ltr' id='par_1_108' title="bbox 1827 5014 3361 5089">
     <span class='ocr_line' id='line_1_108' title="bbox 1827 5014 3361 5089; baseline -0.012 -10"><span class='ocrx_word' id='word_1_785' title='bbox 1827 5039 1974 5088; x_wconf 92' lang='lat' dir='ltr'><strong>rens,</strong></span> <span class='ocrx_word' id='word_1_786' title='bbox 2007 5020 2184 5089; x_wconf 84' lang='lat' dir='ltr'><strong>fugam</strong></span> <span class='ocrx_word' id='word_1_787' title='bbox 2213 5016 2459 5071; x_wconf 89' lang='lat' dir='ltr'><strong>meditari</strong></span> <span class='ocrx_word' id='word_1_788' title='bbox 2501 5014 2803 5084; x_wconf 89' lang='lat' dir='ltr'><strong>agnoverit,</strong></span> <span class='ocrx_word' id='word_1_789' title='bbox 2856 5016 2900 5067; x_wconf 91' lang='lat' dir='ltr'><strong>si</strong></span> <span class='ocrx_word' id='word_1_790' title='bbox 2930 5028 3033 5067; x_wconf 92' lang='lat' dir='ltr'><strong>non</strong></span> <span class='ocrx_word' id='word_1_791' title='bbox 3062 5014 3236 5065; x_wconf 79' lang='lat' dir='ltr'><strong>Statim</strong></span> <span class='ocrx_word' id='word_1_792' title='bbox 3269 5027 3361 5078; x_wconf 84' lang='lat' dir='ltr'><strong>pro</strong></span> 
     </span>
    </p>
   </div>
   <div class='ocr_carea' id='block_1_109' title="bbox 1833 5106 3391 5185">
    <p class='ocr_par' dir='ltr' id='par_1_109' title="bbox 1833 5106 3391 5185">
     <span class='ocr_line' id='line_1_109' title="bbox 1833 5106 3391 5185; baseline -0.008 -16"><span class='ocrx_word' id='word_1_793' title='bbox 1833 5115 2045 5180; x_wconf 83' lang='lat' dir='ltr'><strong>diderit,</strong></span> <span class='ocrx_word' id='word_1_794' title='bbox 2078 5109 2397 5181; x_wconf 89' lang='lat' dir='ltr'><strong>perditionis</strong></span> <span class='ocrx_word' id='word_1_795' title='bbox 2426 5107 2569 5161; x_wconf 90' lang='lat' dir='ltr'><strong>illius</strong></span> <span class='ocrx_word' id='word_1_796' title='bbox 2600 5107 2907 5185; x_wconf 80' lang='lat' dir='ltr'><strong>participem</strong></span> <span class='ocrx_word' id='word_1_797' title='bbox 2930 5120 2991 5159; x_wconf 90' lang='lat' dir='ltr'><strong>se</strong></span> <span class='ocrx_word' id='word_1_798' title='bbox 3020 5119 3137 5159; x_wconf 87' lang='lat' dir='ltr'><strong>esse</strong></span> <span class='ocrx_word' id='word_1_799' title='bbox 3166 5121 3268 5157; x_wconf 80' lang='lat' dir='ltr'><strong>noti</strong></span> <span class='ocrx_word' id='word_1_800' title='bbox 3300 5106 3391 5156; x_wconf 89' lang='lat' dir='ltr'><strong>du-</strong></span> 
     </span>
    </p>
   </div>
   <div class='ocr_carea' id='block_1_110' title="bbox 1835 5198 3377 5271">
    <p class='ocr_par' dir='ltr' id='par_1_110' title="bbox 1835 5198 3377 5271">
     <span class='ocr_line' id='line_1_110' title="bbox 1835 5198 3377 5271; baseline -0.01 -9"><span class='ocrx_word' id='word_1_801' title='bbox 1835 5207 2002 5271; x_wconf 89' lang='lat' dir='ltr'><strong>bitet;</strong></span> <span class='ocrx_word' id='word_1_802' title='bbox 2031 5214 2085 5259; x_wconf 93' lang='lat' dir='ltr'><strong>et</strong></span> <span class='ocrx_word' id='word_1_803' title='bbox 2116 5201 2299 5256; x_wconf 89' lang='lat' dir='ltr'><strong>tandiu</strong></span> <span class='ocrx_word' id='word_1_804' title='bbox 2334 5209 2417 5255; x_wconf 90' lang='lat' dir='ltr'><strong>est</strong></span> <span class='ocrx_word' id='word_1_805' title='bbox 2459 5214 2488 5251; x_wconf 93' lang='lat' dir='ltr'><strong>a</strong></span> <span class='ocrx_word' id='word_1_806' title='bbox 2517 5208 2781 5253; x_wconf 86' lang='lat' dir='ltr'><strong>conventu</strong></span> <span class='ocrx_word' id='word_1_807' title='bbox 2814 5198 3031 5251; x_wconf 81' lang='lat' dir='ltr'><strong>fratrum</strong></span> <span class='ocrx_word' id='word_1_808' title='bbox 3064 5209 3377 5263; x_wconf 57' lang='lat' dir='ltr'><strong>sequestrao.</strong></span> 
     </span>
    </p>
   </div>
   <div class='ocr_carea' id='block_1_111' title="bbox 1839 5288 3394 5365">
    <p class='ocr_par' dir='ltr' id='par_1_111' title="bbox 1839 5288 3394 5365">
     <span class='ocr_line' id='line_1_111' title="bbox 1839 5288 3394 5365; baseline -0.009 -10"><span class='ocrx_word' id='word_1_809' title='bbox 1839 5301 1963 5363; x_wconf 84' lang='lat' dir='ltr'><strong>dus,</strong></span> <span class='ocrx_word' id='word_1_810' title='bbox 2014 5294 2245 5365; x_wconf 89' lang='lat' dir='ltr'><strong>quandiu</strong></span> <span class='ocrx_word' id='word_1_811' title='bbox 2287 5292 2378 5346; x_wconf 90' lang='lat' dir='ltr'><strong>ille</strong></span> <span class='ocrx_word' id='word_1_812' title='bbox 2418 5291 2599 5345; x_wconf 83' lang='lat' dir='ltr'><strong>valeat</strong></span> <span class='ocrx_word' id='word_1_813' title='bbox 2633 5290 2886 5345; x_wconf 89' lang='lat' dir='ltr'><strong>revocari.</strong></span> <span class='ocrx_word' id='word_1_814' title='bbox 2919 5288 2977 5343; x_wconf 87' lang='lat' dir='ltr'><strong>Si</strong></span> <span class='ocrx_word' id='word_1_815' title='bbox 3008 5289 3124 5355; x_wconf 84' lang='lat' dir='ltr'><strong>quis</strong></span> <span class='ocrx_word' id='word_1_816' title='bbox 3156 5289 3266 5341; x_wconf 65' lang='lat' dir='ltr'><strong>haec</strong></span> <span class='ocrx_word' id='word_1_817' title='bbox 3294 5305 3394 5341; x_wconf 82' lang='lat' dir='ltr'><strong>non</strong></span> 
     </span>
    </p>
   </div>
   <div class='ocr_carea' id='block_1_112' title="bbox 1839 5370 3396 5449">
    <p class='ocr_par' dir='ltr' id='par_1_112' title="bbox 1839 5370 3396 5449">
     <span class='ocr_line' id='line_1_112' title="bbox 1839 5370 3396 5449; baseline -0.011 -2"><span class='ocrx_word' id='word_1_818' title='bbox 1839 5390 1984 5447; x_wconf 92' lang='lat' dir='ltr'><strong>omni</strong></span> <span class='ocrx_word' id='word_1_819' title='bbox 2038 5389 2232 5440; x_wconf 86' lang='lat' dir='ltr'><strong>virtute</strong></span> <span class='ocrx_word' id='word_1_820' title='bbox 2271 5383 2545 5438; x_wconf 88' lang='lat' dir='ltr'><strong>studuerit</strong></span> <span class='ocrx_word' id='word_1_821' title='bbox 2597 5382 2821 5437; x_wconf 89' lang='lat' dir='ltr'><strong>Domino</strong></span> <span class='ocrx_word' id='word_1_822' title='bbox 2864 5370 3117 5449; x_wconf 80' lang='lat' dir='ltr'><strong>placitura</strong></span> <span class='ocrx_word' id='word_1_823' title='bbox 3165 5395 3396 5441; x_wconf 60' lang='lat' dir='ltr'><strong>servare,</strong></span> 
     </span>
    </p>
   </div>
   <div class='ocr_carea' id='block_1_113' title="bbox 1844 5474 3395 5542">
    <p class='ocr_par' dir='ltr' id='par_1_113' title="bbox 1844 5474 3395 5542">
     <span class='ocr_line' id='line_1_113' title="bbox 1844 5474 3395 5542; baseline -0.012 -1"><span class='ocrx_word' id='word_1_824' title='bbox 1844 5494 1899 5541; x_wconf 87' lang='lat' dir='ltr'><strong>et</strong></span> <span class='ocrx_word' id='word_1_825' title='bbox 1953 5481 2117 5538; x_wconf 88' lang='lat' dir='ltr'><strong>semel</strong></span> <span class='ocrx_word' id='word_1_826' title='bbox 2173 5493 2235 5531; x_wconf 91' lang='lat' dir='ltr'><strong>ac</strong></span> <span class='ocrx_word' id='word_1_827' title='bbox 2294 5477 2531 5532; x_wconf 88' lang='lat' dir='ltr'><strong>secundo</strong></span> <span class='ocrx_word' id='word_1_828' title='bbox 2584 5484 2857 5542; x_wconf 85' lang='lat' dir='ltr'><strong>correptus</strong></span> <span class='ocrx_word' id='word_1_829' title='bbox 2924 5489 3026 5527; x_wconf 92' lang='lat' dir='ltr'><strong>non</strong></span> <span class='ocrx_word' id='word_1_830' title='bbox 3096 5474 3395 5528; x_wconf 75' lang='lat' dir='ltr'><strong>emendave-</strong></span> 
     </span>
    </p>
   </div>
   <div class='ocr_carea' id='block_1_114' title="bbox 1840 5562 3398 5640">
    <p class='ocr_par' dir='ltr' id='par_1_114' title="bbox 1840 5562 3398 5640">
     <span class='ocr_line' id='line_1_114' title="bbox 1840 5562 3398 5640; baseline -0.015 -10"><span class='ocrx_word' id='word_1_831' title='bbox 1840 5575 1929 5637; x_wconf 89' lang='lat' dir='ltr'><strong>rit,</strong></span> <span class='ocrx_word' id='word_1_832' title='bbox 1958 5570 2281 5640; x_wconf 88' lang='lat' dir='ltr'><strong>reprehensa</strong></span> <span class='ocrx_word' id='word_1_833' title='bbox 2304 5566 2453 5635; x_wconf 77' lang='lat' dir='ltr'><strong>juxta</strong></span> <span class='ocrx_word' id='word_1_834' title='bbox 2502 5565 2671 5620; x_wconf 69' lang='lat' dir='ltr'><strong>aetatis</strong></span> <span class='ocrx_word' id='word_1_835' title='bbox 2696 5562 2917 5616; x_wconf 86' lang='lat' dir='ltr'><strong>formam</strong></span> <span class='ocrx_word' id='word_1_836' title='bbox 2949 5565 3196 5617; x_wconf 79' lang='lat' dir='ltr'><strong>convenit</strong></span> <span class='ocrx_word' id='word_1_837' title='bbox 3237 5562 3398 5613; x_wconf 71' lang='lat' dir='ltr'><strong>vin-tt.</strong></span> 
     </span>
    </p>
   </div>
   <div class='ocr_carea' id='block_1_115' title="bbox 1842 5648 2603 5719">
    <p class='ocr_par' dir='ltr' id='par_1_115' title="bbox 1842 5648 2603 5719">
     <span class='ocr_line' id='line_1_115' title="bbox 1842 5648 2603 5719; baseline 0 0"><span class='ocrx_word' id='word_1_838' title='bbox 1842 5664 1976 5719; x_wconf 86' lang='lat' dir='ltr'><strong>cari.</strong></span> <span class='ocrx_word' id='word_1_839' title='bbox 2476 5713 2483 5718; x_wconf 93' lang='lat'><strong>.</strong></span> <span class='ocrx_word' id='word_1_840' title='bbox 2602 5648 2603 5651; x_wconf 8' lang='grc' dir='ltr'>Ἴ</span> 
     </span>
    </p>
   </div>
   <div class='ocr_carea' id='block_1_116' title="bbox 1916 5743 3400 5817">
    <p class='ocr_par' dir='ltr' id='par_1_116' title="bbox 1916 5743 3400 5817">
     <span class='ocr_line' id='line_1_116' title="bbox 1916 5743 3400 5817; baseline -0.012 -9"><span class='ocrx_word' id='word_1_841' title='bbox 1916 5753 2055 5809; x_wconf 67' lang='lat' dir='ltr'><strong>Car.</strong></span> <span class='ocrx_word' id='word_1_842' title='bbox 2086 5766 2195 5805; x_wconf 78' lang='lat' dir='ltr'><strong>xtv.</strong></span> <span class='ocrx_word' id='word_1_843' title='bbox 2228 5748 2353 5803; x_wconf 71' lang='lat' dir='ltr'><strong>llaec</strong></span> <span class='ocrx_word' id='word_1_844' title='bbox 2380 5757 2507 5802; x_wconf 91' lang='lat' dir='ltr'><strong>sunt</strong></span> <span class='ocrx_word' id='word_1_845' title='bbox 2535 5761 2652 5817; x_wconf 82' lang='lat' dir='ltr'><strong>qua:</strong></span> <span class='ocrx_word' id='word_1_846' title='bbox 2681 5746 2732 5800; x_wconf 86' lang='lat' dir='ltr'><strong>in</strong></span> <span class='ocrx_word' id='word_1_847' title='bbox 2766 5746 3087 5797; x_wconf 85' lang='lat' dir='ltr'><strong>monasterio</strong></span> <span class='ocrx_word' id='word_1_848' title='bbox 3112 5743 3400 5796; x_wconf 65' lang='lat' dir='ltr'><strong>constituti,</strong></span> 
     </span>
    </p>
   </div>
   <div class='ocr_carea' id='block_1_117' title="bbox 1848 5834 3401 5912">
    <p class='ocr_par' dir='ltr' id='par_1_117' title="bbox 1848 5834 3401 5912">
     <span class='ocr_line' id='line_1_117' title="bbox 1848 5834 3401 5912; baseline -0.013 -8"><span class='ocrx_word' id='word_1_849' title='bbox 1848 5859 1946 5912; x_wconf 81' lang='lat' dir='ltr'><strong>pro</strong></span> <span class='ocrx_word' id='word_1_850' title='bbox 1974 5844 2079 5903; x_wconf 81' lang='lat' dir='ltr'><strong>Dei</strong></span> <span class='ocrx_word' id='word_1_851' title='bbox 2098 5854 2281 5898; x_wconf 84' lang='lat' dir='ltr'><strong>amore</strong></span> <span class='ocrx_word' id='word_1_852' title='bbox 2309 5851 2360 5897; x_wconf 88' lang='lat' dir='ltr'><strong>et</strong></span> <span class='ocrx_word' id='word_1_853' title='bbox 2385 5840 2576 5896; x_wconf 89' lang='lat' dir='ltr'><strong>timore</strong></span> <span class='ocrx_word' id='word_1_854' title='bbox 2591 5834 2840 5893; x_wconf 81' lang='lat' dir='ltr'><strong>convenit</strong></span> <span class='ocrx_word' id='word_1_855' title='bbox 2860 5834 3164 5890; x_wconf 84' lang='lat' dir='ltr'><strong>observare.</strong></span> <span class='ocrx_word' id='word_1_856' title='bbox 3196 5834 3401 5903; x_wconf 75' lang='lat' dir='ltr'><strong>l&#39;roptot</strong></span> 
     </span>
    </p>
   </div>
  </div>
