3804 6364
72 412 181 467 $35

921 417 1267 475 CUIUSDAM
1311 419 1550 476 PATRIS
1589 422 1863 479 RECULA
1910 428 1996 480 AD
2039 428 2418 485 MON.\lil'ii)S.

3136 437 3287 493 υῦΐϐ

69 523 325 587 citutline,
348 523 761 602 vos_dignabitur
785 528 1064 583 custodire.
1094 530 1158 584 Et
1180 531 1225 585 si
1253 532 1403 597 hanc,
1430 532 1494 585 de
1522 548 1629 600 qua
1666 536 1704 591 Α
1737 547 1948 601 nuntur,
1982 540 2118 592 sine'
2141 544 2560 597 murmuratione
2600 547 2831 599 serviant
2873 547 3143 603 fratribus.
3184 549 3287 604 Co—

70 617 280 680 inquur,
312 616 451 670 oculi
487 620 822 683 petulantiam
856 621 904 673 in
934 621 1107 691 aliquo
1135 633 1366 676 vestrum
1395 625 1509 691 quis
1536 624 1629 677 ad-

68 705 321 768 u-rturit,
350 709 529 759 statim
558 722 799 773 monete,
835 722 889 763 ut
925 713 992 766 de
1032 714 1270 779 proximo
1307 717 1620 783 corrigatur.

68 797 179 845 huc
220 809 276 847 se
317 805 459 863 putet
498 799 814 851 uialevolum
840 839 857 861 ,
898 802 1106 869 quando
1148 803 1249 856 hoc
1290 804 1487 857 indicat
1520 821 1533 869 ;
1574 817 1625 859 et

69 882 193 935 ideo
222 883 375 937 debet
409 885 660 952 publicari
688 890 772 955 qui
801 891 1057 955 ejusmodi
1086 901 1165 945 est
1185 933 1199 957 ,
1230 909 1295 947 ne
1321 894 1370 945 in
1395 895 1626 951 deterius

66 983 298 1030 crescat.
338 976 393 1030 Si
434 991 561 1032 vero
596 978 895 1038 admonitus
944 983 1226 1037 emendare
1287 987 1623 1054 neglexerit,

64 1064 255 1118 abbati
310 1075 392 1120 est
442 1067 812 1133 indicandum,
859 1080 912 1123 ut
948 1071 1015 1126 ab
1053 1073 1166 1138 ipso
1214 1076 1629 1129 etnetnlatoriam

66 1153 261 1205 subeat
290 1155 639 1224 disciplinam.
688 1158 741 1212 Si
769 1171 946 1214 autem
981 1177 1077 1216 nec
1105 1164 1183 1217 sic
1224 1166 1628 1230 emendauerit,

65 1246 226 1307 quasi
259 1248 370 1300 ovis
400 1239 693 1304 morbidaa
720 1266 888 1306 veStra
922 1256 1175 1309 societate
1208 1257 1524 1323 projiciatur.
1561 1274 1624 1312 ne

63 1335 322 1402 exemplo
359 1350 463 1394 suo,
495 1341 625 1393 alios
665 1342 891 1409 perdat,
934 1343 1005 1395 ita
1044 1344 1186 1397 enim
1222 1348 1290 1400 de
1326 1347 1629 1412 cupiditatis

69 1426 206 1477 vitio
239 1438 319 1479 est
346 1423 718 1496 inquirendum
743 1471 758 1497 ,
792 1442 846 1484 ut
871 1447 989 1485 cum
1031 1435 1129 1488 hoc
1169 1436 1291 1488 vitio
1330 1437 1631 1503 aglttbCllUl'

64 1519 187 1586 quis
217 1520 491 1585 laborare,
520 1524 802 1594 castigetur
828 1538 855 1576 a
886 1527 1144 1593 plurimis,
1191 1543 1307 1579 cum
1348 1530 1630 1583 dilectione

62 1612 298 1678 proximi
327 1621 382 1666 et
407 1614 530 1667 odio
559 1615 827 1669 vitiorum.

133 1721 268 1779 Car.
308 1742 414 1780 xix.
454 1729 552 1793 Qui
592 1744 718 1783 vero
757 1734 961 1786 litteras
994 1734 1073 1787 vel
1106 1714 1420 1791 munuscula
1449 1740 1625 1807 cujus-
1690 1796 1693 1797 ν

62 1828 286 1885 cunque
329 1820 569 1886 accipere
612 1825 1041 1890 praesumpserit,
1090 1827 1135 1879 si
1184 1844 1287 1881 tton
1326 1832 1535 1894 statim,
1598 1848 1625 1885 a

62 1922 175 1975 quo
203 1910 443 1978 accepit,
475 1922 530 1964 et
556 1927 670 1978 qua:
691 1916 892 1981 accepit
915 1916 1284 1985 publicaverit,
1309 1922 1621 1976 districtioni
1655 1912 1699 1971 Β

61 2001 422 2054 severissima:
439 2002 749 2070 Subjacebit.
771 2006 853 2057 Illa
880 2022 1003 2060 vero
1018 2024 1135 2076 quze
1158 2016 1459 2066 transmissa
1483 2025 1620 2079 sunt,

68 2091 370 2161 peregrinis
398 2102 451 2147 ct
483 2094 674 2163 ignotis
705 2097 1123 2165 deputabuntur,
1156 2110 1246 2153 aut
1271 2113 1417 2155 certe
1450 2105 1626 2157 incen-

60 2183 156 2237 dto
183 2187 587 2242 cremabantur.
626 2188 762 2245 Sane
793 2191 836 2243 si
867 2193 985 2260 quis
1017 2195 1123 2246 suis
1154 2196 1277 2249 [iliis
1297 2236 1311 2257 ,
1347 2197 1427 2250 vel
1453 2199 1624 2265 aliqua

60 2276 131 2329 2d
162 2292 223 2329 se
257 2280 644 2335 necessitudine
676 2284 1061 2348 pertinentibus
1087 2286 1281 2356 aliquid
1308 2290 1618 2353 centulcrit,

61 2365 116 2417 iu
147 2381 264 2419 rrm
292 2382 623 2423 communem
648 2374 916 2425 redacmni
938 2414 952 2439 ,
982 2375 1065 2427 cui
1094 2377 1443 2431 necessarium
1471 2378 1621 2433 luerit

60 2457 351 2512 tribuatur.
387 2460 438 2512 Si
473 2476 600 2515 vero
628 2465 711 2516 cui
744 2466 1105 2519 transmissum
1137 2478 1251 2531 est,
1282 2470 1444 2523 abbas
1484 2486 1618 2537 prte-

60 2550 273 2615 ceperit
300 2550 451 2616 dari,
484 2562 731 2621 tanquam
765 2557 961 2626 reliqua
993 2557 1220 2612 ﬁdelium
1252 2554 1469 2615 munera
1498 2576 1617 2616 cum

56 2640 349 2707 gratiarum
381 2648 590 2697 actione
621 2646 896 2713 percipiet.
928 2647 1323 2705 Observandum
1356 2664 1437 2706 est
1460 2654 1618 2709 etiam

58 2747 130 2786 ne
163 2734 434 2790 interioris
464 2739 653 2793 animae
681 2740 870 2793 sordes
912 2743 1189 2796 contrahat
1219 2745 1381 2797 vestis
1409 2746 1619 2801 mundae

58 2827 268 2881 nimius
310 2830 601 2897 appetitus.
641 2832 975 2901 Quapmpter
1027 2838 1317 2889 secandum
1351 2840 1615 2906 praepositi

54 2930 182 2974 sunt
209 2923 598 2978 ordinationem
628 2926 886 2982 lavanda»
919 2930 1045 2995 Quae
1077 2938 1180 2983 tam
1210 2932 1431 3000 simplici
1462 2942 1617 2988 erunt

52 3019 107 3063 ct
138 3013 322 3065 nativo
349 3013 529 3068 colore
559 3020 900 3081 procuranda).
920 3060 935 3081 ,
962 3029 1027 3075 ne
1050 3019 1368 3088 disparilitas
1392 3025 1612 3077 vestium

53 3102 257 3156 nutriat
291 3106 608 3174 arrogantia
650 3108 831 3161 \ititttn
861 3128 871 3161 :
909 3118 964 3165 et
1004 3112 1077 3164 ita
1108 3122 1232 3165 sunt
1261 3112 1612 3180 indigentibus

52 3195 349 3249 tribuenda:
369 3237 386 3263 ,
419 3214 484 3252 ne
514 3200 639 3254 vitio
667 3202 901 3256 avaritite
929 3214 1237 3269 reservatze,
1276 3205 1610 3273 providendis

50 3286 275 3354 singulis
303 3273 457 3342 detur
487 3292 728 3347 audacia.
771 3293 826 3348 Si
855 3296 975 3363 quis
1006 3310 1131 3348 vero
1159 3295 1240 3349 bis
1278 3296 1603 3365 negligenter

48 3383 353 3452 expetenda
394 3387 688 3454 putaverit,
736 3390 1002 3457 praepositi
1040 3391 1105 3462 sit
1144 3405 1305 3457 cura,
1345 3401 1403 3445 ut
1440 3392 1608 3446 inter-

46 3487 236 3530 versor
262 3491 439 3531 rerum
470 3480 923 3533 mo’nasterialium
954 3479 1268 3549 corrigatur.
1312 3485 1449 3535 Ante
1490 3495 1605 3534 om-

46 3567 132 3619 nia
163 3579 547 3636 procurantes,
582 3578 639 3623 ut
668 3569 785 3624 lites
818 3571 988 3624 nullas
1030 3570 1300 3636 habeatis;
1343 3573 1388 3624 si
1430 3581 1604 3625 autem

41 3657 264 3711 diabolo
286 3659 572 3729 instigante
602 3660 755 3716 factm
789 3663 985 3718 fuerint
1011 3704 1025 3728 ,
1056 3664 1216 3719 celeri
1246 3666 1602 3741 satisfactione

40 3761 300 3803 satientur
328 3769 344 3815 ;
375 3761 429 3806 et
456 3753 577 3808 inde
606 3755 945 3823 proferantur
974 3755 1206 3811 remedia
1231 3798 1246 3822 ,
1287 3757 1423 3810 unde
1464 3756 1597 3811 facta

40 3849 164 3901 sunt
193 3840 408 3892 vulnera
434 3857 450 3903 ;
480 3856 576 3896 nec
605 3845 815 3899 occidat
841 3846 920 3899 sol
946 3859 1108 3915 super
1150 3848 1472 3901 iracundiam
1511 3862 1601 3901 ve—

28 3932 209 3993 stram
253 3923 466 3997 (Eplm.
494 3926 593 3996 tv).
622 3927 1077 3988 Consuetudinem
1108 3934 1323 4004 jurandi
1354 3937 1594 4007 abjicite.

42 4016 129 4073 Sit
161 4033 347 4075 sermo
382 4030 563 4075 vester
584 4061 600 4084 ,
655 4032 740 4077 est
768 4032 870 4087 est,
912 4041 1018 4079 non
1051 4042 1157 4082 non
1186 4048 1200 4095 ;
1242 4030 1365 4100 quia
1394 4075 1407 4097 ,
1456 4033 1597 4087 sicut

42 4109 308 4167 Dominus
341 4113 416 4168 ait
453 4129 467 4169 :
502 4109 665 4181 Quod
686 4115 766 4170 his
795 4115 1151 4174 abundantius
1173 4132 1267 4188 est,
1298 4142 1331 4177 a
1361 4125 1499 4179 malo
1521 4134 1597 4205 est

42 4204 60 4271 (
72 4201 264 4259 .llattlt.
306 4206 383 4273 ν).

105 4306 237 4363 οη.
283 4304 379 4366 'u.
420 4312 655 4371 Pendere
685 4321 919 4373 VeStrum
950 4326 1053 4373 noti
1084 4320 1419 4390 frequentem
1445 4322 1593 4375 habi-

37 4400 302 4469 taculum,
331 4402 425 4458 sed
443 4418 568 4459 eum
596 4420 693 4476 pro
717 4409 999 4465 devotione
1023 4427 1117 4466 sua
1134 4453 1151 4478 ,
1177 4413 1259 4468 vel
1290 4430 1384 4481 pro
1408 4429 1591 4469 amore

34 4490 307 4562 religionis
347 4506 537 4562 vestrae
577 4498 893 4567 expeticrint
922 4507 1332 4571 monasterium,
1366 4523 1469 4561 non
1512 4510 1590 4562 eis

29 4587 355 4643 concedatur
378 4590 659 4647 interiores
685 4595 986 4648 monasterii
1008 4595 1199 4664 januas
1227 4599 1461 4665 introire,
1493 4602 1585 4656 sed

30 4672 81 4725 in
110 4678 367 4744 oratorio,
398 4690 490 4734 aut
513 4680 565 4734 in
599 4680 846 4759 hospitali
872 4658 1032 4738 domo
1063 4689 1312 4743 reddatur
1342 4691 1443 4744 illrs
1486 4692 1582 4745 bo-
1616 4658 1664 4718 υ

28 4775 128 4817 nor
161 4772 216 4817 et
253 4766 420 4834 gratia
453 4785 469 4823 :
507 4784 614 4825 non
653 4764 1065 4850 eispectationis
1103 4790 1262 4831 causa
1285 4818 1300 4843 ,
1342 4781 1434 4834 sed
1487 4797 1583 4850 pro

28 4779 128 4817 nor
161 4779 216 4817 et
253 4779 420 4834 gratia
453 4785 469 4823 :
507 4784 614 4825 non
653 4786 684 4826 e
723 4779 1065 4842 spectationis
1103 4790 1262 4831 causa
1285 4818 1300 4843 ,
1342 4794 1398 4834 se

28 4854 404 4910 constitutione
432 4860 629 4927 regulae
658 4779 738 4915 vl
766 4864 1070 4920 monasterii
1100 4864 1398 4933 disciplina.

92 4942 223 4997 Cui.
270 4959 387 5000 ut.
428 4945 829 5007 [inﬁrmitatibus
856 4968 1102 5023 quoque,
1135 4954 1218 5009 vel
1249 4955 1419 5023 aliqua
1452 4956 1579 5011 inre-

26 5035 277 5102 qualitate
305 5036 671 5095 laborantibus
705 5045 837 5098 satis
866 5045 1038 5101 ﬁdelis
1074 5056 1129 5101 et
1164 5054 1381 5101 strenua
1419 5049 1580 5103 debet

27 5141 249 5194 pascua
290 5117 559 5202 prrrponi;
600 5150 723 5204 qua:
760 5148 816 5192 et
851 5140 1064 5204 aegrotis
1097 5154 1217 5194 cum
1249 5140 1441 5207 pietate
1470 5155 1581 5195 ser-

28 5216 251 5283 viat,.et
289 5224 718 5280 monasterialem
768 5226 1105 5299 disciplinam
1144 5230 1457 5301 regulariter
1485 5246 1578 5285 cn-

28 5307 252 5373 stodiat,
296 5322 350 5366 et
385 5324 503 5370 quae
539 5315 864 5371 conveniunt
897 5318 1160 5388 inﬁrmis,
1200 5321 1582 5378 rationabiliter

30 5399 304 5465 expendat.

92 5516 220 5571 Car.
259 5531 395 5572 uti.
430 5520 527 5586 Qui
557 5524 776 5580 celiario
803 5539 930 5580 vero
958 5526 1039 5580 vel
1073 5526 1348 5584 codicibus
1372 5546 1579 5602 praepo-

1686 5535 1854 5589 bitntn
1882 5537 2199 5600 dimittatur,
2230 5551 2280 5591 et
2312 5538 2360 5599 in
2392 5531 2734 5593 tentaLionetn
2769 5556 2871 5592 non
2903 5540 3199 5593 inducatur.

1026 5688 1570 5756 necomsoau
1615 5694 1888 5758 PATRIS
1931 5696 2243 5760 necom

1733 626 1875 679 dices
1913 630 1997 695 qui
2040 639 2187 683 extra
2223 632 2408 683 horam
2443 636 2692 698 petierint
2715 678 2729 699 ,
2763 652 2864 687 non
2898 639 3199 704 accipiant;
3230 649 3288 692 et

1733 717 1820 783 qui
1859 720 1993 784 apud
2038 735 2095 773 se
2137 722 2418 775 hzabtterltil
2455 727 2681 789 amplius
2737 743 2889 789 quam
2943 731 3283 785 t'tttts‘lilttlttﬂt

1733 820 1852 866 2M,
1897 809 2126 861 telinete
2170 828 2271 863 non
2308 807 2551 865 audeant.
2596 816 2717 867 lla-c
2755 818 2803 866 in
2845 823 3051 868 nomne
3090 816 3282 871 Clitusti

1731 908 1985 965 agentes,
2028 901 2175 952 scitis
2213 917 2307 953 vos
2348 908 2598 966 prolicere
2625 944 2638 965 ,
2680 915 2728 957 ct
2770 924 2885 957 cum
2938 907 3193 960 suavitate
3230 922 3282 962 et

1733 985 1910 1051 quiete
1943 986 1992 1037 in
2024 994 2343 1043 monasterio
2376 994 2677 1058 perdurare.
2721 994 2940 1059 Quando
2978 1007 3149 1047 autem
3194 1018 3278 1049 ne-

1734 1087 1953 1130 ci-vsuas
1981 1082 2267 1145 discipliiue
2299 1082 2349 1134 in
2386 1086 2615 1137 tnoribus
2646 1087 2955 1139 coercendis
2983 1089 3157 1141 dicere
3192 1107 3294 1142 vos.

1732 1172 1889 1220 verba
1918 1170 2045 1222 dura
2070 1174 2336 1239 cunipcllit
2357 1217 2369 1235 ,
2401 1176 2604 1228 etiarnsi
2638 1179 2686 1228 in
2717 1180 2842 1245 ipsis
2871 1181 3078 1233 modum
3107 1197 3284 1235 eice»

1734 1259 1866 1310 sisse
1910 1275 2000 1311 vos
2045 1265 2264 1315 l‘oitnssc
2306 1264 2510 1317 sentitis
2551 1267 2875 1332 discipluw;
2925 1288 3023 1322 non
3065 1287 3092 1323 a
3136 1276 3282 1324 vobis

1732 1350 1976 1413 exigitur,
2019 1362 2071 1401 ut
2114 1354 2317 1405 veniam
2365 1356 2680 1421 postuletis:
2724 1373 2787 1410 ne
2826 1360 2959 1426 apud
3009 1376 3101 1415 eos
3151 1379 3282 1428 quos

1731 1449 1936 1504 Oportet
1966 1457 2083 1493 eve
2113 1442 2374 1506 subjectos
2394 1484 2407 1506 ,
2442 1447 2561 1496 dum
2598 1447 2809 1499 nimium
2840 1461 3076 1501 servatur
3108 1452 3280 1505 Immi-

1733 1529 1883 1593 itas,
1919 1533 2128 1595 78;.Clltil
2174 1533 2438 1601 frangatur
2476 1547 2777 1589 attenuatus.
2820 1539 3013 1593 Tamen
3057 1545 3278 1607 petenda

1733 1622 1880 1672 tertia
1922 1636 2001 1673 (νει
2041 1623 2106 1673 ab
2144 1628 2374 1677 omnium
2413 1626 2662 1691 Domino,
2694 1644 2779 1694 qui
2823 1632 2965 1681 novit
3003 1633 3157 1682 etiam
3187 1647 3284 1685 eos

1729 1726 1861 1781 quos
1896 1716 2011 1776 p'us
2037 1714 2177 1780 justo
2212 1715 2344 1767 forte
2375 1717 2659 1782 corripitis,
2690 1726 2881 1785 quanta
2913 1720 3275 1774 benevolentia

1728 1804 1975 1870 diligatis.
2010 1804 2249 1856 Charitas
2274 1806 2444 1871 enim,
2479 1808 2544 1859 de
2587 1823 2685 1875 qua
2724 1809 2973 1877 scriptum
3014 1821 3121 1876 est,
3161 1814 3281 1880 quia

1728 1908 1824 1943 non
1856 1893 2028 1959 quwrit
2056 1909 2165 1959 qua:
2192 1910 2283 1944 sua
2308 1892 2431 1945 mn
2457 1894 2515 1961 (Ι
2544 1892 2658 1947 Cor.
2685 1896 2807 1965 xui}
2829 1938 2845 1963 ,
2884 1900 3041 1951 etiam
3082 1902 3164 1952 hic
3202 1902 3280 1953 iii-

1730 1983 1978 2050 telligitur
2006 1984 2253 2036 Custodiri
2281 2000 2295 2037 :
2330 1986 2447 2053 quia
2476 1976 2603 2037 dum
2634 1987 2858 2040 alienant
2901 1991 3135 2041 nituntur
3177 1992 3276 2042 hu-

1727 2074 1931 2128 miliare
1960 2057 2258 2143 superbiam
2282 2115 2305 2136 ,,
2324 2084 2574 2142 quantum
2602 2077 2901 2131 desiderant
2928 2095 3038 2134 non
3060 2092 3280 2147 possunt

1728 2163 1990 2217 humiliari
2024 2180 2296 2232 personas.
2325 2166 2455 2231 Quia
2486 2156 2587 2219 non
2618 2158 2878 2230 carnalis,
2908 2172 2998 2222 sed
3030 2162 3278 2237 Spil'liails

1726 2255 1738 2307 i
1768 2266 1862 2308 iter
1892 2270 1986 2307 vos
2016 2255 2169 2309 debet
2202 2270 2319 2310 esse
2348 2259 2555 2311 dilecdo
2579 2275 2592 2319 ;
2621 2267 2671 2310 et
2700 2260 2819 2311 ideo
2843 2261 2911 2312 de
2933 2262 3164 2312 omnium
3194 2277 3278 2314 sa-

1728 2347 1836 2415 lute
1864 2345 2165 2415 diligentius
2192 2347 2417 2413 cogitate
2442 2364 2456 2398 :
2486 2350 2605 2415 quia
2630 2350 2692 2401 de
2718 2349 3015 2404 commissis
3040 2351 3137 2405 sibi
3165 2356 3276 2406 ani-

1723 2414 1908 2489 mabus
1940 2414 2292 2506 unusquisque
2320 2438 2616 2492 redditurus
2642 2452 2719 2492 est
2750 2441 2967 2494 Domino
2994 2445 3273 2498 rationem.

1788 2527 1917 2581 Car.
1964 2543 2120 2581 χχιιι.
2163 2529 2449 2597 Praeposito
2471 2534 2764 2600 Specialiter
2784 2535 3078 2600 ubediatur,
3110 2538 3274 2590 multo

1720 2619 1882 2685 inagis
1910 2618 2112 2686 abbati,
2133 2621 2221 2689 qui
2246 2631 2473 2675 vestrum
2494 2622 2726 2689 omnium
2769 2639 2946 2677 curam
2969 2627 3121 2692 gerit,
3152 2630 3271 2694 quia

1718 2708 1807 2775 qui
1830 2708 1943 2762 illos
1962 2714 2161 2777 spernit
2179 2750 2193 2775 ,
2216 2716 2418 2779 spernit
2435 2729 2552 2767 eum
2577 2717 2661 2783 qui
2682 2716 2843 2768 dixit:
2875 2720 2974 2781 Qui
2997 2734 3076 2770 vos
3098 2728 3268 2783 autut,

1716 2813 1796 2853 me
1818 2802 1991 2863 audit,
2019 2803 2104 2871 qui
2132 2819 2215 2855 vos
2240 2807 2428 2873 spernit
2449 2845 2463 2867 ,
2498 2823 2573 2859 me
2599 2810 2783 2875 spernit
2812 2808 2973 2877 (Luc.
3039 2814 3113 2880 x).
3206 2814 3271 2868 Ut

1714 2902 1843 2959 ergo
1880 2901 2065 2945 cuncta
2100 2893 2196 2970 ista
2230 2907 2525 2961 serventur,
2564 2908 2615 2949 ct
2647 2901 2689 2950 si
2719 2900 2841 2968 quid
2873 2914 3133 2955 servatum
3165 2922 3268 2959 non

1716 2982 1903 3051 luerit,
1934 3000 2039 3038 non
2072 2986 2402 3055 negligenter
2444 3001 2805 3057 praetereatur,
2855 2996 2945 3049 sed
2989 3000 3268 3053 crnendan-

1714 3074 1837 3128 dum
1868 3077 2349 3147 corrigendumque
2378 3092 2610 3145 cnretur,
2646 3084 2709 3135 ad
2752 3087 3091 3154 przepositum
3138 3104 3271 3156 prau-

1710 3163 1861 3230 cipue
1892 3166 2215 3230 persinehit;
2248 3177 2303 3219 ut
2327 3170 2390 3219 ad
2421 3170 2662 3223 abbatem
2688 3211 2700 3235 ,
2728 3173 2878 3242 cujus
2907 3186 2985 3228 est
3011 3180 3145 3244 apud
3175 3193 3267 3232 vos

1712 3254 1877 3323 major
1935 3261 2254 3323 auctoritas,
2304 3261 2534 3318 referat.
2571 3265 2708 3326 quod
2750 3264 2962 3317 modum
3003 3269 3086 3320 vel
3129 3270 3267 3323 vires

1713 3348 1828 3417 ejus
1857 3349 2084 3404 excedit.
2118 3350 2233 3418 ιιι-ε
2260 3367 2386 3405 vero
2412 3352 2497 3421 qui
2528 3354 2677 3407 vobis
2709 3367 2925 3422 prreest,
2955 3375 3055 3412 non
3083 3377 3140 3413 se
3168 3377 3267 3416 res-

1713 3436 1861 3491 tintet
1893 3446 2153 3505 ροιθειιιιυ
2185 3438 2525 3506 dominante,
2566 3443 2658 3495 sed
2703 3443 2962 3499 charitatc
2999 3450 3266 3505 serviente

1713 3530 1963 3596 {eiii-ein;
2005 3534 2204 3585 honore
2243 3548 2427 3586 coram
2461 3533 2614 3587 vobis
2654 3536 2902 3601 praelatus
2942 3538 3042 3600 sit,
3082 3556 3263 3597 coram

1712 3617 1820 3672 Deo
1852 3630 2091 3674 διιιλιῖξίυε
2119 3626 2186 3675 stt
2216 3623 2435 3689 pedibus
2465 3626 2675 3679 νηλειής.
2717 3626 2864 3679 Circa
2905 3635 3089 3683 Omnes
3118 3632 3261 3700 seip-

1706 3723 1820 3761 suui
1854 3716 2008 3763 houoi
2026 3725 2111 3763 um
2143 3726 2360 3777 operum
2394 3712 2625 3779 praebeat
2654 3717 2970 3783 exemplum.
3000 3721 3262 3788 Corripiat

1706 3802 2008 3873 inquietos,
2042 3804 2348 3858 consoletur
2377 3807 2743 3871 pusillanimes
2765 3850 2780 3871 ,
2820 3811 3073 3878 suscipiat
3111 3813 3262 3865 infir-

1704 3906 1850 3957 mos,
1884 3893 2088 3960 patiens
2117 3895 2186 3945 sit
2214 3894 2276 3946 ad
2317 3908 2541 3947 omnes:
2583 3896 2914 3965 disciplinam
2958 3901 3127 3955 libens
3167 3903 3261 3956 ha-

1703 3982 1851 4045 beat,
1886 3992 2077 4038 metum
2111 3988 2364 4053 imponat.
2396 3985 2450 4038 Et
2485 3989 2725 4055 quamvis
2757 3996 3036 4058 utrumque
3064 3994 3133 4044 sit
3161 4008 3257 4045 ne-

1699 4077 1983 4130 cessarium
2004 4123 2018 4144 ,
2046 4087 2219 4131 tamen
2245 4078 2361 4146 plus
2387 4078 2551 4131 amati
2580 4088 2830 4148 appetat,
2859 4095 3014 4147 quam
3042 4084 3213 4138 timeri
3240 4103 3252 4136 :

1696 4176 1911 4233 semper
1938 4168 2173 4235 Cogitans
2204 4165 2313 4221 Deo
2341 4184 2400 4221 se
2430 4182 2526 4237 pro
2558 4170 2704 4221 vobis
2738 4169 3061 4225 redditurum
3091 4175 3257 4229 ratio-

1696 4252 2021 4309 nem.‘Unde
2049 4269 2143 4308 vos
2175 4257 2342 4323 magis
2369 4257 2664 4311 obedicndo
2693 4274 2797 4312 non
2839 4262 3009 4315 solum
3053 4264 3252 4330 vestri,

1694 4342 1785 4396 sed
1814 4344 1975 4396 etiam
2007 4345 2170 4413 ipsius
2201 4345 2523 4399 miseremini
2553 4364 2567 4410 ;
2599 4350 2684 4414 qui
2713 4348 2851 4402 inter
2880 4365 2970 4404 vos
2998 4363 3252 4419 quantum

1694 4434 1742 4484 in
1768 4435 1881 4487 loco
1902 4436 2193 4502 superiori.
2221 4445 2423 4489 Lautum
2448 4438 2497 4489 in
2525 4438 2755 4504 periculo
2778 4439 2965 4504 majori
2990 4452 3250 4499 versatur.

1745 4520 1927 4579 "Donet
1960 4523 2209 4579 Dominus
2240 4539 2293 4579 ut
2323 4526 2616 4580 observetis
2658 4528 2770 4581 hac
2808 4530 2983 4582 omnia
3020 4546 3138 4584 cum
3170 4534 3266 4587 di-'

1690 4616 1918 4672 lectione
1945 4626 2193 4688 tauquam
2224 4618 2478 4687 spiritalis
2510 4619 2920 4684 pulchritudinis
2948 4634 3209 4679 amatores
3230 4671 3248 4695 ,

1688 4717 1742 4762 et
1786 4707 1924 4762 bono
1966 4708 2159 4763 Christi
2198 4710 2361 4763 odore
2406 4708 2473 4761 de
2516 4707 2652 4761 bona
2700 4714 3104 4767 conversatione
3142 4714 3250 4769 fra-

1686 4796 1934 4872 grantes:
1967 4821 2067 4859 non
2108 4805 2244 4859 sicut
2284 4804 2422 4858 servi
2459 4789 2560 4858 sub
2603 4806 2752 4875 lege,
2794 4808 2888 4862 sed
2932 4808 3069 4861 sicut
3095 4806 3248 4861 liberi

1686 4898 1785 4950 sub
1810 4901 1973 4967 gratia
1995 4899 2283 4953 constituti.
2310 4898 2375 4953 Ut
2397 4910 2575 4957 autem
2604 4918 2700 4956 vos
2728 4905 2779 4956 in
2809 4904 2907 4955 hoc
2931 4901 3111 4956 libello
3139 4911 3245 4954 tan-

1683 5001 1840 5051 quam
1866 4988 1916 5039 in
1939 4987 2153 5053 speculo
2179 4989 2389 5055 possitis
2414 4988 2697 5057 inspicere,
2723 5006 2787 5044 ne
2812 5005 2905 5059 per
2925 4990 3244 5045 ohliwonem

1684 5080 1880 5145 aliquid
1910 5079 2217 5145 negligatis,
2250 5078 2412 5131 semel
2441 5079 2491 5132 in
2523 5080 2813 5147 septimana
2841 5080 2988 5134 vobis
3015 5080 3238 5149 legatur.

1687 5165 1753 5218 Et
1782 5167 1865 5219 ubi
1893 5181 1989 5219 vos
2029 5167 2334 5221 inveneritis
2359 5184 2421 5223 ea
2450 5185 2567 5237 quae
2590 5170 2785 5236 scripta
2816 5179 2939 5225 sunt
2966 5171 3239 5233 iacientes,

1684 5250 1825 5325 agite
1855 5256 1964 5310 Deo
1992 5268 2214 5326 gratias,
2261 5257 2517 5312 bonorum
2558 5260 2796 5313 omnium
2841 5261 3115 5330 largitori:
3154 5262 3241 5315 ubi

1683 5361 1857 5402 autem
1902 5348 2000 5402 sibi
2041 5350 2263 5419 quisque
2303 5362 2531 5405 vestium
2576 5353 2750 5405 videat
2787 5353 2981 5423 aliquid
3019 5354 3238 5417 desse,

1684 5444 1857 5499 doleat
1899 5446 1965 5499 de
2007 5448 2305 5512 praeterito,
2334 5458 2518 5500 caveat
2547 5448 2612 5499 de
2641 5447 2846 5512 futuro;
2880 5432 3123 5502 orans‘ut
3147 5445 3242 5500 de-

2545 5657 2753 5671 ...Α-ρ-

2356 5660 2540 5671 -α--ιιι

1278 5807 1573 5858 γετιειιυιι
1620 5815 2012 5863 ΤΕΞΤΙΜΟΝΙΔ.

95 5878 153 5937 5.
187 5879 492 5944 Benedictus
512 5885 729 5946 Aniena:
758 5888 919 5947 abbas
946 5891 999 5950 in
1020 5889 1312 5953 Concordia
1345 5894 1570 5968 Regula-

1680 5918 1795 5959 rum
1850 5903 2140 5973 sa'pissime
2166 5903 2297 5962 hanc
2346 5901 2630 5975 Cujusdam
2680 5903 2847 5963 Patris
2889 5900 3142 5974 Regula-
3169 5906 3237 5961 ad
