3804 6366
688 50 721 65 τι

72 414 189 469 989

958 413 1308 470 CUIUSDAM
1348 409 1591 466 PATRIS
1628 406 1905 466 REGULA
1944 411 2035 465 AD
2077 409 2455 466 MONACHOS.

3203 408 3309 462 9‘30

68 526 371 589 Apostolus
420 528 548 614 dicit
588 547 601 580 :
638 528 831 585 Servite
880 529 1087 582 imirent
1143 530 1193 581 in
1237 528 1414 581 timore
1460 524 1646 579 Christi
1676 526 1728 585 Α
1754 524 1842 578 illo
1871 538 1975 577 non
1996 514 2289 592 audiente,
2318 524 2402 580 vel
2427 524 2676 589 absente,
2708 524 2753 579 si
2784 536 2886 596 non
2924 521 2989 577 ad
3012 523 3217 581 laudem
3249 537 3307 577 et

66 618 237 691 (Cal.
333 617 409 685 v).
460 619 524 672 Et
556 619 746 673 iterum
782 636 795 672 :
830 617 1013 672 Omnia
1054 628 1216 672 vestra
1250 633 1362 669 cum
1402 614 1645 667 cbaritate

68 708 210 774 [tant
240 707 287 779 (1
318 707 439 764 Cor.
468 709 581 781 xv).

146 801 249 857 IV.
270 803 330 858 Si
352 804 467 872 quis
486 804 647 857 frater
673 804 918 857 inventus
940 802 1092 856 fueltt
1114 801 1425 856 inobediens
1446 798 1644 865 abbati,

67 892 194 948 sive
226 908 528 957 mcottomo,
552 894 663 947 sive
688 894 844 948 alicui
873 910 935 948 ex
964 892 1233 953 fratribus.
1261 892 1546 945 mittendus
1567 900 1650 945 est

70 984 127 1036 iu
157 999 466 1057 carcerem,
496 994 551 1039 et
574 987 823 1055 paeniteat
844 983 1422 1055 quantumjudicaverit
1443 984 1649 1038 senior.

77 1075 139 1128 Si
169 1088 355 1131 autem
387 1086 503 1145 post
541 1076 979 1130 examinationem
1010 1078 1238 1129 carceris
1276 1074 1532 1140 reprobus
1570 1074 1649 1125 iii-

76 1166 327 1230 venitur,
366 1169 528 1221 semel
557 1178 611 1219 et
632 1167 749 1232 bis,
782 1168 967 1221 iterum
986 1178 1155 1235 atque
1185 1168 1404 1230 iterum,
1433 1165 1649 1218 abscin-

80 1255 304 1309 dcndus
331 1266 413 1310 est
434 1259 501 1310 ab
524 1258 666 1311 omni
704 1257 1038 1311 fraternitatis
1077 1262 1327 1325 Corpore,
1358 1257 1649 1311 secundum

77 1349 397 1402 mandatum
439 1348 648 1404 Domini
696 1349 965 1405 dicentis:
1017 1349 1232 1419 Expedit
1272 1351 1403 1402 enim
1458 1350 1545 1400 tibi
1599 1356 1650 1398 ut

76 1451 259 1508 pereat
292 1460 445 1495 unum
470 1443 535 1495 de
555 1443 785 1516 membris
814 1444 928 1507 tuis,
953 1459 1101 1512 quam
1120 1453 1275 1496 totum
1303 1458 1485 1510 corpus
1510 1451 1651 1494 tuum

80 1545 168 1586 eat
200 1537 260 1587 in
295 1535 573 1606 gehennam
608 1535 740 1605 ignis
777 1534 992 1605 (Matth.
1023 1534 1076 1600 v)
1113 1552 1126 1587 :
1156 1544 1209 1587 et
1247 1536 1369 1602 quia
1402 1532 1653 1591 modicum

84 1629 403 1695 fermentum
424 1634 577 1678 totam
608 1642 828 1679 massam
853 1629 1127 1692 corrumpit
1158 1624 1205 1690 (ι
1235 1624 1353 1679 Cor.
1377 1628 1453 1693 v).

156 1715 228 1770 V.
273 1716 388 1770 Non
432 1716 675 1771 omnibus
713 1726 973 1785 praesente
1009 1717 1199 1771 abbate
1239 1717 1320 1770 vel
1363 1728 1643 1777 teconmno

76 1807 590 1875 obtemperandum,
622 1807 742 1876 quia
770 1823 907 1861 unus
938 1823 1042 1862 non
1070 1807 1303 1861 orcurrit
1327 1807 1391 1858 ad
1422 1821 1607 1860 omnes
1634 1825 1648 1860 :

1746 615 2085 671 di!e:tionem
2109 616 2250 671 illius
2280 618 2558 685 pertineat,
2589 616 2673 670 bic
2695 625 2939 685 tanquam
2966 614 3301 684 blasphema—

1749 709 2159 778 torjudicandus
2190 719 2271 764 est
2302 728 2315 762 :
2357 720 2409 762 et
2440 719 2581 778 petat
2610 724 2639 763 a
2666 710 2775 764 Deo
2808 710 3013 762 veniam
3041 709 3300 773 protinus.

1746 811 1801 854 et
1848 800 2161 855 confiteatur
2191 799 2343 855 fratri
2374 800 2474 855 boc
2504 800 2643 870 quod
2671 802 2738 855 de
2761 800 2850 854 illo
2872 800 3075 853 locutus
3106 809 3209 853 est.
3245 798 3304 851 Si

1748 904 1923 948 animo
1954 895 2146 948 iterare
2171 895 2419 948 inventus
2445 893 2625 960 fuerit,
2658 892 2946 947 mittendus
2975 900 3055 945 est
3098 891 3151 945 in
3179 904 3301 943 car-

1748 1001 1951 1059 cerem.
1971 996 2024 1039 et
2054 986 2300 1052 pmniteat
2333 986 2485 1051 dure,
2515 999 2787 1053 usquequo
2808 983 2977 1038 discat
2998 981 3124 1036 illud
3160 981 3302 1050 quod

1751 1079 2031 1144 Apestolus
2050 1078 2181 1131 dixit
2210 1093 2224 1130 :
2256 1077 2435 1132 Sermo
2456 1060 2689 1130 conditus
2713 1075 2778 1129 sit
2806 1074 2912 1129 sale
2936 1072 3177 1141 (Galam,
3199 1072 3302 1139 tv).

1754 1170 2037 1223 Excusatio
2057 1169 2237 1225 delicti
2263 1177 2383 1222 ante
2408 1168 2614 1221 veniam
2642 1181 2744 1219 non
2783 1173 2994 1235 Oportet
3031 1163 3099 1216 ab
3127 1161 3307 1216 omni-

1752 1261 1849 1314 bus
1874 1264 2151 1323 fratribus;
2187 1269 2305 1329 post
2326 1259 2527 1313 veniam
2549 1267 2775 1327 oportet.

1826 1351 1912 1405 XI.
1943 1354 1995 1404 lu
2024 1350 2340 1405 abstinentia
2371 1349 2609 1403 ciborum
2654 1362 2811 1401 unam
2857 1346 3088 1415 regulam
3124 1344 3308 1398 obser-

1753 1442 1865 1495 vari
1889 1452 2097 1509 oportet
2123 1443 2190 1494 ab
2220 1440 2464 1493 (ituriibus
2492 1438 2764 1499 fratribus,
2798 1446 2989 1505 praeter
3016 1449 3204 1497 senes,
3249 1441 3307 1487 et

1755 1533 2027 1597 infirmos,
2052 1536 2169 1586 sive
2201 1531 2455 1593 infantes;
2480 1538 2532 1583 et
2563 1543 2661 1581 una
2689 1541 2934 1581 mensura
2962 1527 3030 1578 sit
3060 1526 3109 1578 in
3136 1524 3306 1577 omni-

1756 1622 1854 1676 bus
1886 1639 1899 1675 :
1931 1622 1980 1675 id
2011 1633 2112 1686 est,
2141 1622 2208 1675 ab
2240 1624 2366 1675 liora
2400 1634 2536 1673 nona
2565 1634 2731 1687 usque
2774 1618 2837 1671 ad
2878 1619 3059 1695 boram
3084 1619 3307 1668 atteram

1752 1733 1782 1771 a
1803 1717 1935 1771 cibis
1962 1716 2357 1786 temperandum
2386 1723 2487 1768 est.
2516 1713 2622 1767 Nec
2649 1720 2803 1776 ante,
2848 1710 2957 1765 sive
3000 1720 3116 1779 post
3147 1722 3303 1761 men-

1754 1824 1889 1878 Satn,
1908 1826 2028 1879 qua:
2048 1808 2396 1863 communiter
2420 1806 2486 1860 ad
2508 1820 2713 1860 coenam
2738 1802 2983 1857 fratribus
3003 1802 3306 1870 apponitur,

78 1898 183 1951 sed
239 1907 414 1952 tamen
440 1898 803 1967 unusquisque
834 1898 979 1951 fratri
1021 1898 1215 1951 seniori
1259 1896 1479 1950 obedire
1525 1911 1653 1951 con-
1681 1892 1948 1967 Baliquid
1998 1898 2079 1953 ori
2118 1896 2491 1965 indulgendum
2520 1904 2634 1959 est,
2685 1892 2786 1946 nisi
2828 1891 3141 1954 infirmitas,
3194 1889 3305 1940 sive

79 1987 313 2049 tendat,
340 1987 476 2040 sicut
505 1986 750 2041 Domino.
784 1988 1045 2057 Quidquid
1087 1988 1212 2041 facit
1240 1988 1480 2056 proximo
1521 2001 1616 2040 suo
1636 2030 1650 2053 ,

80 2076 322 2133 Domino
350 2077 524 2132 facere
553 2091 657 2131 non
683 2078 934 2147 ambigat.

161 2166 256 2221 Vl.
290 2166 347 2221 Si
373 2167 489 2236 quis
520 2166 683 2222 frater
712 2181 1047 2223 murmurans
1075 2168 1321 2221 inventus
1351 2167 1539 2233 fuerit,
1569 2166 1657 2222 bic

81 2258 209 2325 ipse
241 2258 531 2312 mittendus
556 2267 638 2312 est
667 2258 721 2311 in
750 2272 1039 2321 carcerem,
1071 2267 1275 2326 etopus
1301 2258 1414 2326 ejus
1444 2257 1656 2325 abjicia-

85 2364 201 2403 tur.
237 2348 606 2403 Paenitentiam
637 2358 755 2418 agat
794 2349 1081 2404 secundum
1133 2364 1356 2403 examen
1403 2350 1652 2403 senioris.

84 2438 144 2494 Si
172 2441 510 2507 permittatur
526 2442 595 2504 ei,
619 2440 942 2494 satisfaciet:
966 2442 1011 2495 si
1037 2454 1208 2494 autem
1231 2441 1331 2497 hoc
1350 2441 1655 2511 frequenter

87 2531 244 2599 facit,
272 2533 560 2599 ejiciendus
594 2542 677 2587 cst
704 2533 770 2586 de
799 2534 1140 2587 manasterio.

169 2622 283 2678 th.
311 2623 391 2678 Ad
415 2627 637 2691 primum
663 2625 882 2679 verbum
905 2624 1248 2684 discussionis
1272 2624 1515 2691 senioris,
1544 2625 1656 2680 sive

90 2717 392 2781 teconomi,
440 2717 554 2769 sive
581 2715 802 2786 alicujus
834 2717 1010 2771 fratris
1034 2759 1049 2783 ,
1079 2719 1228 2772 venia
1262 2718 1483 2787 petenda
1525 2728 1607 2772 est
1640 2737 1653 2772 :

91 2814 148 2861 et
181 2807 367 2861 tandiu
404 2806 458 2860 in
517 2816 655 2861 terra
700 2817 993 2877 prostratus
1020 2810 1189 2862 donec
1234 2811 1414 2863 senior
1451 2808 1656 2862 discus-

94 2898 307 2951 sionem
352 2899 812 2951 consummaverit.
854 2893 908 2952 Si
951 2910 1124 2951 autem
1170 2900 1349 2953 senior
1373 2899 1659 2952 discussio-

94 3002 225 3041 nem
253 2987 539 3053 iteraverit,
568 2998 622 3041 et
650 2987 762 3054 ipse
785 2991 987 3042 veniam
1020 2989 1211 3043 iterare
1235 2989 1411 3043 debet.
1457 2988 1511 3043 Si
1539 2989 1658 3058 quis

96 3079 305 3131 tardior
332 3078 395 3131 ad
428 3080 630 3133 veniam
657 3080 902 3133 inventus
935 3079 1119 3146 fuerit,
1152 3081 1265 3133 sive
1285 3081 1457 3149 aliqua
1496 3079 1656 3134 verba

98 3170 351 3240 religioni
381 3172 674 3236 contraria,
716 3171 828 3225 sive
859 3186 953 3240 pro
980 3173 1323 3226 excusatione
1351 3171 1528 3225 delicti
1576 3171 1654 3224 sui

99 3263 423 3331 protulerit,
468 3264 752 3317 mittendus
782 3275 863 3316 est
891 3265 941 3315 in
966 3278 1267 3326 carcerem;
1317 3273 1367 3315 et
1409 3250 1730 3330 poeniteatC

99 3355 398 3408 secundum
446 3357 584 3423 quod
609 3354 923 3423 judicaverit
959 3357 1167 3419 senior,
1201 3358 1469 3425 usquequo
1494 3368 1662 3407 corno

98 3456 281 3515 gatur.
315 3445 370 3501 Si
399 3458 573 3501 autem
599 3444 895 3502 obstinatus
924 3448 1203 3511 invenitur,
1229 3446 1555 3516 separandos
1582 3454 1663 3499 est

103 3552 133 3591 ι
156 3538 433 3592 fratribus.

130 3676 137 3681 .
179 3627 321 3682 Vill.
372 3629 736 3693 Mendacium,
787 3639 843 3683 ct
886 3630 1269 3699 juramentum,
1303 3629 1412 3689 sive
1442 3631 1660 3682 verbum

107 3721 341 3775 otiosum
388 3711 495 3789 per'
518 3737 675 3777 omne
700 3736 891 3791 corpus
930 3722 1272 3775 fraternitatis
1308 3719 1660 3774 damnandum

105 3820 213 3867 est.
244 3810 301 3865 Si
329 3812 445 3879 quis
469 3825 534 3865 ex
556 3811 834 3877 fratribus,
858 3826 977 3866 cum
1022 3826 1125 3880 quo
1148 3810 1341 3880 aliquid
1372 3810 1556 3862 borum
1586 3811 1665 3861 in-

86 3911 330 3956 .ventum
360 3901 534 3964 fuerit,
567 3902 853 3957 mittendus
888 3912 972 3957 est
1000 3904 1052 3957 in
1077 3917 1211 3956 carcv
1231 3917 1364 3966 rem,
1396 3910 1450 3955 et
1494 3900 1662 3968 paeni-

110 4002 227 4048 teat
254 4009 523 4064 usquequo
550 4011 580 4048 a
610 3996 743 4049 vitio
764 3996 1055 4065 corrigatur
1086 4014 1100 4050 :
1132 3997 1256 4065 quia
1282 4013 1337 4050 os
1362 3997 1496 4067 quod
1525 4011 1665 4048 men-

110 4084 240 4138 titur
262 4087 445 4139 occidit
470 4086 688 4138 animam
719 4084 873 4153 (Sap.
908 4094 946 4154 l)
974 4103 987 4139 :
1035 4095 1087 4140 et
1106 4085 1369 4140 .Dominus
1400 4089 1451 4139 in
1495 4084 1669 4139 Evau-i

111 4180 253 4245 gelio
270 4178 626 4248 juramentum
651 4178 934 4247 prohibuit,
968 4178 1149 4232 dicens
1177 4197 1189 4231 :
1222 4177 1334 4249 Ego
1360 4189 1527 4232 autem
1554 4180 1667 4231 dico

113 4271 285 4333 vobis.
332 4288 431 4325 non
470 4273 653 4341 jurare
698 4274 899 4325 omnino
949 4271 1159 4342 (Matth.
1207 4273 1281 4339 v).
1316 4272 1379 4324 Et
1419 4272 1607 4324 iterum
1654 4288 1667 4320 :

116 4360 282 4418 Omne
314 4350 513 4417 verbum
542 4364 757 4415 otiosum
802 4364 939 4433 quod
992 4365 1147 4418 locuti
1172 4365 1359 4434 fuerint
1402 4363 1625 4417 homines
1650 4407 1664 4429 ,

112 4456 328 4509 reddent
354 4470 447 4525 pro
472 4470 530 4507 eo
550 4454 797 4506 rationem
900 4454 980 4508 die
996 4456 1180 4525 judicii
1210 4454 1419 4523 (Matth.
1453 4456 1569 4523 xu).
1606 4454 1671 4507 Et

114 4546 401 4615 Apostolus
428 4546 551 4601 dicit
581 4564 595 4598 :
629 4544 805 4600 Omnis
830 4562 991 4598 sermo
1013 4546 1175 4599 malus
1194 4548 1259 4601 de
1278 4563 1363 4601 ore
1387 4555 1546 4601 vestro
1568 4563 1668 4599 non

1753 1990 2048 2045 dilierentia
2069 1989 2242 2042 {etatis
2269 1989 2381 2041 site
2407 1986 2665 2053 corporis,
2696 1982 2888 2050 aliquid
2916 1981 3163 2049 coegerit.
3197 1977 3303 2032 Sed

1754 2099 1925 2152 neque
1966 2084 2031 2136 ad
2070 2083 2400 2137 saturitatem
2423 2079 2684 2132 edendum
2712 2085 2811 2143 est.
2845 2075 2979 2131 Caro
3011 2083 3065 2126 et
3091 2072 3307 2133 viuum,

1754 2178 1867 2229 sive
1897 2184 2048 2227 notus
2072 2215 2087 2239 ,
2140 2174 2192 2226 in
2222 2188 2326 2242 quo
2353 2171 2411 2224 fit
2437 2171 2688 2234 ebrietas,
2720 2165 2991 2221 refutanda
3032 2173 3153 2216 sunt
3194 2175 3307 2214 mo-

1752 2265 1954 2327 nachis,
1980 2280 2077 2319 nec
2093 2261 2448 2329 suscipienda,
2472 2259 2662 2327 quibus
2684 2272 2777 2328 pro
2792 2255 3003 2310 Cbrisw
3028 2252 3306 2306 crucifixus

1752 2372 1835 2412 BSt
1880 2355 2136 2421 mundus,
2175 2364 2229 2407 et
2257 2354 2354 2421 ipsi
2387 2363 2603 2404 munuo.
2638 2349 2701 2401 Et
2729 2347 2885 2400 ferias
2912 2343 3169 2397 monacho
3199 2355 3306 2395 non

1752 2463 1870 2502 esse
1891 2462 2049 2513 super
2077 2457 2291 2507 terram,
2329 2442 2427 2496 nisi
2451 2440 2709 2493 modicum
2734 2440 2792 2491 in
2816 2436 3040 2491 adventu
3064 2434 3303 2496 fratrum,

1756 2549 2002 2607 tanquam
2031 2536 2259 2600 Christi,
2291 2533 2477 2587 lectior
2505 2530 2662 2583 fuerit
2703 2528 2849 2582 cibus
2877 2526 3043 2594 gratia
3069 2522 3311 2577 cbarita-
3340 2598 3343 2599 ν

1757 2633 1844 2685 tis.
1881 2631 2250 2684 Verumtamen
2278 2625 2594 2680 abstinentia
2627 2620 2846 2689 tegenda
2876 2627 2977 2679 est,
3007 2632 3073 2670 ue
3107 2615 3306 2683 jactan-

1760 2725 1843 2777 tiaz
1873 2725 2001 2775 vitio
2047 2720 2351 2775 decidamus
2382 2720 2431 2770 iu
2462 2717 2664 2783 lapsum
2701 2729 2713 2765 :
2758 2709 2896 2779 quod
2927 2702 3312 2777 prte'ontnibus

1758 2814 1902 2867 vitiis
1923 2812 2287 2881 gravissimum
2314 2816 2416 2862 est.

1830 2903 1943 2957 Xll.
1975 2902 2111 2956 Nibil
2153 2912 2388 2968 qumrere
2416 2896 2668 2949 debemus
2695 2906 2758 2946 ex
2788 2889 2869 2943 bis
2898 2902 3015 2957 qua:
3046 2884 3109 2940 ad
3146 2899 3309 2939 saecu-

1759 2998 1865 3053 lum
1899 2998 2195 3065 pertinent,
2226 3002 2418 3064 praeter
2438 2987 2801 3058 quotidianum
2827 2996 3012 3051 panem
3044 2987 3313 3042 nostrum,

1759 3100 1815 3143 et
1840 3093 1999 3141 breve
2023 3078 2412 3149 vestimentum,
2446 3094 2550 3148 quo
2586 3077 2884 3132 induamur.
2914 3072 3033 3125 llaec
3060 3071 3171 3137 ipsa
3199 3068 3313 3122 sine

1764 3178 2117 3235 sollicitudine
2142 3160 2353 3227 a‘nobis
2377 3171 2740 3239 requirantur;
2767 3179 2833 3217 ne
2861 3161 3189 3215 inveniamur
3217 3157 3313 3211 ali-

1763 3269 1973 3339 quando
2004 3272 2070 3321 ile
2122 3280 2282 3331 regno
2326 3263 2416 3315 Dei
2459 3276 2563 3313 non
2608 3258 2872 3326 cogitare,
2905 3264 2959 3308 et
3003 3252 3208 3305 dicatur
3249 3248 3313 3303 de

1766 3364 1955 3417 nobis:
1987 3360 2113 3415 Ilwc
2155 3358 2328 3412 omnia
2354 3365 2520 3428 gentes
2544 3353 2805 3422 requirunt
2831 3346 3042 3419 (Matth.
3074 3345 3166 3412 vt).
3214 3341 3314 3395 Ve-

1765 3466 2061 3509 rumtamen
2105 3449 2392 3503 monachos
2433 3460 2641 3511 semper
2689 3450 2896 3512 oportet
2949 3438 3221 3498 laborare,
3268 3444 3317 3492 et

1764 3551 1881 3602 sine
1928 3545 2284 3600 sollicitudine
2332 3541 2490 3595 vitam
2543 3526 2695 3593 suam
2744 3537 3034 3604 transigere
3083 3550 3097 3587 :
3146 3530 3315 3584 omnia

1765 3651 2093 3708 qumcunque
2122 3633 2500 3695 laboraverint,
2531 3639 2773 3696 excepto,
2807 3636 2861 3678 ut
2884 3638 3041 3691 supra
3062 3620 3323 3682 diximus,
3377 3683 3380 3689 ι

1766 3743 1900 3796 pane
1943 3724 2132 3793 exiguo
2153 3721 2578 3782 etvestimento,
2624 3715 2940 3785 pauperibus
2984 3712 3321 3765 distribuant.

1765 3818 1902 3872 Cura
1937 3829 2224 3882 pauperum
2247 3826 2457 3879 semper
2479 3808 2716 3876 facienda
2741 3814 2840 3867 est,
2860 3814 2912 3857 et
2938 3802 3112 3854 omnia
3144 3807 3325 3853 nostra

1766 3925 1885 3965 cum
1908 3908 2165 3961 cbaritate
2189 3909 2335 3969 liant;
2357 3914 2410 3957 et
2432 3902 2547 3956 sine
2568 3899 2823 3954 cbaritate
2851 3894 3173 3949 infructuosa
3200 3901 3321 3944 sunt

1767 4000 1903 4071 apud
1935 4002 2098 4054 Deum
2129 4011 2288 4064 opera
2319 4006 2518 4058 nostra.
2822 4050 2825 4053 Α

1841 4092 1973 4147 XIII.
1995 4090 2226 4145 Arbitrio
2239 4088 2646 4154 uniuscujusque
2668 4080 2892 4135 senioris
2914 4072 3317 4143 relinquendum

1768 4194 1868 4243 est.
1904 4182 2045 4235 unde
2072 4194 2302 4233 annuum
2334 4190 2521 4243 panem
2554 4170 2879 4225 monasterio
2902 4183 2998 4222 suo
3025 4166 3326 4234 provideat:

1768 4274 1810 4325 si
1844 4286 1905 4325 ex
1940 4268 2147 4323 sarculo
2175 4275 2265 4319 aut
2293 4266 2487 4329 bubus,
2528 4272 2583 4315 ut
2620 4259 2880 4328 aliquibus
2911 4272 3025 4311 mos
3051 4267 3159 4318 est,
3191 4254 3325 4308 sicut

1770 4362 1953 4425 nobis;
1988 4369 2079 4411 aut
2121 4355 2396 4419 artificiis,
2431 4353 2542 4406 sive
2573 4351 2830 4419 negotiis,
2862 4349 2975 4403 sive
3025 4363 3086 4401 ex
3124 4345 3327 4400 condu-

1768 4455 1943 4506 ctione
1975 4449 2260 4511 mercedis,
2294 4446 2405 4499 sive
2432 4460 2497 4498 ex
2527 4442 2761 4512 quolibet
2790 4454 2968 4507 Opere.

1845 4542 1982 4598 XlV.
2050 4540 2166 4595 Non
2224 4550 2545 4607 nragnupere
2601 4534 2887 4588 curandum
2938 4538 3022 4583 est
3068 4526 3330 4597 quomodo

116 4642 358 4704 procedat
387 4656 405 4692 :
434 4641 521 4693 sed
543 4644 588 4693 si
614 4642 726 4706 quis
754 4640 909 4693 bonus
931 4638 999 4691 ad
1020 4639 1404 4706 aediﬁcationem
1431 4640 1574 4705 ﬁdei,
1612 4649 1667 4691 ut

1775 4636 2132 4704 unusquisque
2161 4633 2398 4694 laboret,
2433 4629 2526 4682 sed
2565 4626 2829 4694 quomodo
2870 4622 3230 4689 unusquisque
3254 4618 3331 4671 vi-

114 4730 199 4783 det
220 4730 434 4801 gratiam
454 4730 775 4807 audientibus
812 4728 1021 4799 (Eplies.
1057 4728 1154 4799 tv).
1177 4728 1230 4783 Si
1254 4730 1371 4797 quis
1399 4744 1461 4783 ex
1490 4728 1666 4783 fratri-

118 4819 219 4875 bus
246 4829 362 4889 post
404 4821 843 4889 examinationent
888 4822 1119 4876 carceris
1160 4832 1348 4873 cavere
1390 4819 1504 4873 hanc
1542 4820 1668 4872 vitia

119 4924 224 4963 non
247 4880 446 4981 poterit
471 4947 487 4973 ,
528 4880 820 4978 ejiciendds
859 4920 988 4965 esta
1021 4909 1296 4973 fratribus,
1334 4918 1387 4963 et
1414 4908 1670 4962 damnan-

120 5000 218 5052 dus
246 5012 344 5055 est.
1028 4994 1031 4995 ν

188 5090 276 5145 lx.
311 5091 507 5161 Si'quis
538 5089 821 5153 iracundus
842 5092 1087 5145 inventus
1119 5089 1276 5145 fuerit
1301 5104 1365 5143 ex
1398 5088 1669 5154 fratribus,

120 5195 244 5236 reus
267 5193 369 5237 erit
416 5184 469 5237 in
498 5182 724 5237 concilio
760 5181 1014 5249 gebenna
1047 5180 1208 5249 ignis,
1262 5181 1361 5234 nisi
1392 5181 1670 5247 pmniteat,

122 5280 181 5324 ut
203 5273 423 5328 vulnera
447 5273 734 5341 putrefacta
754 5271 1103 5339 castigatione
1121 5312 1136 5334 ,
1167 5272 1373 5326 scilicet
1401 5271 1534 5339 ignis
1563 5283 1669 5321 me-

124 5362 441 5428 dicamento,
471 5351 743 5419 exurenda
773 5372 896 5418 sunt
927 5378 940 5415 :
974 5369 1029 5415 et
1058 5364 1317 5415 tumidum
1350 5363 1536 5415 vulnus
1562 5361 1671 5427 Spi-

124 5455 292 5510 ritalis
315 5454 437 5509 ferri
466 5456 701 5509 sectione
725 5464 901 5507 utatur
933 5471 947 5507 :
978 5452 1028 5506 id
1048 5462 1153 5517 est,
1176 5454 1421 5521 capitalia
1448 5462 1503 5508 et
1526 5468 1671 5506 mor-

127 5550 248 5604 talia
276 5548 526 5613 crimina,
568 5563 686 5618 qua:
712 5548 910 5602 ducunt
936 5546 1001 5600 ad
1031 5555 1275 5610 mortem,
1303 5556 1515 5615 oportet
1542 5546 1674 5600 dure

128 5643 299 5696 furari
340 5649 393 5695 ct
418 5638 719 5705 emendari,
759 5655 1033 5708 usquequo
1058 5639 1373 5706 corrigatur,
1421 5651 1477 5692 et
1516 5653 1675 5693 sanus

129 5730 321 5799 fuerit,
347 5732 637 5789 secundum
666 5732 920 5800 judicium
948 5731 1152 5787 abbatis
1177 5733 1289 5784 sive
1317 5733 1603 5785 oeconomi.

196 5822 263 5878 Χ.
288 5824 345 5881 Si
373 5828 487 5896 quis
520 5842 584 5883 ex
616 5825 863 5882 fratribus
893 5826 1089 5882 dixerit
1118 5823 1333 5881 verbum
1375 5823 1441 5876 de
1475 5822 1637 5878 fratre
1659 5863 1673 5887 ,

1776 4736 1880 4781 vat.
1929 4724 2204 4791 Quomodo
2245 4737 2331 4775 res
2374 4730 2429 4773 et
2468 4718 2601 4771 ratio
2640 4724 2695 4770 et
2731 4716 2863 4769 situs
2908 4715 3005 4767 loci
3050 4710 3331 4777 unicuique

1776 4816 2094 4887 permiserit,
2127 4827 2335 4879 seraper
2361 4808 2705 4863 laborandum
2736 4816 2853 4868 est,
2884 4813 2939 4859 et
2959 4805 3042 4857 lex
3070 4803 3187 4865 Dei,
3214 4814 3331 4869 qua:

1775 4909 1887 4961 sive
1917 4906 2138 4957 visibilis
2180 4903 2291 4955 sive
2310 4900 2589 4952 invisibilia
2607 4892 3199 4962 continet,observanda
3218 4900 3327 4944 est:

1777 5010 1830 5053 et
1860 4996 1985 5050 nihil
2018 5011 2080 5047 ex
2125 4991 2385 5045 mandatis
2431 4989 2560 5055 Dei,
2592 4990 2703 5043 sive
2742 5000 2983 5056 magnum
3014 4987 3126 5036 sive
3170 4981 3332 5034 mini-

1776 5109 1959 5153 mum,
2006 5084 2431 5156 praetereundum
2480 5096 2561 5137 est
2601 5100 2615 5135 :
2672 5082 2802 5145 Quia
2839 5078 2924 5146 qui
2970 5074 3336 5144 transgreditur

1774 5196 1955 5243 unum,
1987 5179 2153 5247 factus
2172 5188 2243 5227 est
2272 5174 2494 5226 omnium
2522 5188 2636 5226 reus
2664 5170 2803 5239 (Jac.
2844 5169 2924 5237 tt).

1843 5272 1960 5325 XV.
2001 5268 2337 5337 Propositum
2387 5266 2631 5318 monachi
2680 5260 2817 5329 quod
2862 5257 3230 5330 promisimus,
3270 5269 3337 5309 ex

1775 5373 1887 5416 loto
1931 5362 2095 5415 corde
2128 5372 2181 5414 et
2211 5375 2274 5413 ex
2312 5368 2420 5411 tota
2463 5356 2751 5411 dilectione
2786 5350 3139 5406 exercendum
3170 5357 3250 5403 est
3284 5356 3340 5402 ot

1775 5457 2072 5510 faciendum
2114 5472 2126 5506 :
2164 5452 2302 5522 quod
2351 5451 2403 5505 in
2437 5449 2605 5504 tribus
2634 5444 3182 5500 abrenuntiationibus
3209 5454 3334 5493 con-

1776 5547 1933 5600 sistit.
1978 5546 2156 5599 Primo
2196 5541 2413 5594 omnino
2457 5526 2642 5594 omnes
2684 5539 2958 5590 facultates
3002 5546 3212 5589 nOStras
3252 5546 3334 5586 re-

1778 5655 1967 5705 Spuere
1992 5638 2277 5697 debemus;
2305 5643 2559 5687 etomnes
2585 5630 2780 5683 divitia:
2811 5629 2989 5682 mundi
3010 5626 3198 5681 aliena:
3218 5638 3341 5680 esse

1780 5750 1807 5785 a
1842 5732 1996 5785 nobis
2027 5738 2335 5783 noscuntur.
2376 5725 2572 5779 Deinde
2614 5724 2663 5776 in
2696 5723 2931 5795 secundo
2956 5722 3123 5797 loco,
3161 5718 3336 5772 omnia

1786 5823 1910 5878 vitia
1943 5822 2115 5875 carnis
2145 5828 2196 5872 et
2226 5818 2412 5871 anima:
2453 5815 2795 5886 relinquenda
2827 5814 3026 5869 sunt'ct
3064 5812 3292 5866 cavenda
3324 5825 3342 5863 :
