3804 6358
64 384 131 434 9‘.)
140 381 169 430 Ἰ

718 398 1053 467 sxriouus
1087 398 1268 455 uno.)
1307 399 1629 456 nonanus-

1757 407 1767 451 ι
1806 402 1986 460 υδυλι
2029 402 2164 458 MON
2178 404 2221 457 Α
2234 400 2653 457 διἐῐιιοιιωι.

3193 396 3295 450 0ῗῆ

61 507 239 571 iunio,
270 505 411 560 Julio
435 514 487 561 et
514 508 767 576 Augusto,
790 510 1091 578 sntiphonre
1114 519 1259 575 octo,
1286 510 1480 581 psalmi
1502 526 1631 581 qua-
1656 514 1709 574 Α
1736 510 1923 569 fratres
1944 512 2198 577 vendere.
2226 515 2454 569 Sollicite
2474 522 2698 567 caveant
2721 526 2785 566 ne
2808 510 2929 579 quid
2954 509 3144 563 faciant
3169 525 3296 560 cm.-

62 611 203 661 tuor,
234 598 493 651 lectiones
519 596 658 652 dum.

132 688 198 743 11.
233 691 536 757 Operentur
563 704 593 743 a
621 705 775 745 mane
804 706 971 761 usque
997 692 1064 745 ad
1093 702 1320 763 sextam,
1348 701 1404 747 et
1433 708 1461 746 a
1483 703 1633 748 sexta

63 796 234 848 usque
262 781 331 834 ad
364 796 553 851 nouam
585 792 773 837 vacent
821 784 1062 848 lectioni;
1088 795 1145 839 et
1187 789 1253 838 atl
1295 801 1487 839 nonani
1516 786 1637 839 red-

63 872 192 922 dent
218 870 454 925 codices.
486 871 550 925 Et
580 886 857 943 p05tqua.m
888 872 1203 941 reiecerint,
1227 877 1339 930 sive
1364 876 1415 929 in
1446 876 1599 929 horto
1618 914 1637 942 ,

64 959 372 1028 ubicunque
398 973 613 1014 necesse
642 960 799 1015 fuerit
817 1004 833 1029 ,
868 960 1062 1016 iaciant
1088 979 1222 1033 opus
1250 980 1419 1031 usque
1442 965 1506 1018 ad
1548 965 1642 1018 lio-

66 1061 181 1100 ram
217 1047 522 1104 lucernarii.
555 1050 718 1105 Nemo
738 1052 839 1105 sibi
863 1053 1057 1122 aliquid
1086 1054 1317 1109 vindicet
1340 1059 1636 1124 proprium,

67 1140 185 1192 sive
214 1138 271 1193 in
300 1140 636 1206 vestimento,
666 1141 778 1197 sive
806 1143 857 1197 in
884 1158 1195 1213 quacunque
1221 1161 1279 1201 re
1306 1164 1318 1198 :
1346 1148 1639 1213 apostolica

68 1232 212 1283 enim
241 1229 354 1284 vita
381 1241 622 1297 optamus
663 1248 841 1287 Vivere
872 1236 1009 1304 (Art.
1041 1251 1076 1289 it
1107 1246 1152 1290 et
1187 1237 1284 1305 tv).
1322 1237 1484 1291 Nemo
1521 1253 1642 1291 cum

69 1335 351 1376 murmure
376 1323 570 1391 aliquid
605 1322 791 1388 faciat,
824 1335 881 1380 ut
921 1343 1026 1381 non
1058 1327 1217 1381 simili
1252 1328 1453 1396 judit-io
1496 1344 1643 1382 mur-

70 1423 408 1470 muratorum
435 1428 636 1483 pereat.
656 1416 918 1473 Fideliter
940 1421 1194 1474 obediant
1222 1439 1234 1471 :
1266 1432 1463 1489 patrem
1488 1435 1643 1475 suum

72 1513 195 1571 post
224 1504 392 1559 Deum
422 1507 717 1573 honorent;
762 1510 1051 1578 praeposito
1079 1526 1178 1565 suo
1196 1511 1441 1565 deferant
1461 1552 1479 1577 ,
1511 1512 1646 1565 sicut

70 1591 230 1646 decet
248 1602 495 1647 sanctos.
525 1594 784 1649 Sedentes
811 1597 875 1649 ad
907 1612 1141 1653 mensam
1168 1609 1394 1665 taceant,
1424 1600 1644 1653 audien-

72 1691 156 1736 tes
178 1682 502 1747 lectimiein;
527 1684 573 1738 si
598 1696 773 1742 autem
798 1688 1000 1757 aliquid
1028 1704 1161 1757 opus
1187 1689 1361 1753 fuerit,
1387 1690 1644 1759 praeposi-

73 1782 161 1828 tus
185 1790 375 1831 eorum
406 1777 662 1833 sollicitus
712 1780 801 1834 sit.
831 1780 1064 1836 Sabbato
1092 1792 1147 1837 et
1174 1780 1437 1836 dominica
1462 1821 1476 1845 ,
1510 1780 1645 1836 sicut

74 1866 415 1921 consuetudo
444 1878 550 1935 est,
583 1870 672 1938 qui
704 1870 909 1935 volunt,
940 1873 1120 1925 vinum
1142 1872 1421 1941 accipiant.

143 1954 238 2009 Ill.
270 1954 329 2010 Si
355 1970 489 2023 onus
532 1956 689 2011 fuerit
713 1959 778 2012 ad
815 1958 1043 2025 aliquam
1077 1961 1441 2015 necessitatem
1472 1958 1645 2025 mitti,

76 2041 182 2097 duo
229 2056 378 2099 eant.
427 2045 595 2100 Nemo
640 2055 789 2101 extra
825 2051 1200 2104 monasterium
1233 2052 1347 2105 sine
1382 2058 1651 2119 praecepto

78 2133 370 2188 manducet
395 2151 563 2205 neqtte
592 2137 756 2201 bibat,
789 2146 891 2193 IIOn
920 2140 1061 2193 enim
1093 2140 1190 2193 hoc
1220 2140 1286 2194 ad
1317 2142 1648 2208 disciplinain

80 2226 316 2291 pertinet
357 2229 682 2282 monasterii.
732 2229 788 2285 Si
823 2246 985 2300 opera
1028 2234 1333 2287 monasterii
1376 2234 1651 2285 mittantur

1736 614 1814 656 tr:
1839 616 2191 673 prmcepttttn;
2220 606 2468 664 scientes.
2498 604 2744 673 quoniam
2769 603 3089 655 exaccrliant
3120 599 3293 653 Damt.

1737 708 1861 747 num
1880 694 1929 747 in
1957 695 2155 749 sanctis
2176 699 2308 749 suis.
2338 693 2392 749 Si
2421 694 2615 761 aliquid
2639 704 2817 745 emant
2840 691 2901 744 ad
2928 691 3296 755 necessitatem

1739 786 2073 851 monasterii,
2101 785 2330 840 sollicite
2360 795 2414 838 et
2436 785 2697 846 titleliter,
2723 793 2776 835 ut
2806 783 2948 835 servi
2979 781 3092 845 Dei,
3117 792 3293 846 agant.

1809 924 1896 977 ιν.
1928 926 2165 979 Otiosum
2217 930 2434 980 verbum
2466 945 2513 989 ai
2536 926 2603 979 nd
2640 925 2760 979 illos
2790 940 2894 977 non
2936 924 3026 977 sit.
3056 924 3206 978 Mane
3232 926 3295 976 sil

1743 1028 1901 1083 opera
1920 1032 2011 1067 sua
2024 1016 2262 1079 sedeant;
2279 1029 2397 1084 post
2418 1031 2466 1069 οι
2481 1017 2711 1069 ationetn
2732 1017 2899 1069 tertiae
2919 1024 3042 1067 eant
3056 1015 3116 1068 ad
3139 1031 3298 1080 opera

1718 1112 1868 1168 'Sua;
1902 1122 2003 1158 non
2026 1117 2228 1160 stantes
2246 1108 2451 1179 fabulas
2472 1116 2780 1166 contexant,
2812 1105 2912 1158 nisi
2943 1106 3076 1158 forte
3105 1105 3298 1172 aliquid

1743 1194 1811 1248 sit
1838 1211 1935 1263 pro
1966 1196 2185 1249 utilitate
2216 1196 2407 1249 anima:
2436 1214 2448 1245 :
2484 1196 2730 1248 sedentes
2752 1194 2816 1247 ad
2837 1209 2997 1260 Opera
3023 1234 3036 1252 .
3071 1202 3300 1251 taceant,

1744 1289 1846 1341 nisi
1874 1289 2003 1341 forte
2018 1290 2303 1343 necessitas
2322 1302 2541 1355 cperam
2559 1274 2792 1355 exegerit
2821 1297 2875 1340 ut
2898 1287 3142 1354 loquatur
3162 1285 3299 1352 quis.

1821 1417 1879 1470 ν.
1913 1418 1964 1471 Si
1994 1419 2111 1487 quis
2140 1428 2312 1470 autem
2340 1432 2442 1470 non
2472 1418 2613 1471 omni
2646 1422 2857 1480 virtute,
2892 1416 3177 1486 adiuvante
3200 1420 3299 1471 nii-

1746 1510 2035 1563 sericordia
2068 1509 2181 1573 Dei,
2209 1510 2320 1561 haec
2348 1518 2569 1561 conatus
2603 1508 2760 1560 fuerit
2795 1508 3036 1575 implere,
3067 1508 3159 1561 si-d
3186 1522 3306 1561 con-

1749 1598 1943 1652 tun-aci
1971 1598 2146 1649 animo
2183 1598 2480 1664 ite~pexerit
2506 1614 2517 1647 :
2551 1598 2714 1650 semel
2743 1606 2901 1664 atque
2948 1600 3136 1649 iterum
3158 1611 3306 1649 coni-

1750 1692 1981 1743 monitus
2004 1729 2020 1755 ,
2047 1690 2092 1743 si
2123 1705 2225 1742 non
2246 1688 2629 1756 uinctidaverit,
2659 1688 2790 1742 sciat
2816 1703 2875 1743 se
2922 1682 3199 1756 sulijaccre
3230 1688 3310 1742 di-

1749 1780 1991 1847 st-iplinm
2038 1781 2365 1841 monasterii.
2418 1779 2555 1832 sicut
2601 1788 2833 1844 oportet.
2873 1779 2927 1831 Si
2967 1792 3143 1831 auem
3194 1780 3313 1831 talis

1679 1885 1727 1944 Β
1753 1872 1905 1925 fuerit
1931 1872 2283 1939 musipsitts,
2329 1872 2488 1924 etiam
2533 1870 2818 1937 vapulabit.
2853 1870 2977 1922 llaec
3020 1871 3071 1922 in
3102 1872 3315 1923 nomine

1752 1962 1950 2016 Christi
1976 1961 2199 2015 ﬁdeliter
2216 1971 2269 2014 et
2302 1964 2385 2029 pie
2414 1960 2853 2025 observantes,“
2881 1974 2976 2012 vos
3006 1959 3313 2027 prolicieti~,

1754 2061 1809 2105 ct
1840 2053 1990 2105 nobis
2016 2066 2119 2105 non
2153 2066 2312 2119 parva
2342 2052 2518 2103 lictitia
2544 2049 2646 2103 erit
2672 2048 2739 2102 de
2771 2059 2943 2103 vestra
2976 2049 3165 2102 salute.
3195 2050 3314 2101 ιιειιιε

1754 2151 1877 2194 sunt
1916 2156 2033 2206 quae
2070 2149 2124 2193 ut
2170 2140 2465 2195 observetis
2512 2137 2847 2207 praecipimus
2894 2141 2946 2191 in
2990 2138 3351 2191 monasterii-

1757 2230 2048 2285 constituti.

135 2358 3285 2391 W

145 2389 449 2409 ‘—

881 2498 1249 2554 ADMONITIO
1287 2498 1351 2552 IN
1390 2497 1801 2567 SEQUENTEM
1838 2495 2139 2551 ΟΒΟΙΝΕΜ
2178 2492 2537 2549 ROMANUM.

165 2606 337 2663 Veteri
375 2607 677 2662 Calendario
724 2608 954 2662 Romano
978 2618 1025 2661 et
1070 2607 1315 2678 Liturgiar
1364 2608 1651 2664 Gallicana:

83 2700 390 2766 expositioni
416 2703 490 2771 (a)
520 2702 764 2772 subjicere
784 2700 1181 2769 libet-antiquum
1206 2700 1446 2755 Ordinem
1466 2702 1652 2756 Roma-

82 2804 230 2852 num,
257 2792 329 2844 ad
358 2807 504 2845 usum
547 2792 963 2843 monasteriorum
994 2790 1056 2842 ab
1103 2792 1251 2843 annis
1292 2792 1490 2845 circiter
1512 2793 1651 2846 mille

86 2889 545 2947 accommodatum,
579 2886 725 2955 cujus
751 2883 1100 2951 antiquitatem
1140 2883 1317 2952 probat
1348 2899 1449 2935 non
1484 2884 1649 2937 solum

86 2979 284 3035 codicis
308 2973 663 3035 Morbacensis,
694 2988 726 3024 a
747 2988 845 3039 quo
873 2971 1021 3024 illum
1057 2974 1360 3042 accepimus,
1391 2974 1651 3028 character

88 3086 255 3123 annos
276 3066 535 3119 minimum
563 3062 667 3116 9U)
688 3072 1069 3128 reprtesentans.
1102 3064 1189 3114 sed
1212 3065 1360 3114 etiam
1377 3064 1502 3115 varii
1522 3065 1650 3117 ritus

88 3162 176 3231 qui
202 3161 260 3213 in
288 3176 346 3213 ea
375 3156 787 3226 pra'scribuntur,
810 3154 895 3222 qui
915 3155 1027 3223 jam
1055 3154 1247 3206 dudum
1275 3155 1393 3208 etin
1420 3156 1648 3209 Romana

88 3248 327 3302 Ecclesia
338 3256 391 3300 et
410 3250 461 3298 in
488 3244 779 3298 Galliarum
801 3244 1134 3305 monasteriis.
1158 3245 1332 3312 quibus
1359 3248 1473 3299 usui
1495 3247 1651 3316 fuisse

89 3344 311 3394 videtur.
338 3337 545 3389 obsoleti
585 3344 720 3388 sunt.
752 3334 1011 3404 Imprimis
1038 3346 1111 3388 est
1155 3337 1286 3389 illud
1314 3339 1445 3404 quod
1470 3339 1653 3403 festum
1681 3326 1725 3388 C

90 3432 154 3484 de
180 3430 506 3498 conceptione
526 3423 591 3479 Β.
630 3424 877 3495 Virginis,
909 3442 1010 3493 qua
1030 3426 1351 3481 incarnatum
1392 3428 1485 3481 Dei
1524 3427 1651 3481 Ver-

90 3532 208 3576 bum
232 3520 568 3575 ennuntiante
595 3519 776 3585 angelo
804 3519 855 3569 in
881 3502 1024 3569 utero
1053 3522 1290 3587 suscepit,
1337 3520 1655 3574 hebdomade

90 3624 208 3666 ante
254 3609 424 3663 natale
453 3607 659 3660 Domini
704 3606 941 3659 celebrari
970 3611 1248 3675 prtescribit
1276 3627 1296 3665 :
1323 3629 1471 3681 quem
1500 3615 1653 3666 ritum

92 3703 412 3756 commendat
436 3698 702 3753 concilium
735 3697 1033 3751 Toletanum
1060 3716 1113 3764 ι,
1142 3718 1277 3755 anno
1304 3703 1408 3757 656
1434 3706 1655 3758 celebra-

92 3804 223 3859 tum,
254 3801 493 3860 tanquam
520 3805 607 3857 per
637 3790 857 3841 diversas
872 3792 987 3855 jam
1028 3790 1209 3843 mundi
1229 3802 1395 3857 partes
1419 3796 1650 3847 observa-

93 3896 221 3947 tum,
270 3892 560 3950 servantque
612 3882 850 3936 hactenus
898 3883 1137 3937 Ecclesia:
1166 3882 1564 3938 Mediolancnsis
1606 3895 1651 3939 et

93 3973 359 4027 Toletana.
386 3970 493 4025 Nec
519 3972 681 4025 minus
701 3975 1048 4033 antiquitatem
1067 3975 1222 4041 spirat
1242 3975 1367 4028 ordo
1393 3991 1651 4027 sacrorum

94 4064 343 4117 librorum
365 4064 418 4115 in
444 4064 699 4115 nocturnis
719 4063 905 4132 vigiliis
950 4065 1291 4133 legendorum,
1309 4082 1410 4134 quo
1436 4067 1652 4133 prophe—
1688 4076 1691 4079 '

93 4163 172 4205 tas
200 4165 311 4219 post
338 4151 698 4217 Epiphaniam,
731 4169 831 4205 non
870 4154 1110 4217 epistolas
1139 4155 1385 4220 Apostoli,
1418 4159 1653 4226 legendos

93 4243 339 4303 deseruit,
378 4242 433 4294 id
458 4242 589 4310 quod
640 4243 741 4293 alio
768 4244 819 4294 in
846 4243 1015 4295 codice
1043 4243 1355 4298 Morbacensi
1401 4262 1650 4298 annorum

93 4337 358 4385 minimum
387 4334 522 4386 mille
547 4335 893 4402 prtcscriptutn
926 4335 1223 4400 reperimus.
1254 4334 1495 4388 Eamdem
1521 4338 1656 4390 anti-

1752 2609 1992 2678 quitatem
2020 2614 2379 2676 reprtesentare
2412 2606 2760 2660 existimamus
2780 2608 2934 2660 ritum
2956 2617 3069 2675 post
3091 2624 3313 2659 commu-

1751 2699 1954 2752 nionem
1972 2696 2312 2750 annuntiandi
2333 2713 2365 2749 a
2382 2697 2595 2749 diacono
2624 2707 2833 2750 ventura
2855 2703 3002 2763 festa,
3025 2699 3113 2766 qui
3134 2700 3313 2750 nulltbi

1753 2787 1895 2842 nobis
1920 2787 2200 2856 aliquando
2222 2786 2547 2855 prtescriptus
2576 2786 2816 2838 occurrit.

1830 2940 1993 2994 Porro
2020 2956 2134 2992 cum
2156 2938 2305 3006 plura
2327 2948 2504 2991 natatu
2533 2938 2688 3008 digna
2715 2938 2808 2991 hoc
2838 2939 2889 2991 in
2917 2939 3095 2991 ordine
3114 2939 3313 2991 videan-

1754 3041 1855 3096 tur,
1878 3031 2009 3084 illud
2034 3034 2310 3099 present-"nt
2331 3029 2579 3100 singulari
2606 3031 3007 3082 consideratione
3034 3032 3313 3096 ponderan-

1755 3123 1878 3173 dum
1895 3130 1983 3184 est,
2001 3120 2134 3188 quod
2153 3120 2404 3175 orationes
2421 3129 2531 3185 post
2546 3120 2849 3171 oblationem
2867 3119 3096 3171 dicenda:
3116 3134 3315 3173 st-crete

1757 3210 1902 3264 nullo
1930 3211 2033 3263 alio
2055 3208 2300 3261 audiente
2325 3209 2599 3261 recitandce
2620 3208 3035 3275 prtescribuntur,
3063 3211 3148 3277 qui
3176 3210 3319 3260 locus

1756 3300 1978 3369 suﬁicere
1996 3300 2135 3351 debet
2156 3298 2223 3349 ad
2254 3297 2550 3362 refutandos
2575 3298 2847 3350 nonnullos
2876 3300 3152 3350 noritatum
3177 3314 3318 3350 anta—

1757 3399 1905 3453 tores,
1935 3391 2021 3459 qui
2045 3404 2219 3440 contra
2250 3387 2540 3440 universalis
2572 3386 2813 3440 Ecclesite
2836 3387 3081 3441 limitant!
3106 3405 3320 3442 consuc-

1757 3482 1999 3542 tudinem,
2024 3481 2227 3550 propria
2255 3482 2548 3531 auctoritate
2570 3480 2814 3548 integram
2854 3482 3078 3538 missam.
3107 3492 3319 3534 secretas

1756 3574 2006 3625 orationes
2036 3587 2374 3639 canonemque
2404 3572 2567 3636 ipsum
2595 3575 2765 3623 eodem
2798 3574 2931 3624 cocis
2954 3588 3097 3637 sono,
3132 3572 3224 3625 hoc
3244 3586 3321 3631 est

1755 3664 1856 3717 alte
1880 3666 2231 3732 pronuntiant.
2256 3663 2388 3715 Nam
2416 3665 2549 3730 quod
2572 3664 2875 3727 respondent
2900 3666 3051 3717 variis
3076 3665 3321 3732 antiquis-

1754 3771 1848 3825 que
1874 3754 2160 3807 auctoribus
2189 3763 2403 3805 secretas
2432 3764 2476 3805 et
2497 3769 2737 3805 canonem
2768 3752 2859 3804 sub
2889 3753 3098 3805 silentio
3119 3755 3322 3806 recitari

1756 3845 2206 3915 prtzscribentibus,
2235 3846 2389 3913 quod,
2418 3845 2641 3911 inquam,
2674 3844 2837 3907 aiunt,
2870 3844 3146 3905 silentium,
3180 3849 3320 3909 apud

1755 3934 1871 3985 illos
1899 3934 2069 3984 cantui
2096 3941 2312 3997 tantum,
2340 3949 2439 3984 non
2467 3934 2584 3984 altte
2605 3933 2712 3983 voci
2739 3934 2944 4001 apponi,
2974 3935 3177 3985 omnino
3202 3933 3320 4001 falsi

1755 4023 2081 4085 concincitur,
2108 4033 2158 4074 ttt
2181 4022 2289 4073 null
2310 4038 2350 4073 is
2374 4022 2439 4073 sit
2466 4024 2686 4083 amplius
2713 4022 2988 4091 effugiendi
3017 4022 3182 4087 locus,
3206 4040 3319 4076 cum

1756 4129 1987 4167 SECRETB
2026 4129 2191 4167 suum
2231 4129 2348 4165 suo
2396 4128 2655 4165 suntiam:
2699 4125 2812 4165 ante
2859 4130 3021 4165 annos
3069 4115 3211 4167 mille
3262 4115 3316 4167 in

1759 4204 1986 4258 Ecclesia
2015 4204 2245 4258 Romana
2286 4204 2495 4271 aliisque
2542 4206 2702 4270 ipsius
2730 4206 2959 4257 ordinem
2998 4204 3318 4274 sequentibus

1763 4296 1871 4350 lucc
1900 4298 2200 4349 dicerentur.

169 4493 247 4560 (α)
274 4494 396 4559 Qum
419 4494 621 4547 scilicet
647 4494 894 4561 opuscula
937 4494 1152 4564 Antiqua
1190 4495 1371 4549 Ordini
1402 4512 1557 4564 quem
1604 4496 1691 4549 hic
1728 4494 2036 4551 excudimus
2067 4494 2335 4561 prtemissa
2366 4501 2487 4564 sunt
2514 4494 2563 4544 in
2596 4492 2868 4544 Thesauro
2896 4494 3222 4564 Martcniano
3252 4510 3317 4549 ex

95 4578 202 4629 quo
219 4564 365 4616 illum
386 4567 760 4632 expressimus.
786 4564 840 4617 In
873 4565 964 4618 illo
985 4563 1157 4619 autem
1180 4565 1375 4620 Ordine
1400 4563 1829 4635 orthographiam
1860 4577 1914 4619 et
1936 4565 2199 4636 syntaxim
2228 4563 2569 4627 manuscripti
2594 4574 2814 4614 servare
2836 4563 3135 4624 debuimus.
3163 4564 3313 4617 Eutr.

220 4851 1283 5093 ANTIQliUS
1411 4919 2039 5062 anno
2158 4918 3187 5147 ROMANqs

974 5199 1128 5266 AD
1178 5200 1459 5269 USUM
1504 5196 2429 5274 MONASTERIOBUM
2454 5253 2477 5294 ,

425 5390 513 5440 AB
552 5388 745 5441 ANNIS
780 5389 1094 5444 CIRCITER
1136 5392 1341 5445 MILLE
1382 5391 1930 5449 ACCOBMODATUS
1970 5393 2059 5448 EX
2101 5392 2213 5448 MS.
2256 5390 2503 5447 CODICE
2541 5390 2994 5447 HORBACENSI.

288 5562 333 5607 τ
607 5560 668 5599 ΙΝ
699 5559 935 5599 NUMZNE
974 5562 1076 5601 νει
1113 5561 1314 5603 εῠιιιιι
1352 5561 1580 5602 INCIPIT
1615 5565 1670 5604 BI

1757 5563 2006 5605 HAIlUI
2037 5560 2494 5605 Εσςιεειιετιω
2523 5561 2669 5605 OIDI
2679 5561 2770 5603 κη
2780 5591 2794 5618 ,

104 5687 378 5757 Onutitcr
410 5700 489 5769 tu
543 5683 829 5769 cgnobiis
877 5683 1140 5769 ﬁdeliter
1187 5686 1451 5745 Domino
1495 5691 1842 5769 sereientes,
1881 5695 2003 5769 tam
2042 5702 2236 5767 juxta
2260 5686 2721 5769 puctoritatern
2772 5688 3091 5769 catholica
3136 5703 3309 5769 atque

192 5762 533 5834 apostolica
571 5763 853 5821 Romanis
890 5762 1203 5835 Ecclesia,
1234 5782 1415 5840 quam
1448 5772 1507 5825 et
1526 5769 1721 5845 juxta
1750 5762 2215 5843 dispasitionem
2250 5765 2493 5842 Regula
2540 5765 2606 5824 .9.
2639 5764 2959 5825 Benedicti
2990 5762 3315 5833 missarum
