3886 6344
168 324 250 387 189

1391 326 1501 387 AD
1545 322 1933 388 MONIMUM
1979 322 2129 384 LIB.
2176 324 2256 384 II.

3424 322 3542 384 {90

161 457 225 513 his
246 459 328 529 qui
351 458 587 531 longe,“
603 474 803 531 pacem
822 458 912 515 his
930 458 1033 532 qui
1054 475 1241 533 prope,
1273 460 1404 531 quia
1423 459 1483 514 in
1504 458 1626 527 ipso
1657 456 1766 511 ha-
1799 459 1851 523 Α
1883 471 2035 523 mur,
2066 456 2181 512 alio
2202 455 2329 512 loco
2349 472 2463 513 non
2482 458 2553 513 ad
2576 456 2733 513 aliud
2772 457 2897 514 ﬁeri
2919 460 3173 514 testatur
3192 454 3533 529 Apostolus,

162 549 310 604 bemus
327 550 473 603 ambo
492 564 777 604 m:cessum
796 551 861 604 in
879 566 991 605 uno
1002 550 1217 621 Spiritu
1229 550 1299 604 ad
1321 546 1766 619 Patrem(Ephes.

214 656 262 699 ιι,
296 640 393 709 14).
426 637 538 693 Hoc
558 652 700 709 ergo
726 639 955 694 factum
980 638 1328 695 estcaritate
1360 637 1578 705 divina,
1612 640 1679 690 ut
1708 651 1776 690 ex

167 728 267 801 ipso
285 728 487 799 Spiritu
520 744 740 799 corpus
776 728 943 783 illius
964 729 1177 800 capitis
1205 731 1360 783 esset
1387 730 1682 794 renatum,
1705 725 1776 779 de

163 818 437 891 quoipsum
456 822 633 888 caput
663 823 757 873 est
787 823 1018 874 natum.
1053 818 1120 872 Et
1141 818 1213 874 ob
1238 818 1344 873 hoc
1375 815 1773 873 necessarium

161 906 293 962 nobis
309 913 414 973 est,
447 907 679 963 utsicut
708 924 778 963 ex
811 907 1036 979 Spiritu
1062 912 1264 962 sancto
1295 910 1472 961 natus
1489 908 1579 960 est
1608 902 1777 959 Chri-

166 1006 283 1064 stus,
304 996 529 1068 quando
550 1000 704 1051 Deus
724 996 1074 1069 unigenitus
1091 997 1149 1052 in
1171 999 1335 1052 utero
1352 994 1628 1065 Virginis,
1654 990 1780 1048 uni-

158 1095 231 1141 tas
274 1085 488 1140 homini
538 1091 809 1157 tanquam
863 1102 1097 1157 sponsus
1145 1084 1405 1158 processit
1435 1084 1502 1139 de
1533 1081 1777 1137 thalamo

145 1191 226 1231 suo
242 1174 352 1230 :sic
374 1174 635 1230 Ecclesia
648 1176 804 1231 dona
825 1175 1082 1247 Spiritus
1099 1175 1284 1231 sancti
1312 1172 1604 1229 adhaereat
1621 1169 1780 1225 Chri-

147 1270 238 1332 sto,
283 1269 559 1334 tanquam
586 1263 806 1320 mulier
843 1265 968 1320 viro
1003 1282 1129 1332 suo,
1161 1269 1220 1320 et
1249 1267 1531 1335 tanquam
1562 1274 1776 1331 corpus

145 1352 299 1423 capiti
318 1369 444 1407 suo.
458 1353 613 1409 Dicit
632 1354 788 1409 enim
808 1354 1123 1425 Apostolus
1145 1371 1157 1408 :
1183 1354 1325 1422 Quia
1352 1351 1601 1407 Christus
1613 1352 1777 1420 caput

134 1451 205 1498 est
231 1443 501 1511 Ecclesiae,
534 1441 655 1513 ipse
688 1445 937 1499 salvator
965 1446 1233 1515 corporis.
1268 1443 1336 1497 Et
1360 1443 1570 1497 iterum
1596 1456 1608 1493 :
1635 1439 1776 1507 Quia

130 1531 359 1587 membra
389 1548 587 1587 sumus
609 1534 861 1604 corporis
882 1534 1024 1604 ejus,
1055 1533 1120 1588 de
1147 1548 1313 1588 carne
1333 1533 1451 1603 ejus
1481 1538 1532 1585 et
1554 1529 1627 1583 de
1647 1526 1781 1582 ossi-

134 1621 227 1676 bus
251 1622 391 1688 eius,
404 1629 635 1692 propter
661 1621 759 1677 hoc
773 1622 1048 1692 relinquet
1064 1628 1222 1679 homo
1236 1630 1450 1693 patrem
1467 1627 1516 1675 et
1545 1625 1779 1672 matrem

126 1726 296 1775 suam,
328 1714 381 1764 et
414 1708 724 1765 adhaerebit
752 1712 919 1765 uxori
946 1726 1085 1776 suae,
1116 1719 1167 1766 et
1193 1720 1358 1767 erunt
1387 1709 1491 1765 duo
1522 1711 1584 1763 in
1612 1721 1779 1761 carne

118 1815 223 1853 una
249 1799 358 1869 (at.
382 1814 621 1853 carnem
650 1801 1086 1870 unam)(Ephes.
1107 1799 1455 1872 v,29).0uod
1480 1811 1776 1869 exponens

128 1886 333 1956 adjecit
368 1903 381 1942 :
416 1898 829 1944 sacramentum
871 1890 972 1945 hoc
1018 1907 1279 1961 magnum
1307 1893 1387 1945 est
1419 1906 1433 1944 :
1460 1903 1558 1956 ego
1587 1890 1771 1942 autem
1801 1860 1850 1925 B

118 1976 232 2031 dico
260 1976 321 2029 in
355 1975 579 2032 Christo
606 1986 660 2032 et
691 1976 751 2032 in
779 1978 1040 2034 Ecclesia.
1076 1979 1193 2036 Hoc
1223 1977 1628 2034 testimonium
1659 1978 1768 2030 Ve-

115 2064 247 2120 teris
265 2066 656 2134 Testamenti,
691 2084 824 2121 cum
851 2070 1134 2124 Dominus
1157 2070 1437 2124 adversus
1458 2066 1775 2122 Pharisaeo-

122 2171 248 2209 rum
271 2160 636 2211 tentamenta
661 2158 969 2226 proferret,
1002 2162 1240 2213 secutus
1270 2156 1775 2226 adjunxitzlgitur

118 2245 225 2309 iam
257 2260 372 2297 non
405 2253 536 2299 sunt
564 2244 794 2313 duo,sed
822 2263 933 2300 una
962 2263 1107 2302 caro.
1141 2247 1300 2317 Quod
1328 2263 1456 2316 ergo
1480 2251 1620 2302 Deus
1640 2259 1771 2300 con-

104 2330 479 2399 junxit,homo
494 2348 607 2387 non
626 2337 845 2403 separet
867 2333 1079 2403 (Matth.
1096 2336 1300 2399 x:x,6).
1329 2334 1401 2389 Ut
1431 2350 1566 2405 ergo
1588 2332 1648 2387 in
1672 2330 1770 2387 illo

112 2424 309 2475 sancto
324 2421 803 2491 connubio;quod
821 2424 1034 2478 factum
1052 2429 1140 2479 est
1157 2424 1211 2477 in
1229 2423 1487 2479 thalamo
1501 2422 1648 2477 uteri
1663 2421 1773 2476 vir-

112 2509 443 2581 ginalist
455 2527 567 2565 non
582 2513 1027 2578 esseutduo,sed
1045 2530 1147 2569 una
1158 2510 1565 2584 caro,spiritali
1580 2511 1772 2584 gratia

115 2600 323 2653 factum
341 2604 447 2654 est.
472 2599 593 2655 Hoc
622 2601 802 2656 etiam
829 2607 893 2657 ut
911 2602 1548 2674 indisruptumjugiter
1578 2606 1773 2656 tenea-

123 2692 226 2753 tur,
260 2688 542 2760 spiritalis
555 2690 747 2761 gratia
764 2695 1075 2763 operatur;
1103 2691 1244 2764 quia
1266 2696 1329 2745 ut
1350 2690 1527 2761 capiti
1548 2707 1654 2745 suo
1678 2689 1766 2743 in—

128 2774 325 2832 haereat
340 2777 459 2833 hac
485 2779 683 2834 unitas
716 2781 1066 2852 corporis,et
1094 2785 1157 2836 ut
1180 2780 1375 2836 sciens
1406 2778 1544 2851 quia
1580 2794 1768 2834 omnes

118 2869 205 2935 qui
228 2883 289 2922 se
314 2869 571 2939 elongant
591 2871 660 2922 ab
681 2869 798 2939 ipso
810 2868 1096 2941 peribunt,
1126 2874 1178 2926 et
1206 2869 1339 2941 quia
1368 2868 1553 2939 perdet
1582 2884 1768 2925 omnes

116 2958 203 3025 qui
228 2960 581 3025 fornicanlur
612 2958 683 3012 ab
712 2974 798 3024 eo,
831 2959 1019 3028 possit
1062 2959 1192 3031 ipsa
1222 2962 1385 3014 caste
1411 2975 1478 3013 ac
1506 2957 1767 3014 suaviter

128 3044 343 3101 dicere:
387 3048 537 3103 libi
566 3052 754 3103 autem
800 3048 1090 3104 adhaerere
1116 3053 1225 3104 Deo
1259 3048 1458 3103 bonum
1479 3051 1558 3103 est
1588 3047 1761 3117 (Psal.

122 3148 282 3202 mu,
308 3135 420 3206 27).
468 3140 537 3189 Et
592 3152 803 3192 rursus
839 3154 853 3191 :
887 3136 1133 3193 Adhaesit
1173 3139 1366 3192 anima
1395 3151 1521 3191 mea
1561 3138 1684 3206 post
1712 3138 1764 3192 te

1881 545 1992 601 nisi
2012 546 2083 601 ad
2101 546 2667 603 consummationem
2684 553 2956 603 sanctoru
2969 547 3097 601 min
3113 562 3261 617 opus
3278 544 3538 599 ministe-

1880 636 1975 705 rii,
1999 637 2057 691 in
2081 636 2525 693 aedificationem
2552 637 2815 709 corporis
2842 637 3076 693 Christi.
3113 635 3216 693 Ubi
3250 635 3532 690 unitatem

1880 725 2145 795 ejusdem
2162 724 2885 799 aedilicationisspiritalis,
2919 725 3118 799 quatin
3134 724 3373 781 caritate
3395 738 3531 778 con-
3585 744 3593 751 ·

1882 819 2023 882 stat,
2049 814 2360 869 insinuans
2379 815 2462 869 ait
2494 832 2508 871 :
2545 816 2717 872 Donec
2740 832 3093 872 occurramus
3114 830 3298 871 omnes
3321 815 3383 869 in
3402 813 3530 868 uni-

1881 907 2051 958 tatem
2070 904 2208 973 ﬁdei
2230 909 2278 958 et
2293 907 2594 976 agnitionis
2625 906 2759 961 Filii
2785 907 2907 971 Dei,
2929 908 2986 960 in
3010 908 3192 960 virum
3209 905 3531 976 perfectum,

1882 993 1978 1048 37
2001 994 2061 1048 in
2076 1009 2393 1048 mensuram
2416 994 2592 1049 atatis
2601 995 2971 1067 plenitudinis
2987 994 3195 1051 Christi
3202 1001 3282 1062 ,ut
3294 994 3410 1062 iam
3421 1008 3535 1047 non

1880 1085 2058 1139 simus
2065 1083 2291 1153 parvuli
2302 1085 2706 1152 ﬂuctuantes,et
2721 1084 3191 1156 circumferamur
3205 1085 3358 1140 omni
3376 1088 3535 1138 vento

1880 1171 2177 1238 doctrinae,
2209 1174 2271 1227 in
2289 1175 2537 1245 nequitia
2553 1175 2862 1241 hominum,
2895 1177 2954 1229 in
2976 1176 3181 1230 astutia
3204 1172 3274 1228 ad
3293 1175 3532 1228 circum-

1881 1261 2195 1318 ventionem
2214 1261 2440 1317 erroris.
2482 1264 2772 1318 Veritatem
2803 1271 2984 1318 autem
3004 1264 3264 1334 facientes
3312 1264 3368 1315 in
3391 1260 3537 1316 cari-

1879 1355 2000 1407 tate
2019 1367 2320 1407 crescamus
2369 1352 2431 1406 in
2480 1352 2576 1407 illo
2607 1353 2942 1423 peremnia,
2974 1353 3072 1423 qui
3089 1358 3167 1406 est
3186 1358 3352 1422 caput
3377 1349 3536 1407 Chri-

1879 1448 2015 1510 stus,
2049 1456 2119 1496 σεε
2164 1456 2268 1512 quo
2304 1442 2482 1495 totum
2528 1457 2723 1512 corpus
2763 1449 3105 1508 compactum
3142 1442 3195 1495 et
3223 1455 3532 1496 connexum

1877 1544 1976 1602 per
1994 1544 2205 1584 omnem
2208 1531 2531 1600 juncturam
2545 1529 3080 1585 subministrationis
3091 1528 3386 1584 secundum
3407 1544 3531 1598 ope-

1880 1622 2153 1675 rationem
2174 1620 2233 1674 in
2247 1635 2560 1674 mensuram
2575 1620 3004 1690 uniuscujusque
3014 1620 3254 1674 membri
3271 1634 3536 1690 augmen-

1880 1717 1999 1765 tum
2024 1710 2266 1779 corporis
2310 1709 2451 1779 facit
2510 1708 2571 1763 in
2599 1709 3024 1780 aediﬁcationem
3077 1710 3169 1763 sui
3215 1709 3276 1763 in
3304 1710 3535 1764 caritate

1878 1798 2095 1870 (Ep/tes.
2132 1814 2210 1865 1v,
2246 1798 2357 1868 l3):

1876 1924 2039 1974 ϐλιτοτ
2091 1937 2162 1973 xi.
2192 1923 2314 1973 Haec
2339 1922 2622 1986 aediﬁcatio
2676 1921 2947 1983 spiritalis
3002 1920 3285 1972 rectissime
3330 1922 3533 1983 petitur

1940 1996 2152 2060 quando
2194 1995 2358 2058 panis
2403 1999 2451 2043 et
2486 1994 2629 2043 catis:
2656 1994 3000 2042 consecratur.
3059 1992 3417 2057 Sanctiﬁcatio
3451 1992 3532 2040 la-

1938 2082 2055 2117 men
2082 2070 2260 2117 nostra
2291 2082 2321 2115 a
2350 2069 2458 2116 tota
2486 2066 2548 2130 ﬁt
2590 2066 2859 2115 Trinitate.
2919 2063 3019 2126 Qui
3073 2063 3140 2112 ab
3189 2067 3391 2114 unitate
3436 2065 3533 2113 Ec-

1940 2139 2102 2190 clesia:
2129 2139 2391 2198 recedunt,
2422 2139 2679 2200 Spiritum
2707 2141 2940 2187 sanctum
2968 2137 3234 2186 amittunt.

1947 2246 2075 2302 Haec
2106 2248 2302 2319 itaque
2323 2244 2607 2318 spiritalis
2657 2245 2959 2301 aediﬁcatio
2998 2242 3262 2316 corporis
3291 2241 3524 2309 Christi,

1877 2352 2007 2409 quae
2028 2336 2093 2391 tit
2113 2336 2171 2391 in
2195 2337 2430 2391 caritate
2453 2337 2607 2406 (cum
2632 2335 2856 2392 scilicet
2885 2335 3211 2390 secundum
3244 2332 3395 2388 beati
3424 2334 3525 2388 Pe-

1877 2425 1950 2478 tri
1982 2424 2554 2496 sermonem,lapidcs
2583 2425 2694 2479 vivi
2712 2422 3068 2494 aediﬁcantur
3090 2423 3149 2477 in
3167 2420 3387 2477 domum
3407 2422 3522 2492 spi-

1876 2513 2119 2580 ritalem,
2150 2514 2210 2567 in
2238 2512 2600 2569 sacerdotium
2628 2520 2876 2568 sanctum
2912 2510 3211 2586 offerentes
3238 2508 3523 2582 spiritales

1876 2600 2108 2670 hostias,
2140 2603 2494 2673 acceptabiles
2514 2603 2619 2657 Deo
2645 2618 2747 2673 per
2773 2603 2955 2658 Iesum
2986 2600 3267 2658 Christum
3301 2602 3343 2666 [ι
3371 2601 3518 2655 Petr.

1876 2706 1938 2759 ιι,
1967 2691 2045 2760 5),
2078 2690 2219 2756 haec,
2254 2691 2516 2762 inquam,
2550 2690 2856 2746 aediﬁcatio
2882 2688 3189 2759 spiritalis,
3216 2705 3519 2761 nunquam

1873 2779 2262 2852 opportunius
2276 2778 2677 2851 petiturquam
2692 2796 2825 2835 cum
2842 2780 2912 2835 ab
2927 2778 3269 2851 ipsofshristi
3282 2794 3523 2851 corpore

1873 2868 2050 2941 (quod
2072 2875 2160 2925 est
2184 2869 2529 2940 Ecclesiaﬁn
2555 2873 2921 2924 sacramento
2939 2866 3106 2939 panis
3132 2872 3190 2924 et
3211 2867 3408 2924 salicis
3434 2868 3522 2941 ip-

1873 2975 2007 3015 sum
2025 2957 2241 3014 Christi
2280 2975 2491 3030 corpus
2527 2963 2583 3014 et
2613 2958 2858 3029 sanguis
2880 2958 3120 3013 oll'ertur
3142 2973 3155 3011 :
3180 2957 3345 3014 Catia:
3368 2959 3522 3014 enim

1872 3064 2031 3120 quem
2061 3048 2323 3116 bibimus,
2351 3049 2784 3103 communicatio
2806 3046 3099 3118 sanguinis
3117 3046 3328 3103 Christi
3351 3056 3448 3117 est,
3471 3056 3524 3103 et

1868 3139 2033 3210 panis
2088 3154 2247 3210 quem
2272 3137 2609 3210 frangimus,
2640 3136 2999 3210 participatio
3028 3138 3268 3209 corporis
3300 3136 3522 3193 Domini

116 3222 275 3283 (Psal.
305 3240 440 3291 un,
470 3225 545 3295 9).
579 3224 689 3280 Illa
731 3225 947 3281 caritas
979 3225 1079 3282 Dei
1109 3225 1264 3291 facit,
1297 3240 1424 3297 quae
1450 3224 1653 3296 diffusa
1679 3233 1755 3279 est
1785 3217 1827 3285 C
1866 3236 1946 3283 est
1976 3243 1990 3282 :
2022 3229 2285 3297 quoniam
2312 3243 2455 3281 unus
2481 3228 2660 3298 panis,
2685 3243 2860 3282 unum
2882 3241 3084 3295 corpus
3107 3224 3284 3281 multi
3302 3241 3515 3295 sumus,

116 3310 165 3364 in
185 3314 442 3368 cordibus
458 3316 658 3369 nostris
678 3331 781 3386 per
797 3313 1081 3386 Spiritum
1108 3316 1485 3386 sanctum.qui
1503 3315 1664 3369 datus
1682 3317 1759 3368 est

111 3401 255 3455 nobis
285 3403 455 3471 (Rom.
489 3419 547 3468 ν,
576 3404 654 3473 5).
690 3403 797 3458 Per
814 3403 970 3459 hunc
994 3404 1278 3477 Spiritum
1303 3408 1571 3460 sanctum
1594 3407 1759 3459 tanta

108 3497 188 3545 est
213 3492 407 3547 unitas
424 3492 639 3548 Christi
664 3500 722 3549 et
742 3494 1036 3559 Ecclesiae,
1064 3501 1275 3550 utcum
1306 3492 1609 3549 electionis
1638 3492 1755 3549 Vas

108 3580 287 3635 dicat:
322 3582 463 3649 Quia
496 3581 748 3638 Christus
779 3587 944 3650 caput
976 3589 1051 3639 est
1080 3586 1325 3654 corporis
1356 3583 1613 3638 Ecclesiae
1643 3584 1757 3652 (Co-

106 3670 220 3721 loss.
257 3686 295 3734 ι,
334 3671 441 3742 18),
466 3670 665 3742 ipsum
692 3678 891 3728 tamen
915 3688 1129 3742 corpus
1153 3671 1366 3727 Christi
1392 3688 1504 3725 non
1526 3670 1755 3725 dubitet

108 3756 397 3815 Christum
421 3762 707 3816 veraciter
728 3760 1042 3832 appellare.
1060 3763 1322 3833 Denique
1348 3761 1434 3816 sic
1451 3760 1531 3814 ait
1552 3761 1621 3815 ad
1645 3761 1754 3815 Co—

108 3846 350 3903 rinthios
371 3850 637 3905 scribens
679 3867 692 3904 :
724 3850 881 3904 Sicut
936 3849 1090 3904 enim
1145 3866 1339 3921 corpus
1368 3867 1541 3905 unum
1571 3860 1671 3918 est,
1701 3857 1752 3906 et

110 3937 347 3992 membra
375 3939 540 3993 habet
568 3940 772 4002 multa.
796 3941 983 3995 omnia
1010 3943 1199 3995 autem
1231 3940 1475 3995 membra
1505 3942 1751 4011 corporis

107 4038 217 4079 cum
228 4029 343 4081 sint
367 4028 560 4096 multa,
584 4045 761 4083 unum
781 4033 859 4084 est
875 4045 1090 4101 corpus,
1107 4033 1185 4085 ita
1203 4034 1253 4085 et
1280 4028 1532 4085 Christus
1553 4030 1602 4101 (1
1625 4031 1745 4086 Cor.

108 4127 201 4177 ni,
230 4117 341 4185 t2).
370 4121 435 4172 Et
478 4123 547 4172 ut
567 4120 907 4175 ostenderet
930 4120 1069 4191 quia
1093 4120 1201 4175 hoc
1223 4135 1441 4191 corpus
1482 4120 1636 4191 quod
1663 4119 1747 4174 sic

110 4204 507 4271 estChristimt
537 4208 808 4264 Christus
838 4208 937 4275 sit,
971 4226 1105 4265 cum
1138 4210 1328 4265 multa
1357 4210 1621 4265 membra
1653 4209 1749 4265 ha-

112 4289 373 4357 beat,non
390 4296 502 4352 nisi
521 4298 716 4369 gratia
732 4299 917 4353 sancti
931 4298 1184 4369 Spiritus
1206 4315 1387 4353 unum
1410 4303 1748 4369 permaneat

112 4386 274 4451 Itque
300 4386 599 4455 consistat,
636 4387 909 4458 sequitur
937 4388 1138 4444 statim
1163 4388 1397 4444 dicens:
1431 4389 1653 4443 Etenim
1685 4390 1742 4443 in

113 4483 212 4522 81w
220 4472 416 4541 spiritu
432 4491 625 4531 omnes
635 4493 735 4531 nos
762 4478 823 4531 in
836 4493 1014 4531 unum
1027 4493 1227 4548 corpus
1250 4479 1520 4548 baptizali
1530 4494 1739 4544 sumus,

1865 3332 2161 3387 omnesque
2189 3316 2253 3372 de
2284 3332 2391 3372 uno
2416 3332 2563 3388 pane
2585 3314 2988 3386 participamus
3018 3316 3062 3385 (l
3090 3314 3211 3371 Cor.
3244 3331 3299 3385 κ,
3334 3314 3518 3384 16).Et

1865 3410 2171 3478 propterea
2202 3406 2456 3476 petimus
2488 3412 2551 3459 ut
2581 3405 2807 3461 scilicet
2836 3422 2903 3461 ea
2933 3404 3124 3476 gratia
3154 3420 3270 3475 qua
3296 3404 3514 3457 factum

1863 3500 1954 3551 est
1983 3500 2048 3550 ut
2080 3494 2336 3552 Ecclesia
2365 3493 2582 3550 Christi
2626 3510 2839 3566 corpus
2883 3494 3067 3562 ﬁeret,
3100 3494 3299 3548 eadem
3326 3491 3516 3564 gratia

1863 3586 1966 3640 ﬁat
2014 3589 2079 3639 ut
2100 3584 2295 3639 omnia
2318 3584 2582 3639 membra
2602 3583 2881 3652 caritatis,
2910 3586 3181 3638 manente
3210 3597 3511 3654 compage,

1863 3673 1919 3728 in
1941 3673 2166 3728 unitate
2187 3672 2447 3743 corporis
2473 3676 2983 3743 perseverent.Hoc
3006 3675 3202 3727 autem
3226 3672 3401 3744 digne
3420 3687 3514 3743 pe-

1860 3761 2045 3816 timus
2068 3761 2226 3817 illius
2248 3763 2305 3816 in
2327 3760 2495 3816 nobis
2510 3762 2661 3817 dono
2684 3761 2936 3832 Spiritus
2962 3761 3225 3833 ﬁeri,_qui
3246 3766 3337 3817 est
3354 3777 3510 3818 unus

1857 3851 2112 3923 Spiritus
2134 3856 2191 3907 et
2212 3851 2399 3907 Patris
2420 3855 2479 3907 et
2499 3850 2627 3906 Filii
2657 3868 2671 3907 :
2707 3850 3060 3923 quiasancta
3072 3850 3356 3906 naturalis
3370 3850 3502 3906 uni-

1857 3945 1948 3995 tas
1967 3946 2025 3997 et
2041 3939 2341 4012 aequalitas
2372 3944 2427 3995 et
2455 3941 2666 3997 caritas
2685 3940 2962 4009 Trinitas,
2996 3957 3123 4014 quae
3157 3956 3311 3995 unus
3341 3939 3503 3996 solus

1855 4034 1912 4085 et
1941 4046 2112 4085 verus
2134 4034 2223 4084 est
2244 4030 2420 4098 Deus,
2440 4030 2825 4086 unanimitate
2846 4032 3348 4102 sanctiﬁcat,quos
3360 4031 3503 4086 ado-

1856 4122 2069 4190 ptat.In
2094 4120 2194 4175 illa
2215 4120 2431 4192 quippe
2458 4136 2574 4175 una
2596 4120 2929 4174 substantia
2949 4120 3278 4185 Trinitatis,
3307 4123 3503 4175 unitas

1854 4213 1944 4264 est
1965 4210 2022 4263 in
2047 4207 2605 4281 origine,aequalitas
2638 4209 2696 4262 in
2730 4207 2910 4278 prole,
2945 4209 2999 4262 in
3033 4208 3274 4264 caritate
3304 4213 3501 4263 autem

1855 4299 2099 4353 unitatis
2118 4298 2588 4369 mqualitatisque
2609 4296 2946 4352 communio
2970 4314 2984 4364 ;
3005 4297 3170 4352 nulla
3188 4308 3277 4351 est
3292 4296 3500 4352 divisio

1852 4386 2015 4443 illius
2030 4385 2462 4453 unitatis,uulla
2482 4386 2792 4441 diversitas
2808 4384 2967 4440 illius
2987 4384 3501 4455 mqualitatismul-

1850 4476 1972 4531 lum
2000 4476 2305 4531 fastidium
2326 4472 2485 4529 illius
2508 4473 2805 4529 caritatis:
2834 4473 2915 4528 ibi
2946 4488 3078 4528 cum
3114 4471 3260 4526 nihil
3282 4472 3504 4528 discre-

112 4558 213 4614 sire
226 4563 549 4623 ludetsive
567 4567 824 4638 gentiles,
840 4568 953 4623 sive
972 4569 1264 4630 servi,sive
1283 4569 1444 4623 liberi
1463 4584 1475 4622 :
1492 4577 1544 4623 et
1559 4583 1744 4624 omnes
1782 4573 1824 4637 D
1857 4570 1977 4638 pat,
1999 4565 2141 4637 quia
2160 4563 2468 4635 aequalitas
2489 4578 2624 4618 cara
2643 4568 2700 4618 et
2720 4580 2852 4628 una,
2877 4566 2935 4618 et
2961 4561 3156 4617 unitas
3170 4561 3413 4631 aequalis
3443 4566 3502 4619 et

127 4661 267 4705 unum
278 4656 535 4723 spiritum
545 4658 1005 4727 potavimus.(lb.,
1018 4659 1037 4711 t
1048 4657 1124 4723 3).
1136 4659 1155 4711 Ι
1164 4674 1267 4728 psa
1286 4674 1423 4729 ergo
1434 4658 1620 4727 gratia
1635 4657 1749 4727 spi-

131 4736 283 4795 ritalis
301 4759 401 4812 per
414 4744 700 4799 unitatem
724 4747 885 4815 pacis
904 4754 955 4800 et
975 4745 1277 4801 caritatem
1290 4762 1502 4817 corpus
1524 4746 1741 4801 Christi

130 4839 206 4892 per
221 4831 339 4887 dies
355 4832 629 4905 singulos
648 4834 936 4890 aediﬁcare
964 4852 1076 4890 non
1103 4835 1473 4907 desinit,quas
1494 4834 1551 4888 in
1579 4840 1741 4889 utero

129 4912 283 4972 Marias
296 4921 538 4993 virginis
550 4923 759 4977 donum
773 4924 1257 4995 sapientiae,quod
1274 4923 1744 4993 estcaputhujus

127 5010 703 5076 corporis,fabricavit.
741 5010 905 5067 Unde
951 5029 1055 5067 nos
1078 5028 1313 5084 quoque
1343 5011 1400 5065 in
1423 5013 1545 5082 ipso
1567 5011 1741 5066 aedili-

123 5098 213 5149 επὶ
235 5098 430 5155 beatus
449 5100 767 5173 Apostolus
788 5102 878 5156 his
897 5101 1090 5156 verbis
1114 5101 1372 5157 ostendit
1404 5117 1418 5155 :
1451 5103 1599 5169 Ergo
1629 5102 1743 5168 iam

115 5198 204 5239 non
232 5191 354 5242 estis
377 5190 614 5260 hospites
632 5201 684 5245 et
704 5190 957 5261 aduente,
981 5194 1079 5246 sed
1106 5194 1235 5246 estis
1253 5192 1397 5245 cives
1425 5195 1744 5245 sanctorum

108 5281 154 5327 et
172 5276 447 5334 domestici
476 5280 593 5345 Dei,
636 5279 1073 5350 superaediﬁcati
1121 5296 1291 5351 supra
1320 5279 1745 5352 fundamentum

104 5366 450 5429 mactarunt
472 5374 526 5422 et
547 5375 970 5440 prophetarum,
999 5372 1113 5437 ipso
1134 5384 1347 5423 summa
1365 5369 1633 5439 angulari
1661 5369 1743 5423 la-

102 5456 442 5525 pideChrislo
460 5460 587 5513 Iesu
615 5460 675 5513 in
692 5474 797 5530 quo
844 5461 1023 5514 omnis
1072 5458 1375 5528 mdiﬁcatio
1430 5463 1745 5514 constructa

102 5548 277 5600 crescit
292 5548 351 5601 in
380 5546 651 5616 templum
682 5553 935 5604 sanctum
967 5550 1027 5604 in
1056 5548 1307 5615 Domino,
1343 5550 1401 5603 in
1432 5562 1537 5620 quo
1575 5552 1628 5603 et
1660 5564 1746 5605 vos

96 5636 511 5704 coadiﬁcamini
539 5640 603 5691 in
625 5637 1003 5693 habitaculum
1039 5640 1159 5704 Dei,
1193 5639 1254 5693 in
1285 5639 1495 5708 spiritu
1522 5636 1744 5707 (Ephes.

99 5739 164 5785 is,
188 5725 289 5794 19).
321 5723 481 5781 Hanc
510 5725 983 5797 aediﬁcationem,
1004 5744 1122 5799 qua
1153 5728 1216 5784 in
1245 5726 1460 5799 spiritu
1492 5726 1743 5784 aediﬁca-

1855 4672 2009 4721 cara,
2042 4658 2099 4710 et
2118 4654 2333 4708 caritas
2354 4652 2589 4722 aequalis
2607 4657 2781 4724 atque
2807 4649 3297 4719 una,naturaliter
3324 4655 3381 4706 et
3410 4651 3499 4707 in-

1852 4742 2350 4801 commutabiliter
2382 4747 2733 4814 perseverat.
2794 4741 2942 4806 Quia
2969 4741 3148 4813 igitur
3173 4758 3242 4797 ex
3267 4742 3398 4813 ipsa
3425 4742 3498 4813 (si

1850 4835 2162 4889 dicendum
2183 4833 2292 4903 est)
2310 4835 2724 4889 communione
2755 4832 3011 4905 Spiritus
3039 4832 3249 4898 sancti,
3282 4832 3498 4889 caritas

1852 4939 1969 4978 una
1987 4922 2426 4977 demonstratur
2453 4919 2640 4976 Patris
2668 4925 2725 4976 et
2749 4920 2894 4989 Filii,
2923 4936 3100 4993 quam
3132 4918 3497 4977 communio-

1851 5028 1981 5067 nem
2000 4995 2526 5081 beatusApostolus
2546 5010 2646 5065 tali
2660 5027 2929 5067 sermone
2946 5011 3347 5068 commendat:
3370 5008 3500 5064 Gra-

1851 5102 1932 5157 tia
1966 5099 2338 5158 Dominilesu
2358 5098 2585 5170 Christi,
2618 5103 2889 5156 etcarilas
2921 5102 3024 5155 Dei
3043 5106 3096 5155 et
3123 5100 3499 5154 communica-

1850 5192 1929 5246 tio
1953 5190 2195 5262 Spiritus
2222 5193 2402 5247 sancti
2430 5189 2644 5246 sitcum
2662 5192 2919 5246 omnibus
2944 5189 3090 5245 vobis
3119 5189 3192 5257 (ll
3208 5188 3334 5242 Cor.
3368 5187 3494 5253 ult.,

1854 5280 1941 5352 13)
1962 5299 1977 5349 ;
2001 5285 2058 5336 et
2087 5280 2202 5337 alio
2224 5279 2351 5336 loco
2376 5296 2389 5333 :
2442 5279 2501 5335 St
2540 5281 2682 5351 quod
2710 5278 2975 5335 solatium
3003 5277 3278 5346 caritatis,
3306 5277 3360 5332 si
3387 5291 3498 5346 qua

1850 5373 2276 5427 communicatio
2342 5368 2579 5439 Spiritus
2636 5367 2865 5438 (Philip.
2918 5383 2978 5432 ιι,
3013 5366 3089 5437 l),
3124 5370 3359 5437 propter
3386 5365 3497 5422 hoc

1854 5460 2070 5515 dicitur
2094 5478 2105 5513 :
2141 5460 2283 5527 Quia
2312 5457 2521 5513 caritas
2567 5457 2660 5512 Dei
2687 5457 2888 5527 cli/[usa
2915 5458 2995 5511 est
3022 5454 3080 5509 in
3110 5455 3366 5511 cordibus
3393 5473 3498 5514 no-

1852 5548 2007 5613 stris,
2036 5564 2136 5619 per
2156 5546 2432 5615 Spiritum
2460 5554 2728 5614 sanctum,
2746 5546 2842 5617 qui
2860 5546 3021 5600 datus
3035 5552 3111 5600 est
3129 5544 3284 5601 nobis
3315 5547 3492 5616 (Rom.

1855 5656 1908 5709 ν,
1939 5640 2015 5708 5)’
2051 5636 2307 5707 Spiritus
2329 5635 2546 5707 quippe
2576 5639 2840 5702 sanctus,
2875 5634 2973 5706 qui
3010 5650 3160 5690 unus
3185 5640 3277 5690 est
3305 5638 3496 5694 Patris

1854 5734 1911 5784 et
1946 5726 2215 5795 Filii,hoc
2245 5731 2521 5798 operatur
2550 5724 2610 5780 in
2643 5723 2735 5780 his
2766 5723 2980 5796 quibus
3010 5724 3258 5797 gratiam
3288 5724 3498 5783 tribuit
