  <div class='ocr_page' id='page_1' title='image "/cluster/home/n/w/nwhite01/storage/ocr_20150623/65-66/uva.x000827080/1020.png"; bbox 0 0 3804 6414; ppageno 0'>
   <div class='ocr_carea' id='block_1_1' title="bbox 46 464 153 522">
    <p class='ocr_par' dir='ltr' id='par_1_1' title="bbox 46 464 153 522">
     <span class='ocr_line' id='line_1_1' title="bbox 46 464 153 522; baseline -0.037 1"><span class='ocrx_word' id='word_1_1' title='bbox 46 464 153 522; x_wconf 83' lang='lat' dir='ltr'><strong>l00l</strong></span> 
     </span>
    </p>
   </div>
   <div class='ocr_carea' id='block_1_2' title="bbox 1145 438 2097 508">
    <p class='ocr_par' dir='ltr' id='par_1_2' title="bbox 1145 438 2097 508">
     <span class='ocr_line' id='line_1_2' title="bbox 1145 438 2097 508; baseline -0.015 0"><span class='ocrx_word' id='word_1_2' title='bbox 1145 453 1233 508; x_wconf 81' lang='lat' dir='ltr'><strong>AD</strong></span> <span class='ocrx_word' id='word_1_3' title='bbox 1276 451 1379 507; x_wconf 56' lang='grc' dir='ltr'><strong>[γει</strong></span> <span class='ocrx_word' id='word_1_4' title='bbox 1406 449 1451 505; x_wconf 73' lang='lat' dir='ltr'><strong>tt</strong></span> <span class='ocrx_word' id='word_1_5' title='bbox 1494 438 2097 504; x_wconf 69' lang='lat' dir='ltr'><strong>Momsnntonust.</strong></span> 
     </span>
    </p>
   </div>
   <div class='ocr_carea' id='block_1_3' title="bbox 3106 433 3245 487">
    <p class='ocr_par' dir='ltr' id='par_1_3' title="bbox 3106 433 3245 487">
     <span class='ocr_line' id='line_1_3' title="bbox 3106 433 3245 487; baseline 0.014 -2"><span class='ocrx_word' id='word_1_6' title='bbox 3106 433 3245 487; x_wconf 71' lang='lat' dir='ltr'><strong>10M</strong></span> 
     </span>
    </p>
   </div>
   <div class='ocr_carea' id='block_1_4' title="bbox 36 551 3243 637">
    <p class='ocr_par' dir='ltr' id='par_1_4' title="bbox 36 551 3243 637">
     <span class='ocr_line' id='line_1_4' title="bbox 36 551 3243 637; baseline -0.006 -10"><span class='ocrx_word' id='word_1_7' title='bbox 36 572 471 634; x_wconf 77' lang='lat' dir='ltr'><strong>Proclamantibus</strong></span> <span class='ocrx_word' id='word_1_8' title='bbox 499 585 621 624; x_wconf 73' lang='lat' dir='ltr'><strong>vero</strong></span> <span class='ocrx_word' id='word_1_9' title='bbox 650 584 769 626; x_wconf 88' lang='lat' dir='ltr'><strong>cum</strong></span> <span class='ocrx_word' id='word_1_10' title='bbox 811 581 1000 637; x_wconf 79' lang='lat' dir='ltr'><strong>magna</strong></span> <span class='ocrx_word' id='word_1_11' title='bbox 1050 566 1343 629; x_wconf 85' lang='lat' dir='ltr'><strong>reverentia</strong></span> <span class='ocrx_word' id='word_1_12' title='bbox 1371 574 1424 617; x_wconf 78' lang='lat' dir='ltr'><strong>ct</strong></span> <span class='ocrx_word' id='word_1_13' title='bbox 1468 573 1573 617; x_wconf 82' lang='lat' dir='ltr'><strong>tre—</strong></span> <span class='ocrx_word' id='word_1_14' title='bbox 1604 567 1647 622; x_wconf 69' lang='grc' dir='ltr'><strong>Α</strong></span> <span class='ocrx_word' id='word_1_15' title='bbox 1677 560 1820 614; x_wconf 88' lang='lat' dir='ltr'><strong>nium</strong></span> <span class='ocrx_word' id='word_1_16' title='bbox 1851 557 2114 627; x_wconf 89' lang='lat' dir='ltr'><strong>publicum</strong></span> <span class='ocrx_word' id='word_1_17' title='bbox 2141 553 2355 617; x_wconf 69' lang='lat' dir='ltr'><strong>faciunt,</strong></span> <span class='ocrx_word' id='word_1_18' title='bbox 2380 562 2433 607; x_wconf 91' lang='lat' dir='ltr'><strong>et</strong></span> <span class='ocrx_word' id='word_1_19' title='bbox 2460 552 2585 606; x_wconf 82' lang='lat' dir='ltr'><strong>liora</strong></span> <span class='ocrx_word' id='word_1_20' title='bbox 2612 566 2748 607; x_wconf 86' lang='lat' dir='ltr'><strong>nona</strong></span> <span class='ocrx_word' id='word_1_21' title='bbox 2777 552 2935 607; x_wconf 89' lang='lat' dir='ltr'><strong>missa</strong></span> <span class='ocrx_word' id='word_1_22' title='bbox 2963 551 3243 609; x_wconf 84' lang='lat' dir='ltr'><strong>celebren-</strong></span> 
     </span>
    </p>
   </div>
   <div class='ocr_carea' id='block_1_5' title="bbox 36 654 1574 730">
    <p class='ocr_par' dir='ltr' id='par_1_5' title="bbox 36 654 1574 730">
     <span class='ocr_line' id='line_1_5' title="bbox 36 654 1574 730; baseline -0.01 -7"><span class='ocrx_word' id='word_1_23' title='bbox 36 680 166 723; x_wconf 87' lang='lat' dir='ltr'><strong>more</strong></span> <span class='ocrx_word' id='word_1_24' title='bbox 211 662 454 728; x_wconf 70' lang='lat' dir='ltr'><strong>Sanctus,</strong></span> <span class='ocrx_word' id='word_1_25' title='bbox 502 661 685 730; x_wconf 85' lang='lat' dir='ltr'><strong>incipit</strong></span> <span class='ocrx_word' id='word_1_26' title='bbox 727 662 978 717; x_wconf 78' lang='lat' dir='ltr'><strong>sacerdos</strong></span> <span class='ocrx_word' id='word_1_27' title='bbox 1026 673 1284 715; x_wconf 80' lang='lat' dir='ltr'><strong>canonem</strong></span> <span class='ocrx_word' id='word_1_28' title='bbox 1328 654 1574 710; x_wconf 81' lang='lat' dir='ltr'><strong>dissimili</strong></span> 
     </span>
    </p>
   </div>
   <div class='ocr_carea' id='block_1_6' title="bbox 36 747 1574 823">
    <p class='ocr_par' dir='ltr' id='par_1_6' title="bbox 36 747 1574 823">
     <span class='ocr_line' id='line_1_6' title="bbox 36 747 1574 823; baseline -0.008 -12"><span class='ocrx_word' id='word_1_29' title='bbox 36 773 148 811; x_wconf 83' lang='lat' dir='ltr'><strong>vuce</strong></span> <span class='ocrx_word' id='word_1_30' title='bbox 174 755 378 810; x_wconf 87' lang='lat' dir='ltr'><strong>leniter.</strong></span> <span class='ocrx_word' id='word_1_31' title='bbox 405 754 504 823; x_wconf 92' lang='lat' dir='ltr'><strong>Ipsi</strong></span> <span class='ocrx_word' id='word_1_32' title='bbox 527 769 653 807; x_wconf 83' lang='lat' dir='ltr'><strong>vero</strong></span> <span class='ocrx_word' id='word_1_33' title='bbox 674 752 990 822; x_wconf 71' lang='lat' dir='ltr'><strong>presbyteri,</strong></span> <span class='ocrx_word' id='word_1_34' title='bbox 1013 750 1242 814; x_wconf 83' lang='lat' dir='ltr'><strong>diaconi,</strong></span> <span class='ocrx_word' id='word_1_35' title='bbox 1261 747 1574 803; x_wconf 80' lang='lat' dir='ltr'><strong>subdiaconi</strong></span> 
     </span>
    </p>
   </div>
   <div class='ocr_carea' id='block_1_7' title="bbox 30 838 1577 918">
    <p class='ocr_par' dir='ltr' id='par_1_7' title="bbox 30 838 1577 918">
     <span class='ocr_line' id='line_1_7' title="bbox 30 838 1577 918; baseline -0.008 -16"><span class='ocrx_word' id='word_1_36' title='bbox 30 863 219 918; x_wconf 82' lang='lat' dir='ltr'><strong>semper</strong></span> <span class='ocrx_word' id='word_1_37' title='bbox 249 854 561 915; x_wconf 88' lang='lat' dir='ltr'><strong>permanent</strong></span> <span class='ocrx_word' id='word_1_38' title='bbox 590 844 821 899; x_wconf 90' lang='lat' dir='ltr'><strong>inclinati</strong></span> <span class='ocrx_word' id='word_1_39' title='bbox 850 856 1014 912; x_wconf 68' lang='lat' dir='ltr'><strong>usque</strong></span> <span class='ocrx_word' id='word_1_40' title='bbox 1039 841 1091 895; x_wconf 91' lang='lat' dir='ltr'><strong>in</strong></span> <span class='ocrx_word' id='word_1_41' title='bbox 1122 854 1189 894; x_wconf 86' lang='lat' dir='ltr'><strong>eo</strong></span> <span class='ocrx_word' id='word_1_42' title='bbox 1228 841 1347 895; x_wconf 91' lang='lat' dir='ltr'><strong>loco</strong></span> <span class='ocrx_word' id='word_1_43' title='bbox 1375 838 1462 893; x_wconf 81' lang='lat' dir='ltr'><strong>ubi</strong></span> <span class='ocrx_word' id='word_1_44' title='bbox 1491 838 1577 891; x_wconf 82' lang='lat' dir='ltr'><strong>di-</strong></span> 
     </span>
    </p>
   </div>
   <div class='ocr_carea' id='block_1_8' title="bbox 29 924 1577 1009">
    <p class='ocr_par' dir='ltr' id='par_1_8' title="bbox 29 924 1577 1009">
     <span class='ocr_line' id='line_1_8' title="bbox 29 924 1577 1009; baseline -0.008 -12"><span class='ocrx_word' id='word_1_45' title='bbox 29 952 157 1008; x_wconf 85' lang='lat' dir='ltr'><strong>cant,</strong></span> <span class='ocrx_word' id='word_1_46' title='bbox 189 940 348 995; x_wconf 80' lang='lat' dir='ltr'><strong>Nobis</strong></span> <span class='ocrx_word' id='word_1_47' title='bbox 375 924 568 1008; x_wconf 74' lang='lat' dir='ltr'><strong>quoque</strong></span> <span class='ocrx_word' id='word_1_48' title='bbox 589 937 953 1009; x_wconf 67' lang='lat' dir='ltr'><strong>peccatoribus,</strong></span> <span class='ocrx_word' id='word_1_49' title='bbox 975 942 1030 989; x_wconf 89' lang='lat' dir='ltr'><strong>et</strong></span> <span class='ocrx_word' id='word_1_50' title='bbox 1053 949 1173 989; x_wconf 89' lang='lat' dir='ltr'><strong>mox</strong></span> <span class='ocrx_word' id='word_1_51' title='bbox 1197 943 1257 988; x_wconf 93' lang='lat' dir='ltr'><strong>ut</strong></span> <span class='ocrx_word' id='word_1_52' title='bbox 1278 933 1486 990; x_wconf 89' lang='lat' dir='ltr'><strong>veniret</strong></span> <span class='ocrx_word' id='word_1_53' title='bbox 1510 930 1577 985; x_wconf 86' lang='lat' dir='ltr'><strong>ad</strong></span> 
     </span>
    </p>
   </div>
   <div class='ocr_carea' id='block_1_9' title="bbox 29 1025 1577 1103">
    <p class='ocr_par' dir='ltr' id='par_1_9' title="bbox 29 1025 1577 1103">
     <span class='ocr_line' id='line_1_9' title="bbox 29 1025 1577 1103; baseline -0.008 -13"><span class='ocrx_word' id='word_1_54' title='bbox 29 1036 118 1090; x_wconf 87' lang='lat' dir='ltr'><strong>hoc</strong></span> <span class='ocrx_word' id='word_1_55' title='bbox 140 1036 349 1089; x_wconf 77' lang='lat' dir='ltr'><strong>verbum</strong></span> <span class='ocrx_word' id='word_1_56' title='bbox 379 1034 601 1103; x_wconf 85' lang='lat' dir='ltr'><strong>propitio</strong></span> <span class='ocrx_word' id='word_1_57' title='bbox 630 1048 690 1085; x_wconf 87' lang='lat' dir='ltr'><strong>ac</strong></span> <span class='ocrx_word' id='word_1_58' title='bbox 712 1046 888 1085; x_wconf 86' lang='lat' dir='ltr'><strong>sereno</strong></span> <span class='ocrx_word' id='word_1_59' title='bbox 916 1030 1108 1083; x_wconf 78' lang='lat' dir='ltr'><strong>uultum</strong></span> <span class='ocrx_word' id='word_1_60' title='bbox 1127 1029 1372 1095; x_wconf 80' lang='lat' dir='ltr'><strong>respicere</strong></span> <span class='ocrx_word' id='word_1_61' title='bbox 1399 1025 1577 1094; x_wconf 81' lang='lat' dir='ltr'><strong>digne-</strong></span> 
     </span>
    </p>
   </div>
   <div class='ocr_carea' id='block_1_10' title="bbox 26 1115 1577 1194">
    <p class='ocr_par' dir='ltr' id='par_1_10' title="bbox 26 1115 1577 1194">
     <span class='ocr_line' id='line_1_10' title="bbox 26 1115 1577 1194; baseline -0.005 -17"><span class='ocrx_word' id='word_1_62' title='bbox 26 1128 109 1190; x_wconf 89' lang='lat' dir='ltr'><strong>ris,</strong></span> <span class='ocrx_word' id='word_1_63' title='bbox 140 1125 387 1179; x_wconf 59' lang='lat' dir='ltr'><strong>inclinatu</strong></span> <span class='ocrx_word' id='word_1_64' title='bbox 413 1125 586 1194; x_wconf 90' lang='lat' dir='ltr'><strong>capite</strong></span> <span class='ocrx_word' id='word_1_65' title='bbox 626 1115 881 1178; x_wconf 79' lang='lat' dir='ltr'><strong>sacerdos</strong></span> <span class='ocrx_word' id='word_1_66' title='bbox 913 1129 1038 1175; x_wconf 88' lang='lat' dir='ltr'><strong>ante</strong></span> <span class='ocrx_word' id='word_1_67' title='bbox 1063 1120 1229 1175; x_wconf 87' lang='lat' dir='ltr'><strong>altare</strong></span> <span class='ocrx_word' id='word_1_68' title='bbox 1268 1118 1577 1187; x_wconf 92' lang='lat' dir='ltr'><strong>suppliciter</strong></span> 
     </span>
    </p>
   </div>
   <div class='ocr_carea' id='block_1_11' title="bbox 24 1209 1574 1284">
    <p class='ocr_par' dir='ltr' id='par_1_11' title="bbox 24 1209 1574 1284">
     <span class='ocr_line' id='line_1_11' title="bbox 24 1209 1574 1284; baseline -0.006 -16"><span class='ocrx_word' id='word_1_69' title='bbox 24 1213 302 1281; x_wconf 75' lang='lat' dir='ltr'><strong>deprecans</strong></span> <span class='ocrx_word' id='word_1_70' title='bbox 326 1229 489 1284; x_wconf 88' lang='lat' dir='ltr'><strong>usque</strong></span> <span class='ocrx_word' id='word_1_71' title='bbox 508 1212 636 1267; x_wconf 85' lang='lat' dir='ltr'><strong>dum</strong></span> <span class='ocrx_word' id='word_1_72' title='bbox 652 1212 800 1278; x_wconf 89' lang='lat' dir='ltr'><strong>dicit,</strong></span> <span class='ocrx_word' id='word_1_73' title='bbox 829 1221 885 1266; x_wconf 81' lang='lat' dir='ltr'><strong>stt</strong></span> <span class='ocrx_word' id='word_1_74' title='bbox 910 1220 1155 1282; x_wconf 75' lang='lat' dir='ltr'><strong>quotquot</strong></span> <span class='ocrx_word' id='word_1_75' title='bbox 1181 1227 1245 1265; x_wconf 78' lang='lat' dir='ltr'><strong>ea:</strong></span> <span class='ocrx_word' id='word_1_76' title='bbox 1267 1209 1366 1262; x_wconf 79' lang='lat' dir='ltr'><strong>hac</strong></span> <span class='ocrx_word' id='word_1_77' title='bbox 1394 1210 1574 1262; x_wconf 80' lang='lat' dir='ltr'><strong>altaris</strong></span> 
     </span>
    </p>
   </div>
   <div class='ocr_carea' id='block_1_12' title="bbox 25 1304 1573 1375">
    <p class='ocr_par' dir='ltr' id='par_1_12' title="bbox 25 1304 1573 1375">
     <span class='ocr_line' id='line_1_12' title="bbox 25 1304 1573 1375; baseline -0.001 -17"><span class='ocrx_word' id='word_1_78' title='bbox 25 1309 415 1375; x_wconf 66' lang='lat' dir='ltr'><strong>participatione.</strong></span> <span class='ocrx_word' id='word_1_79' title='bbox 462 1306 594 1361; x_wconf 83' lang='lat' dir='ltr'><strong>Cum</strong></span> <span class='ocrx_word' id='word_1_80' title='bbox 636 1315 811 1362; x_wconf 85' lang='lat' dir='ltr'><strong>autem</strong></span> <span class='ocrx_word' id='word_1_81' title='bbox 851 1304 1181 1362; x_wconf 83' lang='lat' dir='ltr'><strong>surrexerint</strong></span> <span class='ocrx_word' id='word_1_82' title='bbox 1228 1306 1573 1367; x_wconf 87' lang='lat' dir='ltr'><strong>subdiaconi,</strong></span> 
     </span>
    </p>
   </div>
   <div class='ocr_carea' id='block_1_13' title="bbox 22 1397 1571 1469">
    <p class='ocr_par' dir='ltr' id='par_1_13' title="bbox 22 1397 1571 1469">
     <span class='ocr_line' id='line_1_13' title="bbox 22 1397 1571 1469; baseline -0.001 -19"><span class='ocrx_word' id='word_1_83' title='bbox 22 1412 147 1453; x_wconf 85' lang='lat' dir='ltr'><strong>nnus</strong></span> <span class='ocrx_word' id='word_1_84' title='bbox 175 1413 239 1454; x_wconf 79' lang='lat' dir='ltr'><strong>es</strong></span> <span class='ocrx_word' id='word_1_85' title='bbox 267 1398 393 1462; x_wconf 73' lang='lat' dir='ltr'><strong>ipsis</strong></span> <span class='ocrx_word' id='word_1_86' title='bbox 421 1399 590 1460; x_wconf 82' lang='lat' dir='ltr'><strong>venit,</strong></span> <span class='ocrx_word' id='word_1_87' title='bbox 620 1406 676 1453; x_wconf 89' lang='lat' dir='ltr'><strong>et</strong></span> <span class='ocrx_word' id='word_1_88' title='bbox 702 1399 898 1469; x_wconf 89' lang='lat' dir='ltr'><strong>accipit</strong></span> <span class='ocrx_word' id='word_1_89' title='bbox 926 1406 1170 1468; x_wconf 88' lang='lat' dir='ltr'><strong>patenam</strong></span> <span class='ocrx_word' id='word_1_90' title='bbox 1200 1397 1269 1452; x_wconf 90' lang='lat' dir='ltr'><strong>ab</strong></span> <span class='ocrx_word' id='word_1_91' title='bbox 1294 1398 1571 1467; x_wconf 80' lang='lat' dir='ltr'><strong>acolytho,</strong></span> 
     </span>
    </p>
   </div>
   <div class='ocr_carea' id='block_1_14' title="bbox 22 1489 1573 1560">
    <p class='ocr_par' dir='ltr' id='par_1_14' title="bbox 22 1489 1573 1560">
     <span class='ocr_line' id='line_1_14' title="bbox 22 1489 1573 1560; baseline -0.003 -16"><span class='ocrx_word' id='word_1_92' title='bbox 22 1498 71 1544; x_wconf 85' lang='lat' dir='ltr'><strong>et</strong></span> <span class='ocrx_word' id='word_1_93' title='bbox 108 1497 402 1543; x_wconf 77' lang='lat' dir='ltr'><strong>revertetur</strong></span> <span class='ocrx_word' id='word_1_94' title='bbox 431 1489 483 1543; x_wconf 90' lang='lat' dir='ltr'><strong>in</strong></span> <span class='ocrx_word' id='word_1_95' title='bbox 512 1490 700 1545; x_wconf 87' lang='lat' dir='ltr'><strong>ordine</strong></span> <span class='ocrx_word' id='word_1_96' title='bbox 726 1504 831 1560; x_wconf 70' lang='lat' dir='ltr'><strong>(luo</strong></span> <span class='ocrx_word' id='word_1_97' title='bbox 870 1498 1112 1555; x_wconf 88' lang='lat' dir='ltr'><strong>steterat,</strong></span> <span class='ocrx_word' id='word_1_98' title='bbox 1156 1499 1209 1544; x_wconf 85' lang='lat' dir='ltr'><strong>et</strong></span> <span class='ocrx_word' id='word_1_99' title='bbox 1241 1499 1427 1543; x_wconf 78' lang='lat' dir='ltr'><strong>tenens</strong></span> <span class='ocrx_word' id='word_1_100' title='bbox 1456 1502 1573 1543; x_wconf 90' lang='lat' dir='ltr'><strong>eam</strong></span> 
     </span>
    </p>
   </div>
   <div class='ocr_carea' id='block_1_15' title="bbox 22 1579 1575 1651">
    <p class='ocr_par' dir='ltr' id='par_1_15' title="bbox 22 1579 1575 1651">
     <span class='ocr_line' id='line_1_15' title="bbox 22 1579 1575 1651; baseline -0.003 -17"><span class='ocrx_word' id='word_1_101' title='bbox 22 1590 135 1636; x_wconf 87' lang='lat' dir='ltr'><strong>ante</strong></span> <span class='ocrx_word' id='word_1_102' title='bbox 164 1594 344 1649; x_wconf 89' lang='lat' dir='ltr'><strong>pectus</strong></span> <span class='ocrx_word' id='word_1_103' title='bbox 369 1596 521 1635; x_wconf 88' lang='lat' dir='ltr'><strong>suum</strong></span> <span class='ocrx_word' id='word_1_104' title='bbox 546 1595 713 1651; x_wconf 87' lang='lat' dir='ltr'><strong>usque</strong></span> <span class='ocrx_word' id='word_1_105' title='bbox 752 1580 875 1635; x_wconf 90' lang='lat' dir='ltr'><strong>dum</strong></span> <span class='ocrx_word' id='word_1_106' title='bbox 904 1580 1095 1635; x_wconf 78' lang='lat' dir='ltr'><strong>dixerit</strong></span> <span class='ocrx_word' id='word_1_107' title='bbox 1143 1579 1323 1634; x_wconf 84' lang='lat' dir='ltr'><strong>Omnis</strong></span> <span class='ocrx_word' id='word_1_108' title='bbox 1349 1584 1509 1633; x_wconf 82' lang='lat' dir='ltr'><strong>honor</strong></span> <span class='ocrx_word' id='word_1_109' title='bbox 1529 1589 1575 1631; x_wconf 92' lang='lat' dir='ltr'><strong>et</strong></span> 
     </span>
    </p>
   </div>
   <div class='ocr_carea' id='block_1_16' title="bbox 22 1673 1575 1743">
    <p class='ocr_par' dir='ltr' id='par_1_16' title="bbox 22 1673 1575 1743">
     <span class='ocr_line' id='line_1_16' title="bbox 22 1673 1575 1743; baseline -0.002 -17"><span class='ocrx_word' id='word_1_110' title='bbox 22 1673 194 1743; x_wconf 88' lang='lat' dir='ltr'><strong>gloria.</strong></span> <span class='ocrx_word' id='word_1_111' title='bbox 225 1673 488 1728; x_wconf 85' lang='lat' dir='ltr'><strong>Sacerdos</strong></span> <span class='ocrx_word' id='word_1_112' title='bbox 511 1688 641 1728; x_wconf 90' lang='lat' dir='ltr'><strong>vero</strong></span> <span class='ocrx_word' id='word_1_113' title='bbox 660 1688 778 1726; x_wconf 89' lang='lat' dir='ltr'><strong>cum</strong></span> <span class='ocrx_word' id='word_1_114' title='bbox 809 1675 1013 1727; x_wconf 83' lang='lat' dir='ltr'><strong>venerit</strong></span> <span class='ocrx_word' id='word_1_115' title='bbox 1044 1680 1102 1727; x_wconf 91' lang='lat' dir='ltr'><strong>ut</strong></span> <span class='ocrx_word' id='word_1_116' title='bbox 1125 1674 1267 1727; x_wconf 82' lang='lat' dir='ltr'><strong>dicat</strong></span> <span class='ocrx_word' id='word_1_117' title='bbox 1293 1688 1384 1741; x_wconf 85' lang='lat' dir='ltr'><strong>per</strong></span> <span class='ocrx_word' id='word_1_118' title='bbox 1411 1674 1575 1743; x_wconf 84' lang='lat' dir='ltr'><strong>ipsum</strong></span> 
     </span>
    </p>
   </div>
   <div class='ocr_carea' id='block_1_17' title="bbox 21 1763 1576 1834">
    <p class='ocr_par' dir='ltr' id='par_1_17' title="bbox 21 1763 1576 1834">
     <span class='ocr_line' id='line_1_17' title="bbox 21 1763 1576 1834; baseline -0.001 -17"><span class='ocrx_word' id='word_1_119' title='bbox 21 1774 62 1817; x_wconf 86' lang='lat' dir='ltr'><strong>et</strong></span> <span class='ocrx_word' id='word_1_120' title='bbox 94 1780 206 1817; x_wconf 79' lang='lat' dir='ltr'><strong>cum</strong></span> <span class='ocrx_word' id='word_1_121' title='bbox 241 1766 353 1833; x_wconf 87' lang='lat' dir='ltr'><strong>ipso</strong></span> <span class='ocrx_word' id='word_1_122' title='bbox 390 1764 568 1820; x_wconf 82' lang='lat' dir='ltr'><strong>elevat</strong></span> <span class='ocrx_word' id='word_1_123' title='bbox 597 1763 889 1819; x_wconf 76' lang='lat' dir='ltr'><strong>oblationes</strong></span> <span class='ocrx_word' id='word_1_124' title='bbox 920 1765 1159 1834; x_wconf 89' lang='lat' dir='ltr'><strong>proprias</strong></span> <span class='ocrx_word' id='word_1_125' title='bbox 1201 1765 1269 1819; x_wconf 91' lang='lat' dir='ltr'><strong>de</strong></span> <span class='ocrx_word' id='word_1_126' title='bbox 1300 1765 1492 1822; x_wconf 81' lang='lat' dir='ltr'><strong>altare.</strong></span> <span class='ocrx_word' id='word_1_127' title='bbox 1522 1772 1576 1817; x_wconf 91' lang='lat' dir='ltr'><strong>et</strong></span> 
     </span>
    </p>
   </div>
   <div class='ocr_carea' id='block_1_18' title="bbox 22 1853 1571 1924">
    <p class='ocr_par' dir='ltr' id='par_1_18' title="bbox 22 1853 1571 1924">
     <span class='ocr_line' id='line_1_18' title="bbox 22 1853 1571 1924; baseline -0.002 -15"><span class='ocrx_word' id='word_1_128' title='bbox 22 1856 169 1910; x_wconf 84' lang='lat' dir='ltr'><strong>mittit</strong></span> <span class='ocrx_word' id='word_1_129' title='bbox 216 1856 269 1909; x_wconf 93' lang='lat' dir='ltr'><strong>in</strong></span> <span class='ocrx_word' id='word_1_130' title='bbox 312 1870 406 1910; x_wconf 91' lang='lat' dir='ltr'><strong>ore</strong></span> <span class='ocrx_word' id='word_1_131' title='bbox 432 1856 635 1918; x_wconf 89' lang='lat' dir='ltr'><strong>calicis,</strong></span> <span class='ocrx_word' id='word_1_132' title='bbox 682 1864 895 1910; x_wconf 89' lang='lat' dir='ltr'><strong>tenente</strong></span> <span class='ocrx_word' id='word_1_133' title='bbox 925 1856 1041 1924; x_wconf 85' lang='lat' dir='ltr'><strong>ipso</strong></span> <span class='ocrx_word' id='word_1_134' title='bbox 1068 1854 1234 1909; x_wconf 79' lang='lat' dir='ltr'><strong>calice</strong></span> <span class='ocrx_word' id='word_1_135' title='bbox 1261 1870 1289 1905; x_wconf 85' lang='lat' dir='ltr'><strong>a</strong></span> <span class='ocrx_word' id='word_1_136' title='bbox 1318 1853 1571 1916; x_wconf 90' lang='lat' dir='ltr'><strong>diacono,</strong></span> 
     </span>
    </p>
   </div>
   <div class='ocr_carea' id='block_1_19' title="bbox 1679 645 3246 717">
    <p class='ocr_par' dir='ltr' id='par_1_19' title="bbox 1679 645 3246 717">
     <span class='ocr_line' id='line_1_19' title="bbox 1679 645 3246 717; baseline -0.001 -13"><span class='ocrx_word' id='word_1_137' title='bbox 1679 662 1784 716; x_wconf 89' lang='lat' dir='ltr'><strong>tur,</strong></span> <span class='ocrx_word' id='word_1_138' title='bbox 1818 661 1873 705; x_wconf 90' lang='lat' dir='ltr'><strong>et</strong></span> <span class='ocrx_word' id='word_1_139' title='bbox 1900 648 2074 703; x_wconf 87' lang='lat' dir='ltr'><strong>medio</strong></span> <span class='ocrx_word' id='word_1_140' title='bbox 2102 648 2270 702; x_wconf 87' lang='lat' dir='ltr'><strong>noctis</strong></span> <span class='ocrx_word' id='word_1_141' title='bbox 2326 656 2564 713; x_wconf 90' lang='lat' dir='ltr'><strong>tempore</strong></span> <span class='ocrx_word' id='word_1_142' title='bbox 2609 645 2974 714; x_wconf 87' lang='lat' dir='ltr'><strong>iugredientur</strong></span> <span class='ocrx_word' id='word_1_143' title='bbox 3018 646 3084 701; x_wconf 89' lang='lat' dir='ltr'><strong>ad</strong></span> <span class='ocrx_word' id='word_1_144' title='bbox 3114 648 3246 717; x_wconf 81' lang='lat' dir='ltr'><strong>vigi-</strong></span> 
     </span>
    </p>
   </div>
   <div class='ocr_carea' id='block_1_20' title="bbox 1679 737 3246 811">
    <p class='ocr_par' dir='ltr' id='par_1_20' title="bbox 1679 737 3246 811">
     <span class='ocr_line' id='line_1_20' title="bbox 1679 737 3246 811; baseline -0.005 -15"><span class='ocrx_word' id='word_1_145' title='bbox 1679 745 1802 809; x_wconf 86' lang='lat' dir='ltr'><strong>lias,</strong></span> <span class='ocrx_word' id='word_1_146' title='bbox 1832 743 2065 811; x_wconf 82' lang='lat' dir='ltr'><strong>psalmos</strong></span> <span class='ocrx_word' id='word_1_147' title='bbox 2102 753 2310 809; x_wconf 87' lang='lat' dir='ltr'><strong>quoque</strong></span> <span class='ocrx_word' id='word_1_148' title='bbox 2356 738 2437 792; x_wconf 92' lang='lat' dir='ltr'><strong>vel</strong></span> <span class='ocrx_word' id='word_1_149' title='bbox 2488 737 2741 791; x_wconf 84' lang='lat' dir='ltr'><strong>lectiones</strong></span> <span class='ocrx_word' id='word_1_150' title='bbox 2773 737 2857 791; x_wconf 86' lang='lat' dir='ltr'><strong>vel</strong></span> <span class='ocrx_word' id='word_1_151' title='bbox 2903 741 3246 806; x_wconf 72' lang='lat' dir='ltr'><strong>responsuris</strong></span> 
     </span>
    </p>
   </div>
   <div class='ocr_carea' id='block_1_21' title="bbox 1677 827 3242 904">
    <p class='ocr_par' dir='ltr' id='par_1_21' title="bbox 1677 827 3242 904">
     <span class='ocr_line' id='line_1_21' title="bbox 1677 827 3242 904; baseline -0.001 -16"><span class='ocrx_word' id='word_1_152' title='bbox 1677 836 1744 890; x_wconf 90' lang='lat' dir='ltr'><strong>de</strong></span> <span class='ocrx_word' id='word_1_153' title='bbox 1774 836 1887 904; x_wconf 83' lang='lat' dir='ltr'><strong>ipso</strong></span> <span class='ocrx_word' id='word_1_154' title='bbox 1916 833 2004 888; x_wconf 91' lang='lat' dir='ltr'><strong>die</strong></span> <span class='ocrx_word' id='word_1_155' title='bbox 2027 842 2283 887; x_wconf 76' lang='lat' dir='ltr'><strong>canentes</strong></span> <span class='ocrx_word' id='word_1_156' title='bbox 2309 840 2510 884; x_wconf 90' lang='lat' dir='ltr'><strong>tantum</strong></span> <span class='ocrx_word' id='word_1_157' title='bbox 2541 829 2609 883; x_wconf 90' lang='lat' dir='ltr'><strong>de</strong></span> <span class='ocrx_word' id='word_1_158' title='bbox 2634 827 2947 885; x_wconf 77' lang='lat' dir='ltr'><strong>muneribus</strong></span> <span class='ocrx_word' id='word_1_159' title='bbox 2970 828 3242 900; x_wconf 74' lang='lat' dir='ltr'><strong>Magorum</strong></span> 
     </span>
    </p>
   </div>
   <div class='ocr_carea' id='block_1_22' title="bbox 1677 920 3248 994">
    <p class='ocr_par' dir='ltr' id='par_1_22' title="bbox 1677 920 3248 994">
     <span class='ocr_line' id='line_1_22' title="bbox 1677 920 3248 994; baseline -0.003 -13"><span class='ocrx_word' id='word_1_160' title='bbox 1677 941 1730 981; x_wconf 89' lang='lat' dir='ltr'><strong>et</strong></span> <span class='ocrx_word' id='word_1_161' title='bbox 1751 926 2035 994; x_wconf 89' lang='lat' dir='ltr'><strong>baptismo.</strong></span> <span class='ocrx_word' id='word_1_162' title='bbox 2071 924 2146 979; x_wconf 87' lang='lat' dir='ltr'><strong>De</strong></span> <span class='ocrx_word' id='word_1_163' title='bbox 2174 920 2369 989; x_wconf 88' lang='lat' dir='ltr'><strong>nuptiis</strong></span> <span class='ocrx_word' id='word_1_164' title='bbox 2394 935 2523 976; x_wconf 88' lang='lat' dir='ltr'><strong>vero</strong></span> <span class='ocrx_word' id='word_1_165' title='bbox 2546 936 2665 991; x_wconf 69' lang='lat' dir='ltr'><strong>qua:</strong></span> <span class='ocrx_word' id='word_1_166' title='bbox 2692 922 2842 976; x_wconf 78' lang='lat' dir='ltr'><strong>facta:</strong></span> <span class='ocrx_word' id='word_1_167' title='bbox 2871 932 2997 976; x_wconf 83' lang='lat' dir='ltr'><strong>sunt</strong></span> <span class='ocrx_word' id='word_1_168' title='bbox 3026 923 3077 976; x_wconf 91' lang='lat' dir='ltr'><strong>in</strong></span> <span class='ocrx_word' id='word_1_169' title='bbox 3104 925 3248 977; x_wconf 81' lang='lat' dir='ltr'><strong>Cha-</strong></span> 
     </span>
    </p>
   </div>
   <div class='ocr_carea' id='block_1_23' title="bbox 1679 1014 3246 1083">
    <p class='ocr_par' dir='ltr' id='par_1_23' title="bbox 1679 1014 3246 1083">
     <span class='ocr_line' id='line_1_23' title="bbox 1679 1014 3246 1083; baseline -0.001 -10"><span class='ocrx_word' id='word_1_170' title='bbox 1679 1036 1781 1074; x_wconf 85' lang='lat' dir='ltr'><strong>nan</strong></span> <span class='ocrx_word' id='word_1_171' title='bbox 1805 1018 2056 1080; x_wconf 70' lang='lat' dir='ltr'><strong>Galilznrc,</strong></span> <span class='ocrx_word' id='word_1_172' title='bbox 2077 1016 2293 1072; x_wconf 88' lang='lat' dir='ltr'><strong>octabas</strong></span> <span class='ocrx_word' id='word_1_173' title='bbox 2312 1014 2668 1083; x_wconf 72' lang='lat' dir='ltr'><strong>Theophanis:</strong></span> <span class='ocrx_word' id='word_1_174' title='bbox 2692 1015 3052 1070; x_wconf 91' lang='lat' dir='ltr'><strong>celebrantur.</strong></span> <span class='ocrx_word' id='word_1_175' title='bbox 3073 1017 3246 1074; x_wconf 84' lang='lat' dir='ltr'><strong>Omne</strong></span> 
     </span>
    </p>
   </div>
   <div class='ocr_carea' id='block_1_24' title="bbox 1677 1105 3244 1176">
    <p class='ocr_par' dir='ltr' id='par_1_24' title="bbox 1677 1105 3244 1176">
     <span class='ocr_line' id='line_1_24' title="bbox 1677 1105 3244 1176; baseline 0.001 -15"><span class='ocrx_word' id='word_1_176' title='bbox 1677 1110 1969 1165; x_wconf 83' lang='lat' dir='ltr'><strong>ebdomada</strong></span> <span class='ocrx_word' id='word_1_177' title='bbox 2017 1110 2264 1176; x_wconf 80' lang='lat' dir='ltr'><strong>usque&#39;tn</strong></span> <span class='ocrx_word' id='word_1_178' title='bbox 2294 1107 2510 1162; x_wconf 90' lang='lat' dir='ltr'><strong>octabas</strong></span> <span class='ocrx_word' id='word_1_179' title='bbox 2552 1105 2912 1176; x_wconf 60' lang='lat' dir='ltr'><strong>Theophanis</strong></span> <span class='ocrx_word' id='word_1_180' title='bbox 2953 1119 3244 1163; x_wconf 86' lang='lat' dir='ltr'><strong>canuntur.</strong></span> 
     </span>
    </p>
   </div>
   <div class='ocr_carea' id='block_1_25' title="bbox 1680 1198 3245 1270">
    <p class='ocr_par' dir='ltr' id='par_1_25' title="bbox 1680 1198 3245 1270">
     <span class='ocr_line' id='line_1_25' title="bbox 1680 1198 3245 1270; baseline -0.001 -13"><span class='ocrx_word' id='word_1_181' title='bbox 1680 1203 1836 1257; x_wconf 81' lang='lat' dir='ltr'><strong>Missa</strong></span> <span class='ocrx_word' id='word_1_182' title='bbox 1866 1217 1995 1257; x_wconf 89' lang='lat' dir='ltr'><strong>vero</strong></span> <span class='ocrx_word' id='word_1_183' title='bbox 2020 1199 2378 1270; x_wconf 59' lang='lat' dir='ltr'><strong>Theophanis</strong></span> <span class='ocrx_word' id='word_1_184' title='bbox 2419 1198 2607 1253; x_wconf 90' lang='lat' dir='ltr'><strong>ordine</strong></span> <span class='ocrx_word' id='word_1_185' title='bbox 2634 1213 2740 1269; x_wconf 88' lang='lat' dir='ltr'><strong>quo</strong></span> <span class='ocrx_word' id='word_1_186' title='bbox 2781 1198 3021 1254; x_wconf 79' lang='lat' dir='ltr'><strong>diximus</strong></span> <span class='ocrx_word' id='word_1_187' title='bbox 3068 1201 3245 1256; x_wconf 87' lang='lat' dir='ltr'><strong>natale</strong></span> 
     </span>
    </p>
   </div>
   <div class='ocr_carea' id='block_1_26' title="bbox 1681 1293 3247 1363">
    <p class='ocr_par' dir='ltr' id='par_1_26' title="bbox 1681 1293 3247 1363">
     <span class='ocr_line' id='line_1_26' title="bbox 1681 1293 3247 1363; baseline 0.001 -15"><span class='ocrx_word' id='word_1_188' title='bbox 1681 1295 1890 1351; x_wconf 90' lang='lat' dir='ltr'><strong>Domini</strong></span> <span class='ocrx_word' id='word_1_189' title='bbox 1907 1307 2177 1350; x_wconf 88' lang='lat' dir='ltr'><strong>secuntur.</strong></span> <span class='ocrx_word' id='word_1_190' title='bbox 2198 1294 2385 1348; x_wconf 82' lang='lat' dir='ltr'><strong>Postea</strong></span> <span class='ocrx_word' id='word_1_191' title='bbox 2413 1293 2647 1363; x_wconf 88' lang='lat' dir='ltr'><strong>quidem,</strong></span> <span class='ocrx_word' id='word_1_192' title='bbox 2674 1293 2763 1349; x_wconf 90' lang='lat' dir='ltr'><strong>die</strong></span> <span class='ocrx_word' id='word_1_193' title='bbox 2782 1294 3038 1359; x_wconf 85' lang='lat' dir='ltr'><strong>secundo,</strong></span> <span class='ocrx_word' id='word_1_194' title='bbox 3060 1310 3247 1350; x_wconf 85' lang='lat' dir='ltr'><strong>mense</strong></span> 
     </span>
    </p>
   </div>
   <div class='ocr_carea' id='block_1_27' title="bbox 1681 1385 3261 1458">
    <p class='ocr_par' dir='ltr' id='par_1_27' title="bbox 1681 1385 3261 1458">
     <span class='ocr_line' id='line_1_27' title="bbox 1681 1385 3261 1458; baseline -0.001 -16"><span class='ocrx_word' id='word_1_195' title='bbox 1681 1388 1909 1453; x_wconf 76' lang='lat' dir='ltr'><strong>Februo,</strong></span> <span class='ocrx_word' id='word_1_196' title='bbox 1950 1387 2091 1458; x_wconf 88' lang='lat' dir='ltr'><strong>quod</strong></span> <span class='ocrx_word' id='word_1_197' title='bbox 2120 1397 2203 1443; x_wconf 87' lang='lat' dir='ltr'><strong>est</strong></span> <span class='ocrx_word' id='word_1_198' title='bbox 2230 1402 2281 1441; x_wconf 88' lang='lat' dir='ltr'><strong>tv</strong></span> <span class='ocrx_word' id='word_1_199' title='bbox 2322 1400 2489 1440; x_wconf 88' lang='lat' dir='ltr'><strong>nonas</strong></span> <span class='ocrx_word' id='word_1_200' title='bbox 2520 1385 2685 1454; x_wconf 87' lang='lat' dir='ltr'><strong>ipsius</strong></span> <span class='ocrx_word' id='word_1_201' title='bbox 2709 1387 2930 1450; x_wconf 86' lang='lat' dir='ltr'><strong>mensis,</strong></span> <span class='ocrx_word' id='word_1_202' title='bbox 2964 1386 3261 1441; x_wconf 82' lang='lat' dir='ltr'><strong>celebrati--</strong></span> 
     </span>
    </p>
   </div>
   <div class='ocr_carea' id='block_1_28' title="bbox 1680 1471 3245 1548">
    <p class='ocr_par' dir='ltr' id='par_1_28' title="bbox 1680 1471 3245 1548">
     <span class='ocr_line' id='line_1_28' title="bbox 1680 1471 3245 1548; baseline 0.002 -19"><span class='ocrx_word' id='word_1_203' title='bbox 1680 1489 1764 1532; x_wconf 92' lang='lat' dir='ltr'><strong>tur</strong></span> <span class='ocrx_word' id='word_1_204' title='bbox 1784 1496 1902 1534; x_wconf 92' lang='lat' dir='ltr'><strong>cum</strong></span> <span class='ocrx_word' id='word_1_205' title='bbox 1928 1492 2119 1548; x_wconf 87' lang='lat' dir='ltr'><strong>magno</strong></span> <span class='ocrx_word' id='word_1_206' title='bbox 2139 1477 2333 1532; x_wconf 87' lang='lat' dir='ltr'><strong>decore</strong></span> <span class='ocrx_word' id='word_1_207' title='bbox 2361 1477 2445 1531; x_wconf 90' lang='lat' dir='ltr'><strong>vel</strong></span> <span class='ocrx_word' id='word_1_208' title='bbox 2476 1476 2714 1531; x_wconf 88' lang='lat' dir='ltr'><strong>accensis</strong></span> <span class='ocrx_word' id='word_1_209' title='bbox 2742 1471 2925 1529; x_wconf 81' lang='lat' dir='ltr'><strong>multis</strong></span> <span class='ocrx_word' id='word_1_210' title='bbox 2950 1476 3245 1531; x_wconf 89' lang='lat' dir='ltr'><strong>luminibus</strong></span> 
     </span>
    </p>
   </div>
   <div class='ocr_carea' id='block_1_29' title="bbox 1679 1566 3242 1639">
    <p class='ocr_par' dir='ltr' id='par_1_29' title="bbox 1679 1566 3242 1639">
     <span class='ocr_line' id='line_1_29' title="bbox 1679 1566 3242 1639; baseline 0.001 -18"><span class='ocrx_word' id='word_1_211' title='bbox 1679 1570 2100 1637; x_wconf 81' lang='lat' dir='ltr'><strong>puriﬁcationem</strong></span> <span class='ocrx_word' id='word_1_212' title='bbox 2147 1570 2208 1624; x_wconf 85' lang='grc' dir='ltr'><strong>Β.</strong></span> <span class='ocrx_word' id='word_1_213' title='bbox 2240 1568 2442 1634; x_wconf 76' lang='lat' dir='ltr'><strong>Marize,</strong></span> <span class='ocrx_word' id='word_1_214' title='bbox 2491 1568 2701 1639; x_wconf 85' lang='lat' dir='ltr'><strong>quando</strong></span> <span class='ocrx_word' id='word_1_215' title='bbox 2726 1566 2921 1624; x_wconf 85' lang='lat' dir='ltr'><strong>obtulit</strong></span> <span class='ocrx_word' id='word_1_216' title='bbox 2961 1568 3242 1623; x_wconf 90' lang='lat' dir='ltr'><strong>Dominum</strong></span> 
     </span>
    </p>
   </div>
   <div class='ocr_carea' id='block_1_30' title="bbox 1678 1658 3245 1729">
    <p class='ocr_par' dir='ltr' id='par_1_30' title="bbox 1678 1658 3245 1729">
     <span class='ocr_line' id='line_1_30' title="bbox 1678 1658 3245 1729; baseline -0.001 -14"><span class='ocrx_word' id='word_1_217' title='bbox 1678 1662 1855 1716; x_wconf 88' lang='lat' dir='ltr'><strong>.lcsum</strong></span> <span class='ocrx_word' id='word_1_218' title='bbox 1880 1662 2149 1718; x_wconf 86' lang='lat' dir='ltr'><strong>Christum</strong></span> <span class='ocrx_word' id='word_1_219' title='bbox 2176 1663 2228 1716; x_wconf 88' lang='lat' dir='ltr'><strong>in</strong></span> <span class='ocrx_word' id='word_1_220' title='bbox 2254 1661 2471 1729; x_wconf 88' lang='lat' dir='ltr'><strong>templo,</strong></span> <span class='ocrx_word' id='word_1_221' title='bbox 2496 1668 2548 1714; x_wconf 92' lang='lat' dir='ltr'><strong>et</strong></span> <span class='ocrx_word' id='word_1_222' title='bbox 2567 1659 2774 1729; x_wconf 88' lang='lat' dir='ltr'><strong>accepit</strong></span> <span class='ocrx_word' id='word_1_223' title='bbox 2793 1674 2914 1715; x_wconf 89' lang='lat' dir='ltr'><strong>eum</strong></span> <span class='ocrx_word' id='word_1_224' title='bbox 2941 1660 3000 1713; x_wconf 82' lang='grc' dir='ltr'><strong>Β.</strong></span> <span class='ocrx_word' id='word_1_225' title='bbox 3027 1658 3245 1716; x_wconf 88' lang='lat' dir='ltr'><strong>Simeou</strong></span> 
     </span>
    </p>
   </div>
   <div class='ocr_carea' id='block_1_31' title="bbox 1680 1754 2647 1823">
    <p class='ocr_par' dir='ltr' id='par_1_31' title="bbox 1680 1754 2647 1823">
     <span class='ocr_line' id='line_1_31' title="bbox 1680 1754 2647 1823; baseline -0.002 -15"><span class='ocrx_word' id='word_1_226' title='bbox 1680 1756 1733 1809; x_wconf 89' lang='lat' dir='ltr'><strong>in</strong></span> <span class='ocrx_word' id='word_1_227' title='bbox 1758 1756 1895 1810; x_wconf 89' lang='lat' dir='ltr'><strong>ulnis</strong></span> <span class='ocrx_word' id='word_1_228' title='bbox 1916 1756 2046 1823; x_wconf 91' lang='lat' dir='ltr'><strong>suis,</strong></span> <span class='ocrx_word' id='word_1_229' title='bbox 2075 1765 2129 1810; x_wconf 86' lang='lat' dir='ltr'><strong>et</strong></span> <span class='ocrx_word' id='word_1_230' title='bbox 2157 1754 2430 1810; x_wconf 79' lang='lat' dir='ltr'><strong>benedixit</strong></span> <span class='ocrx_word' id='word_1_231' title='bbox 2460 1754 2647 1808; x_wconf 91' lang='lat' dir='ltr'><strong>Deum.</strong></span> 
     </span>
    </p>
   </div>
   <div class='ocr_carea' id='block_1_32' title="bbox 1750 1846 3242 1917">
    <p class='ocr_par' dir='ltr' id='par_1_32' title="bbox 1750 1846 3242 1917">
     <span class='ocr_line' id='line_1_32' title="bbox 1750 1846 3242 1917; baseline 0.001 -16"><span class='ocrx_word' id='word_1_232' title='bbox 1750 1848 1877 1903; x_wconf 89' lang='lat' dir='ltr'><strong>Post</strong></span> <span class='ocrx_word' id='word_1_233' title='bbox 1921 1847 2250 1902; x_wconf 75' lang='lat' dir='ltr'><strong>nativitatem</strong></span> <span class='ocrx_word' id='word_1_234' title='bbox 2302 1862 2427 1901; x_wconf 82' lang='lat' dir='ltr'><strong>vero</strong></span> <span class='ocrx_word' id='word_1_235' title='bbox 2461 1846 2666 1901; x_wconf 85' lang='lat' dir='ltr'><strong>Domini</strong></span> <span class='ocrx_word' id='word_1_236' title='bbox 2718 1860 2886 1916; x_wconf 87' lang='lat' dir='ltr'><strong>usque</strong></span> <span class='ocrx_word' id='word_1_237' title='bbox 2938 1846 3242 1917; x_wconf 89' lang='lat' dir='ltr'><strong>quindecim</strong></span> 
     </span>
    </p>
   </div>
   <div class='ocr_carea' id='block_1_33' title="bbox 21 1935 3240 2014">
    <p class='ocr_par' dir='ltr' id='par_1_33' title="bbox 21 1935 3240 2014">
     <span class='ocr_line' id='line_1_33' title="bbox 21 1935 3240 2014; baseline -0.001 -16"><span class='ocrx_word' id='word_1_238' title='bbox 21 1943 298 1999; x_wconf 83' lang='lat' dir='ltr'><strong>sublevans</strong></span> <span class='ocrx_word' id='word_1_239' title='bbox 323 1960 444 1999; x_wconf 92' lang='lat' dir='ltr'><strong>eum</strong></span> <span class='ocrx_word' id='word_1_240' title='bbox 477 1944 686 1999; x_wconf 90' lang='lat' dir='ltr'><strong>modice</strong></span> <span class='ocrx_word' id='word_1_241' title='bbox 715 1959 879 2014; x_wconf 88' lang='lat' dir='ltr'><strong>usque</strong></span> <span class='ocrx_word' id='word_1_242' title='bbox 906 1944 1031 1999; x_wconf 89' lang='lat' dir='ltr'><strong>dum</strong></span> <span class='ocrx_word' id='word_1_243' title='bbox 1060 1944 1257 1999; x_wconf 79' lang='lat' dir='ltr'><strong>dixerit</strong></span> <span class='ocrx_word' id='word_1_244' title='bbox 1281 1942 1381 1998; x_wconf 86' lang='lat' dir='ltr'><strong>Per</strong></span> <span class='ocrx_word' id='word_1_245' title='bbox 1407 1947 1576 1997; x_wconf 84' lang='lat' dir='ltr'><strong>omnia</strong></span> <span class='ocrx_word' id='word_1_246' title='bbox 1607 1935 1655 1994; x_wconf 90' lang='lat' dir='ltr'><strong>B</strong></span> <span class='ocrx_word' id='word_1_247' title='bbox 1680 1937 1869 1993; x_wconf 91' lang='lat' dir='ltr'><strong>diebus</strong></span> <span class='ocrx_word' id='word_1_248' title='bbox 1894 1950 2018 1993; x_wconf 86' lang='lat' dir='ltr'><strong>ante</strong></span> <span class='ocrx_word' id='word_1_249' title='bbox 2049 1939 2254 1992; x_wconf 90' lang='lat' dir='ltr'><strong>initium</strong></span> <span class='ocrx_word' id='word_1_250' title='bbox 2287 1938 2717 2008; x_wconf 76' lang='lat' dir='ltr'><strong>Quadragesima:</strong></span> <span class='ocrx_word' id='word_1_251' title='bbox 2749 1938 2939 1993; x_wconf 87' lang='lat' dir='ltr'><strong>Isaiam</strong></span> <span class='ocrx_word' id='word_1_252' title='bbox 2962 1950 3121 2007; x_wconf 82' lang='lat' dir='ltr'><strong>atque</strong></span> <span class='ocrx_word' id='word_1_253' title='bbox 3149 1940 3240 1995; x_wconf 83' lang='lat' dir='ltr'><strong>Je-</strong></span> 
     </span>
    </p>
   </div>
   <div class='ocr_carea' id='block_1_34' title="bbox 21 2035 1576 2101">
    <p class='ocr_par' dir='ltr' id='par_1_34' title="bbox 21 2035 1576 2101">
     <span class='ocr_line' id='line_1_34' title="bbox 21 2035 1576 2101; baseline 0 -12"><span class='ocrx_word' id='word_1_254' title='bbox 21 2036 199 2089; x_wconf 79' lang='lat' dir='ltr'><strong>stccttla</strong></span> <span class='ocrx_word' id='word_1_255' title='bbox 222 2036 549 2101; x_wconf 69' lang='lat' dir='ltr'><strong>sweulorurn,</strong></span> <span class='ocrx_word' id='word_1_256' title='bbox 576 2052 747 2090; x_wconf 87' lang='lat' dir='ltr'><strong>amen.</strong></span> <span class='ocrx_word' id='word_1_257' title='bbox 786 2035 1104 2092; x_wconf 86' lang='lat' dir='ltr'><strong>Sacerdotes</strong></span> <span class='ocrx_word' id='word_1_258' title='bbox 1133 2052 1257 2091; x_wconf 90' lang='lat' dir='ltr'><strong>vero</strong></span> <span class='ocrx_word' id='word_1_259' title='bbox 1286 2046 1340 2091; x_wconf 91' lang='lat' dir='ltr'><strong>et</strong></span> <span class='ocrx_word' id='word_1_260' title='bbox 1368 2037 1576 2090; x_wconf 86' lang='lat' dir='ltr'><strong>diaconi</strong></span> 
     </span>
    </p>
   </div>
   <div class='ocr_carea' id='block_1_35' title="bbox 21 2128 1572 2197">
    <p class='ocr_par' dir='ltr' id='par_1_35' title="bbox 21 2128 1572 2197">
     <span class='ocr_line' id='line_1_35' title="bbox 21 2128 1572 2197; baseline 0.001 -17"><span class='ocrx_word' id='word_1_261' title='bbox 21 2142 179 2197; x_wconf 88' lang='lat' dir='ltr'><strong>usque</strong></span> <span class='ocrx_word' id='word_1_262' title='bbox 203 2129 257 2181; x_wconf 91' lang='lat' dir='ltr'><strong>in</strong></span> <span class='ocrx_word' id='word_1_263' title='bbox 280 2128 436 2182; x_wconf 83' lang='lat' dir='ltr'><strong>istum</strong></span> <span class='ocrx_word' id='word_1_264' title='bbox 461 2130 633 2183; x_wconf 91' lang='lat' dir='ltr'><strong>locum</strong></span> <span class='ocrx_word' id='word_1_265' title='bbox 667 2144 881 2197; x_wconf 87' lang='lat' dir='ltr'><strong>semper</strong></span> <span class='ocrx_word' id='word_1_266' title='bbox 910 2139 1125 2184; x_wconf 88' lang='lat' dir='ltr'><strong>manent</strong></span> <span class='ocrx_word' id='word_1_267' title='bbox 1153 2130 1408 2193; x_wconf 84' lang='lat' dir='ltr'><strong>inclinati,</strong></span> <span class='ocrx_word' id='word_1_268' title='bbox 1439 2143 1572 2197; x_wconf 69' lang='lat' dir='ltr'><strong>prm-</strong></span> 
     </span>
    </p>
   </div>
   <div class='ocr_carea' id='block_1_36' title="bbox 21 2220 1576 2293">
    <p class='ocr_par' dir='ltr' id='par_1_36' title="bbox 21 2220 1576 2293">
     <span class='ocr_line' id='line_1_36' title="bbox 21 2220 1576 2293; baseline 0.004 -22"><span class='ocrx_word' id='word_1_269' title='bbox 21 2226 98 2273; x_wconf 91' lang='lat' dir='ltr'><strong>ter</strong></span> <span class='ocrx_word' id='word_1_270' title='bbox 127 2228 330 2276; x_wconf 88' lang='lat' dir='ltr'><strong>tantum</strong></span> <span class='ocrx_word' id='word_1_271' title='bbox 376 2220 628 2276; x_wconf 82' lang='lat' dir='ltr'><strong>diaconus</strong></span> <span class='ocrx_word' id='word_1_272' title='bbox 656 2222 744 2293; x_wconf 86' lang='lat' dir='ltr'><strong>qui</strong></span> <span class='ocrx_word' id='word_1_273' title='bbox 787 2224 957 2291; x_wconf 89' lang='lat' dir='ltr'><strong>ipsum</strong></span> <span class='ocrx_word' id='word_1_274' title='bbox 997 2224 1215 2277; x_wconf 88' lang='lat' dir='ltr'><strong>calicem</strong></span> <span class='ocrx_word' id='word_1_275' title='bbox 1248 2222 1576 2277; x_wconf 83' lang='lat' dir='ltr'><strong>sublevatur.</strong></span> 
     </span>
    </p>
   </div>
   <div class='ocr_carea' id='block_1_37' title="bbox 21 2313 1575 2387">
    <p class='ocr_par' dir='ltr' id='par_1_37' title="bbox 21 2313 1575 2387">
     <span class='ocr_line' id='line_1_37' title="bbox 21 2313 1575 2387; baseline 0.002 -19"><span class='ocrx_word' id='word_1_276' title='bbox 21 2313 382 2371; x_wconf 85' lang='lat' dir='ltr'><strong>Subdiaconus</strong></span> <span class='ocrx_word' id='word_1_277' title='bbox 412 2326 587 2371; x_wconf 88' lang='lat' dir='ltr'><strong>autem</strong></span> <span class='ocrx_word' id='word_1_278' title='bbox 616 2317 706 2387; x_wconf 85' lang='lat' dir='ltr'><strong>qui</strong></span> <span class='ocrx_word' id='word_1_279' title='bbox 750 2326 995 2386; x_wconf 86' lang='lat' dir='ltr'><strong>patenam</strong></span> <span class='ocrx_word' id='word_1_280' title='bbox 1038 2325 1205 2382; x_wconf 89' lang='lat' dir='ltr'><strong>tenet,</strong></span> <span class='ocrx_word' id='word_1_281' title='bbox 1238 2319 1409 2371; x_wconf 88' lang='lat' dir='ltr'><strong>tradat</strong></span> <span class='ocrx_word' id='word_1_282' title='bbox 1458 2332 1575 2372; x_wconf 71' lang='lat' dir='ltr'><strong>eam</strong></span> 
     </span>
    </p>
   </div>
   <div class='ocr_carea' id='block_1_38' title="bbox 21 2404 1579 2479">
    <p class='ocr_par' dir='ltr' id='par_1_38' title="bbox 21 2404 1579 2479">
     <span class='ocr_line' id='line_1_38' title="bbox 21 2404 1579 2479; baseline 0.002 -21"><span class='ocrx_word' id='word_1_283' title='bbox 21 2404 79 2458; x_wconf 82' lang='lat' dir='ltr'><strong>ad</strong></span> <span class='ocrx_word' id='word_1_284' title='bbox 108 2405 226 2475; x_wconf 87' lang='lat' dir='ltr'><strong>ipso</strong></span> <span class='ocrx_word' id='word_1_285' title='bbox 254 2407 420 2461; x_wconf 84' lang='lat' dir='ltr'><strong>verbo</strong></span> <span class='ocrx_word' id='word_1_286' title='bbox 454 2407 700 2477; x_wconf 88' lang='lat' dir='ltr'><strong>diacono,</strong></span> <span class='ocrx_word' id='word_1_287' title='bbox 734 2407 819 2462; x_wconf 90' lang='lat' dir='ltr'><strong>ubi</strong></span> <span class='ocrx_word' id='word_1_288' title='bbox 859 2407 986 2462; x_wconf 91' lang='lat' dir='ltr'><strong>dicit</strong></span> <span class='ocrx_word' id='word_1_289' title='bbox 1011 2410 1173 2462; x_wconf 79' lang='lat' dir='ltr'><strong>omnis</strong></span> <span class='ocrx_word' id='word_1_290' title='bbox 1207 2407 1370 2461; x_wconf 87' lang='lat' dir='ltr'><strong>Itonor</strong></span> <span class='ocrx_word' id='word_1_291' title='bbox 1394 2418 1441 2461; x_wconf 89' lang='lat' dir='ltr'><strong>et</strong></span> <span class='ocrx_word' id='word_1_292' title='bbox 1468 2408 1579 2479; x_wconf 82' lang='lat' dir='ltr'><strong>glo-</strong></span> 
     </span>
    </p>
   </div>
   <div class='ocr_carea' id='block_1_39' title="bbox 21 2496 1580 2573">
    <p class='ocr_par' dir='ltr' id='par_1_39' title="bbox 21 2496 1580 2573">
     <span class='ocr_line' id='line_1_39' title="bbox 21 2496 1580 2573; baseline 0.005 -25"><span class='ocrx_word' id='word_1_293' title='bbox 21 2496 119 2560; x_wconf 82' lang='lat' dir='ltr'><strong>ria,-</strong></span> <span class='ocrx_word' id='word_1_294' title='bbox 147 2508 201 2552; x_wconf 91' lang='lat' dir='ltr'><strong>et</strong></span> <span class='ocrx_word' id='word_1_295' title='bbox 228 2498 317 2573; x_wconf 75' lang='lat' dir='ltr'><strong>ille</strong></span> <span class='ocrx_word' id='word_1_296' title='bbox 343 2507 484 2554; x_wconf 88' lang='lat' dir='ltr'><strong>tenet</strong></span> <span class='ocrx_word' id='word_1_297' title='bbox 521 2513 639 2554; x_wconf 87' lang='lat' dir='ltr'><strong>eam</strong></span> <span class='ocrx_word' id='word_1_298' title='bbox 668 2513 833 2569; x_wconf 85' lang='lat' dir='ltr'><strong>usque</strong></span> <span class='ocrx_word' id='word_1_299' title='bbox 859 2500 983 2553; x_wconf 92' lang='lat' dir='ltr'><strong>dum</strong></span> <span class='ocrx_word' id='word_1_300' title='bbox 1026 2500 1238 2554; x_wconf 75' lang='lat' dir='ltr'><strong>finiatur</strong></span> <span class='ocrx_word' id='word_1_301' title='bbox 1278 2502 1447 2556; x_wconf 88' lang='lat' dir='ltr'><strong>oratio</strong></span> <span class='ocrx_word' id='word_1_302' title='bbox 1483 2502 1580 2556; x_wconf 61' lang='lat' dir='ltr'><strong>do.</strong></span> 
     </span>
    </p>
   </div>
   <div class='ocr_carea' id='block_1_40' title="bbox 21 2588 1579 2663">
    <p class='ocr_par' dir='ltr' id='par_1_40' title="bbox 21 2588 1579 2663">
     <span class='ocr_line' id='line_1_40' title="bbox 21 2588 1579 2663; baseline 0.004 -22"><span class='ocrx_word' id='word_1_303' title='bbox 21 2588 228 2654; x_wconf 82' lang='lat' dir='ltr'><strong>ininica,</strong></span> <span class='ocrx_word' id='word_1_304' title='bbox 254 2597 309 2644; x_wconf 89' lang='lat' dir='ltr'><strong>et</strong></span> <span class='ocrx_word' id='word_1_305' title='bbox 331 2591 561 2659; x_wconf 78' lang='lat' dir='ltr'><strong>porriget</strong></span> <span class='ocrx_word' id='word_1_306' title='bbox 578 2605 696 2646; x_wconf 88' lang='lat' dir='ltr'><strong>eam</strong></span> <span class='ocrx_word' id='word_1_307' title='bbox 723 2591 1003 2647; x_wconf 85' lang='lat' dir='ltr'><strong>sacerdoti.</strong></span> <span class='ocrx_word' id='word_1_308' title='bbox 1029 2591 1287 2647; x_wconf 87' lang='lat' dir='ltr'><strong>Sacerdos</strong></span> <span class='ocrx_word' id='word_1_309' title='bbox 1312 2609 1437 2647; x_wconf 88' lang='lat' dir='ltr'><strong>vero</strong></span> <span class='ocrx_word' id='word_1_310' title='bbox 1461 2608 1579 2663; x_wconf 84' lang='lat' dir='ltr'><strong>p05t</strong></span> 
     </span>
    </p>
   </div>
   <div class='ocr_carea' id='block_1_41' title="bbox 21 2680 1578 2753">
    <p class='ocr_par' dir='ltr' id='par_1_41' title="bbox 21 2680 1578 2753">
     <span class='ocr_line' id='line_1_41' title="bbox 21 2680 1578 2753; baseline 0.005 -22"><span class='ocrx_word' id='word_1_311' title='bbox 21 2680 309 2735; x_wconf 82' lang='lat' dir='ltr'><strong>orationem</strong></span> <span class='ocrx_word' id='word_1_312' title='bbox 339 2680 658 2735; x_wconf 90' lang='lat' dir='ltr'><strong>dominicam</strong></span> <span class='ocrx_word' id='word_1_313' title='bbox 688 2682 927 2736; x_wconf 89' lang='lat' dir='ltr'><strong>oratione</strong></span> <span class='ocrx_word' id='word_1_314' title='bbox 967 2681 1247 2737; x_wconf 84' lang='lat' dir='ltr'><strong>subsecuta</strong></span> <span class='ocrx_word' id='word_1_315' title='bbox 1266 2728 1280 2751; x_wconf 92' lang='lat'><strong>,</strong></span> <span class='ocrx_word' id='word_1_316' title='bbox 1311 2685 1578 2753; x_wconf 90' lang='lat' dir='ltr'><strong>accipiens</strong></span> 
     </span>
    </p>
   </div>
   <div class='ocr_carea' id='block_1_42' title="bbox 22 2770 1578 2845">
    <p class='ocr_par' dir='ltr' id='par_1_42' title="bbox 22 2770 1578 2845">
     <span class='ocr_line' id='line_1_42' title="bbox 22 2770 1578 2845; baseline 0.006 -24"><span class='ocrx_word' id='word_1_317' title='bbox 22 2770 311 2827; x_wconf 65' lang='lat' dir='ltr'><strong>ablationes</strong></span> <span class='ocrx_word' id='word_1_318' title='bbox 334 2780 385 2825; x_wconf 90' lang='lat' dir='ltr'><strong>et</strong></span> <span class='ocrx_word' id='word_1_319' title='bbox 414 2779 572 2840; x_wconf 89' lang='lat' dir='ltr'><strong>ponat</strong></span> <span class='ocrx_word' id='word_1_320' title='bbox 595 2787 688 2827; x_wconf 89' lang='lat' dir='ltr'><strong>cas</strong></span> <span class='ocrx_word' id='word_1_321' title='bbox 728 2774 780 2826; x_wconf 90' lang='lat' dir='ltr'><strong>in</strong></span> <span class='ocrx_word' id='word_1_322' title='bbox 803 2782 1067 2842; x_wconf 88' lang='lat' dir='ltr'><strong>patenam,</strong></span> <span class='ocrx_word' id='word_1_323' title='bbox 1091 2784 1145 2829; x_wconf 90' lang='lat' dir='ltr'><strong>et</strong></span> <span class='ocrx_word' id='word_1_324' title='bbox 1169 2773 1376 2845; x_wconf 75' lang='lat' dir='ltr'><strong>frangat</strong></span> <span class='ocrx_word' id='word_1_325' title='bbox 1410 2776 1578 2830; x_wconf 85' lang='lat' dir='ltr'><strong>modi-</strong></span> 
     </span>
    </p>
   </div>
   <div class='ocr_carea' id='block_1_43' title="bbox 22 2860 1582 2931">
    <p class='ocr_par' dir='ltr' id='par_1_43' title="bbox 22 2860 1582 2931">
     <span class='ocr_line' id='line_1_43' title="bbox 22 2860 1582 2931; baseline 0.006 -19"><span class='ocrx_word' id='word_1_326' title='bbox 22 2875 133 2915; x_wconf 76' lang='lat' dir='ltr'><strong>cum</strong></span> <span class='ocrx_word' id='word_1_327' title='bbox 159 2860 231 2916; x_wconf 79' lang='lat' dir='ltr'><strong>d&#39;e</strong></span> <span class='ocrx_word' id='word_1_328' title='bbox 260 2862 372 2931; x_wconf 88' lang='lat' dir='ltr'><strong>ipsa</strong></span> <span class='ocrx_word' id='word_1_329' title='bbox 420 2862 707 2927; x_wconf 87' lang='lat' dir='ltr'><strong>oblatione,</strong></span> <span class='ocrx_word' id='word_1_330' title='bbox 743 2874 803 2920; x_wconf 85' lang='lat' dir='ltr'><strong>et</strong></span> <span class='ocrx_word' id='word_1_331' title='bbox 833 2866 1005 2919; x_wconf 84' lang='lat' dir='ltr'><strong>mittat</strong></span> <span class='ocrx_word' id='word_1_332' title='bbox 1036 2866 1088 2920; x_wconf 90' lang='lat' dir='ltr'><strong>in</strong></span> <span class='ocrx_word' id='word_1_333' title='bbox 1127 2868 1345 2922; x_wconf 88' lang='lat' dir='ltr'><strong>calicem</strong></span> <span class='ocrx_word' id='word_1_334' title='bbox 1380 2882 1460 2923; x_wconf 89' lang='lat' dir='ltr'><strong>ter</strong></span> <span class='ocrx_word' id='word_1_335' title='bbox 1502 2867 1582 2921; x_wconf 84' lang='lat' dir='ltr'><strong>l&#39;a-</strong></span> 
     </span>
    </p>
   </div>
   <div class='ocr_carea' id='block_1_44' title="bbox 21 2950 1582 3026">
    <p class='ocr_par' dir='ltr' id='par_1_44' title="bbox 21 2950 1582 3026">
     <span class='ocr_line' id='line_1_44' title="bbox 21 2950 1582 3026; baseline 0.004 -21"><span class='ocrx_word' id='word_1_336' title='bbox 21 2950 201 3006; x_wconf 75' lang='lat' dir='ltr'><strong>:iendo</strong></span> <span class='ocrx_word' id='word_1_337' title='bbox 240 2966 476 3017; x_wconf 88' lang='lat' dir='ltr'><strong>crucem,</strong></span> <span class='ocrx_word' id='word_1_338' title='bbox 500 2962 554 3008; x_wconf 86' lang='lat' dir='ltr'><strong>et</strong></span> <span class='ocrx_word' id='word_1_339' title='bbox 573 2953 715 3009; x_wconf 89' lang='lat' dir='ltr'><strong>dicat</strong></span> <span class='ocrx_word' id='word_1_340' title='bbox 740 2954 853 3008; x_wconf 67' lang='lat' dir='ltr'><strong>Pax</strong></span> <span class='ocrx_word' id='word_1_341' title='bbox 881 2954 1085 3009; x_wconf 80' lang='lat' dir='ltr'><strong>Domini</strong></span> <span class='ocrx_word' id='word_1_342' title='bbox 1113 2958 1178 3011; x_wconf 84' lang='lat' dir='ltr'><strong>sit</strong></span> <span class='ocrx_word' id='word_1_343' title='bbox 1197 2974 1393 3026; x_wconf 85' lang='lat' dir='ltr'><strong>semper</strong></span> <span class='ocrx_word' id='word_1_344' title='bbox 1420 2958 1582 3012; x_wconf 74' lang='lat' dir='ltr'><strong>tabis-</strong></span> 
     </span>
    </p>
   </div>
   <div class='ocr_carea' id='block_1_45' title="bbox 21 3041 1581 3113">
    <p class='ocr_par' dir='ltr' id='par_1_45' title="bbox 21 3041 1581 3113">
     <span class='ocr_line' id='line_1_45' title="bbox 21 3041 1581 3113; baseline 0.006 -21"><span class='ocrx_word' id='word_1_345' title='bbox 21 3056 145 3105; x_wconf 72' lang='lat' dir='ltr'><strong>:um,</strong></span> <span class='ocrx_word' id='word_1_346' title='bbox 174 3052 233 3096; x_wconf 91' lang='lat' dir='ltr'><strong>et</strong></span> <span class='ocrx_word' id='word_1_347' title='bbox 255 3041 414 3096; x_wconf 79' lang='lat' dir='ltr'><strong>faciat</strong></span> <span class='ocrx_word' id='word_1_348' title='bbox 437 3046 658 3113; x_wconf 87' lang='lat' dir='ltr'><strong>populus</strong></span> <span class='ocrx_word' id='word_1_349' title='bbox 678 3059 882 3113; x_wconf 89' lang='lat' dir='ltr'><strong>pacem.</strong></span> <span class='ocrx_word' id='word_1_350' title='bbox 910 3044 1111 3101; x_wconf 84' lang='lat' dir='ltr'><strong>Deinde</strong></span> <span class='ocrx_word' id='word_1_351' title='bbox 1129 3062 1255 3104; x_wconf 88' lang='lat' dir='ltr'><strong>vero</strong></span> <span class='ocrx_word' id='word_1_352' title='bbox 1276 3048 1581 3103; x_wconf 86' lang='lat' dir='ltr'><strong>sacerdotes</strong></span> 
     </span>
    </p>
   </div>
   <div class='ocr_carea' id='block_1_46' title="bbox 22 3135 1581 3207">
    <p class='ocr_par' dir='ltr' id='par_1_46' title="bbox 22 3135 1581 3207">
     <span class='ocr_line' id='line_1_46' title="bbox 22 3135 1581 3207; baseline 0.006 -20"><span class='ocrx_word' id='word_1_353' title='bbox 22 3136 366 3205; x_wconf 74' lang='lat' dir='ltr'><strong>:onlrangant</strong></span> <span class='ocrx_word' id='word_1_354' title='bbox 392 3137 535 3206; x_wconf 89' lang='lat' dir='ltr'><strong>ipsas</strong></span> <span class='ocrx_word' id='word_1_355' title='bbox 561 3135 856 3193; x_wconf 89' lang='lat' dir='ltr'><strong>oblationes</strong></span> <span class='ocrx_word' id='word_1_356' title='bbox 884 3142 1046 3207; x_wconf 87' lang='lat' dir='ltr'><strong>super</strong></span> <span class='ocrx_word' id='word_1_357' title='bbox 1072 3141 1258 3205; x_wconf 84' lang='lat' dir='ltr'><strong>altare,</strong></span> <span class='ocrx_word' id='word_1_358' title='bbox 1292 3141 1335 3195; x_wconf 85' lang='lat' dir='ltr'><strong>si</strong></span> <span class='ocrx_word' id='word_1_359' title='bbox 1360 3156 1581 3196; x_wconf 85' lang='lat' dir='ltr'><strong>necesse</strong></span> 
     </span>
    </p>
   </div>
   <div class='ocr_carea' id='block_1_47' title="bbox 21 3222 1581 3298">
    <p class='ocr_par' dir='ltr' id='par_1_47' title="bbox 21 3222 1581 3298">
     <span class='ocr_line' id='line_1_47' title="bbox 21 3222 1581 3298; baseline 0.008 -20"><span class='ocrx_word' id='word_1_360' title='bbox 21 3222 189 3279; x_wconf 75' lang='lat' dir='ltr'><strong>&#39;uerit.</strong></span> <span class='ocrx_word' id='word_1_361' title='bbox 224 3224 445 3280; x_wconf 89' lang='lat' dir='ltr'><strong>Diaconi</strong></span> <span class='ocrx_word' id='word_1_362' title='bbox 471 3241 601 3283; x_wconf 87' lang='lat' dir='ltr'><strong>vero</strong></span> <span class='ocrx_word' id='word_1_363' title='bbox 620 3228 767 3296; x_wconf 81' lang='lat' dir='ltr'><strong>juxta</strong></span> <span class='ocrx_word' id='word_1_364' title='bbox 798 3230 972 3298; x_wconf 81' lang='lat' dir='ltr'><strong>altari,</strong></span> <span class='ocrx_word' id='word_1_365' title='bbox 1006 3240 1219 3287; x_wconf 88' lang='lat' dir='ltr'><strong>tenente</strong></span> <span class='ocrx_word' id='word_1_366' title='bbox 1254 3234 1581 3290; x_wconf 89' lang='lat' dir='ltr'><strong>subdiacono</strong></span> 
     </span>
    </p>
   </div>
   <div class='ocr_carea' id='block_1_48' title="bbox 1682 2015 3249 2099">
    <p class='ocr_par' dir='ltr' id='par_1_48' title="bbox 1682 2015 3249 2099">
     <span class='ocr_line' id='line_1_48' title="bbox 1682 2015 3249 2099; baseline 0.002 -17"><span class='ocrx_word' id='word_1_367' title='bbox 1682 2044 1792 2082; x_wconf 88' lang='lat' dir='ltr'><strong>rem</strong></span> <span class='ocrx_word' id='word_1_368' title='bbox 1817 2044 1900 2081; x_wconf 91' lang='lat' dir='ltr'><strong>am</strong></span> <span class='ocrx_word' id='word_1_369' title='bbox 1930 2038 1983 2082; x_wconf 88' lang='lat' dir='ltr'><strong>ct</strong></span> <span class='ocrx_word' id='word_1_370' title='bbox 2014 2029 2253 2083; x_wconf 82' lang='lat' dir='ltr'><strong>Ezechiel</strong></span> <span class='ocrx_word' id='word_1_371' title='bbox 2286 2038 2337 2081; x_wconf 83' lang='lat' dir='ltr'><strong>et</strong></span> <span class='ocrx_word' id='word_1_372' title='bbox 2365 2015 2570 2090; x_wconf 76' lang='lat' dir='ltr'><strong>Daniel.</strong></span> <span class='ocrx_word' id='word_1_373' title='bbox 2618 2043 2711 2083; x_wconf 88' lang='lat' dir='ltr'><strong>seu</strong></span> <span class='ocrx_word' id='word_1_374' title='bbox 2758 2038 2813 2083; x_wconf 90' lang='lat' dir='ltr'><strong>ct</strong></span> <span class='ocrx_word' id='word_1_375' title='bbox 2856 2045 2927 2083; x_wconf 86' lang='lat' dir='ltr'><strong>xu</strong></span> <span class='ocrx_word' id='word_1_376' title='bbox 2960 2031 3249 2099; x_wconf 84' lang='lat' dir='ltr'><strong>prophetas</strong></span> 
     </span>
    </p>
   </div>
   <div class='ocr_carea' id='block_1_49' title="bbox 1682 2119 3248 2191">
    <p class='ocr_par' dir='ltr' id='par_1_49' title="bbox 1682 2119 3248 2191">
     <span class='ocr_line' id='line_1_49' title="bbox 1682 2119 3248 2191; baseline 0.002 -18"><span class='ocrx_word' id='word_1_377' title='bbox 1682 2120 1917 2173; x_wconf 87' lang='lat' dir='ltr'><strong>minores</strong></span> <span class='ocrx_word' id='word_1_378' title='bbox 1944 2135 2062 2173; x_wconf 90' lang='lat' dir='ltr'><strong>cum</strong></span> <span class='ocrx_word' id='word_1_379' title='bbox 2087 2120 2505 2188; x_wconf 74' lang='lat' dir='ltr'><strong>expositionibus</strong></span> <span class='ocrx_word' id='word_1_380' title='bbox 2530 2134 2715 2174; x_wconf 91' lang='lat' dir='ltr'><strong>eorum</strong></span> <span class='ocrx_word' id='word_1_381' title='bbox 2740 2119 3004 2190; x_wconf 78' lang='lat' dir='ltr'><strong>legantur.</strong></span> <span class='ocrx_word' id='word_1_382' title='bbox 3039 2122 3248 2191; x_wconf 80' lang='lat' dir='ltr'><strong>Episto-</strong></span> 
     </span>
    </p>
   </div>
   <div class='ocr_carea' id='block_1_50' title="bbox 1682 2212 3249 2284">
    <p class='ocr_par' dir='ltr' id='par_1_50' title="bbox 1682 2212 3249 2284">
     <span class='ocr_line' id='line_1_50' title="bbox 1682 2212 3249 2284; baseline 0.004 -18"><span class='ocrx_word' id='word_1_383' title='bbox 1682 2212 1903 2267; x_wconf 73' lang='lat' dir='ltr'><strong>lze’vero</strong></span> <span class='ocrx_word' id='word_1_384' title='bbox 1935 2213 2080 2267; x_wconf 88' lang='lat' dir='ltr'><strong>Pauli</strong></span> <span class='ocrx_word' id='word_1_385' title='bbox 2107 2213 2328 2281; x_wconf 76' lang='lat' dir='ltr'><strong>apostoli</strong></span> <span class='ocrx_word' id='word_1_386' title='bbox 2360 2213 2504 2267; x_wconf 59' lang='lat' dir='ltr'><strong>omni</strong></span> <span class='ocrx_word' id='word_1_387' title='bbox 2529 2221 2767 2281; x_wconf 87' lang='lat' dir='ltr'><strong>tempore</strong></span> <span class='ocrx_word' id='word_1_388' title='bbox 2788 2214 2839 2267; x_wconf 91' lang='lat' dir='ltr'><strong>in</strong></span> <span class='ocrx_word' id='word_1_389' title='bbox 2862 2217 3249 2284; x_wconf 85' lang='lat' dir='ltr'><strong>posterioribus</strong></span> 
     </span>
    </p>
   </div>
   <div class='ocr_carea' id='block_1_51' title="bbox 1682 2304 3243 2376">
    <p class='ocr_par' dir='ltr' id='par_1_51' title="bbox 1682 2304 3243 2376">
     <span class='ocr_line' id='line_1_51' title="bbox 1682 2304 3243 2376; baseline 0.002 -18"><span class='ocrx_word' id='word_1_390' title='bbox 1682 2305 1997 2360; x_wconf 88' lang='lat' dir='ltr'><strong>lectionibus</strong></span> <span class='ocrx_word' id='word_1_391' title='bbox 2040 2305 2092 2358; x_wconf 91' lang='lat' dir='ltr'><strong>in</strong></span> <span class='ocrx_word' id='word_1_392' title='bbox 2143 2305 2230 2359; x_wconf 88' lang='lat' dir='ltr'><strong>die</strong></span> <span class='ocrx_word' id='word_1_393' title='bbox 2277 2304 2541 2358; x_wconf 81' lang='lat' dir='ltr'><strong>dominica</strong></span> <span class='ocrx_word' id='word_1_394' title='bbox 2593 2305 2656 2358; x_wconf 86' lang='lat' dir='ltr'><strong>ad</strong></span> <span class='ocrx_word' id='word_1_395' title='bbox 2716 2305 2926 2375; x_wconf 82' lang='lat' dir='ltr'><strong>vigilias</strong></span> <span class='ocrx_word' id='word_1_396' title='bbox 2978 2307 3243 2376; x_wconf 86' lang='lat' dir='ltr'><strong>legantur.</strong></span> 
     </span>
    </p>
   </div>
   <div class='ocr_carea' id='block_1_52' title="bbox 1680 2396 3245 2465">
    <p class='ocr_par' dir='ltr' id='par_1_52' title="bbox 1680 2396 3245 2465">
     <span class='ocr_line' id='line_1_52' title="bbox 1680 2396 3245 2465; baseline 0.003 -14"><span class='ocrx_word' id='word_1_397' title='bbox 1680 2398 1956 2453; x_wconf 84' lang='lat' dir='ltr'><strong>Tractatus</strong></span> <span class='ocrx_word' id='word_1_398' title='bbox 1973 2411 2099 2452; x_wconf 86' lang='lat' dir='ltr'><strong>vero</strong></span> <span class='ocrx_word' id='word_1_399' title='bbox 2116 2396 2172 2451; x_wconf 92' lang='lat' dir='ltr'><strong>S.</strong></span> <span class='ocrx_word' id='word_1_400' title='bbox 2190 2396 2516 2465; x_wconf 76' lang='lat' dir='ltr'><strong>liieronymi,</strong></span> <span class='ocrx_word' id='word_1_401' title='bbox 2535 2396 2822 2462; x_wconf 78' lang='lat' dir='ltr'><strong>Ambrosii,</strong></span> <span class='ocrx_word' id='word_1_402' title='bbox 2839 2397 2922 2451; x_wconf 88' lang='lat' dir='ltr'><strong>vel</strong></span> <span class='ocrx_word' id='word_1_403' title='bbox 2943 2408 3245 2456; x_wconf 87' lang='lat' dir='ltr'><strong>ceterorum</strong></span> 
     </span>
    </p>
   </div>
   <div class='ocr_carea' id='block_1_53' title="bbox 1682 2488 3241 2559">
    <p class='ocr_par' dir='ltr' id='par_1_53' title="bbox 1682 2488 3241 2559">
     <span class='ocr_line' id='line_1_53' title="bbox 1682 2488 3241 2559; baseline 0.001 -15"><span class='ocrx_word' id='word_1_404' title='bbox 1682 2490 1916 2554; x_wconf 89' lang='lat' dir='ltr'><strong>Patrum,</strong></span> <span class='ocrx_word' id='word_1_405' title='bbox 1947 2501 2003 2543; x_wconf 91' lang='lat' dir='ltr'><strong>ut</strong></span> <span class='ocrx_word' id='word_1_406' title='bbox 2037 2489 2169 2544; x_wconf 89' lang='lat' dir='ltr'><strong>ordo</strong></span> <span class='ocrx_word' id='word_1_407' title='bbox 2197 2490 2384 2556; x_wconf 84' lang='lat' dir='ltr'><strong>poscit,</strong></span> <span class='ocrx_word' id='word_1_408' title='bbox 2424 2488 2685 2556; x_wconf 80' lang='lat' dir='ltr'><strong>legantur.</strong></span> <span class='ocrx_word' id='word_1_409' title='bbox 2718 2488 2772 2541; x_wconf 94' lang='lat' dir='ltr'><strong>ln</strong></span> <span class='ocrx_word' id='word_1_410' title='bbox 2823 2490 3047 2558; x_wconf 87' lang='lat' dir='ltr'><strong>tempori</strong></span> <span class='ocrx_word' id='word_1_411' title='bbox 3080 2493 3241 2559; x_wconf 87' lang='lat' dir='ltr'><strong>veris,</strong></span> 
     </span>
    </p>
   </div>
   <div class='ocr_carea' id='block_1_54' title="bbox 1682 2580 3248 2652">
    <p class='ocr_par' dir='ltr' id='par_1_54' title="bbox 1682 2580 3248 2652">
     <span class='ocr_line' id='line_1_54' title="bbox 1682 2580 3248 2652; baseline 0.001 -17"><span class='ocrx_word' id='word_1_412' title='bbox 1682 2581 1783 2637; x_wconf 90' lang='lat' dir='ltr'><strong>hoc</strong></span> <span class='ocrx_word' id='word_1_413' title='bbox 1811 2592 1894 2637; x_wconf 87' lang='lat' dir='ltr'><strong>est</strong></span> <span class='ocrx_word' id='word_1_414' title='bbox 1920 2582 2219 2652; x_wconf 89' lang='lat' dir='ltr'><strong>quindecim</strong></span> <span class='ocrx_word' id='word_1_415' title='bbox 2249 2582 2436 2635; x_wconf 88' lang='lat' dir='ltr'><strong>diebus</strong></span> <span class='ocrx_word' id='word_1_416' title='bbox 2475 2590 2599 2635; x_wconf 80' lang='lat' dir='ltr'><strong>ante</strong></span> <span class='ocrx_word' id='word_1_417' title='bbox 2645 2580 2851 2634; x_wconf 90' lang='lat' dir='ltr'><strong>initium</strong></span> <span class='ocrx_word' id='word_1_418' title='bbox 2887 2580 3248 2651; x_wconf 78' lang='lat' dir='ltr'><strong>Quadragesi-</strong></span> 
     </span>
    </p>
   </div>
   <div class='ocr_carea' id='block_1_55' title="bbox 1681 2672 3247 2743">
    <p class='ocr_par' dir='ltr' id='par_1_55' title="bbox 1681 2672 3247 2743">
     <span class='ocr_line' id='line_1_55' title="bbox 1681 2672 3247 2743; baseline 0.001 -17"><span class='ocrx_word' id='word_1_419' title='bbox 1681 2688 1812 2736; x_wconf 78' lang='lat' dir='ltr'><strong>mae,</strong></span> <span class='ocrx_word' id='word_1_420' title='bbox 1852 2675 2085 2743; x_wconf 85' lang='lat' dir='ltr'><strong>quinque</strong></span> <span class='ocrx_word' id='word_1_421' title='bbox 2129 2674 2245 2727; x_wconf 88' lang='lat' dir='ltr'><strong>libri</strong></span> <span class='ocrx_word' id='word_1_422' title='bbox 2278 2673 2460 2743; x_wconf 80' lang='lat' dir='ltr'><strong>Moysi,</strong></span> <span class='ocrx_word' id='word_1_423' title='bbox 2482 2686 2600 2727; x_wconf 93' lang='lat' dir='ltr'><strong>cum</strong></span> <span class='ocrx_word' id='word_1_424' title='bbox 2644 2672 2806 2727; x_wconf 82' lang='lat' dir='ltr'><strong>Hiesu</strong></span> <span class='ocrx_word' id='word_1_425' title='bbox 2841 2674 2982 2727; x_wconf 76' lang='lat' dir='ltr'><strong>Nave</strong></span> <span class='ocrx_word' id='word_1_426' title='bbox 3010 2682 3062 2726; x_wconf 79' lang='lat' dir='ltr'><strong>et</strong></span> <span class='ocrx_word' id='word_1_427' title='bbox 3096 2673 3247 2729; x_wconf 70' lang='lat' dir='ltr'><strong>ludi-</strong></span> 
     </span>
    </p>
   </div>
   <div class='ocr_carea' id='block_1_56' title="bbox 1681 2761 3242 2833">
    <p class='ocr_par' dir='ltr' id='par_1_56' title="bbox 1681 2761 3242 2833">
     <span class='ocr_line' id='line_1_56' title="bbox 1681 2761 3242 2833; baseline 0.003 -16"><span class='ocrx_word' id='word_1_428' title='bbox 1681 2779 1801 2817; x_wconf 88' lang='lat' dir='ltr'><strong>cum</strong></span> <span class='ocrx_word' id='word_1_429' title='bbox 1832 2766 1988 2833; x_wconf 84' lang='lat' dir='ltr'><strong>atque</strong></span> <span class='ocrx_word' id='word_1_430' title='bbox 2026 2763 2131 2818; x_wconf 79' lang='lat' dir='ltr'><strong>But</strong></span> <span class='ocrx_word' id='word_1_431' title='bbox 2161 2779 2324 2833; x_wconf 87' lang='lat' dir='ltr'><strong>usque</strong></span> <span class='ocrx_word' id='word_1_432' title='bbox 2351 2763 2651 2831; x_wconf 81' lang='lat' dir='ltr'><strong>quindecim</strong></span> <span class='ocrx_word' id='word_1_433' title='bbox 2690 2763 2805 2818; x_wconf 90' lang='lat' dir='ltr'><strong>dies</strong></span> <span class='ocrx_word' id='word_1_434' title='bbox 2846 2773 2969 2818; x_wconf 89' lang='lat' dir='ltr'><strong>ante</strong></span> <span class='ocrx_word' id='word_1_435' title='bbox 3017 2761 3242 2822; x_wconf 86' lang='lat' dir='ltr'><strong>Pascha.</strong></span> 
     </span>
    </p>
   </div>
   <div class='ocr_carea' id='block_1_57' title="bbox 1682 2846 3245 2924">
    <p class='ocr_par' dir='ltr' id='par_1_57' title="bbox 1682 2846 3245 2924">
     <span class='ocr_line' id='line_1_57' title="bbox 1682 2846 3245 2924; baseline 0.003 -16"><span class='ocrx_word' id='word_1_436' title='bbox 1682 2855 1809 2911; x_wconf 86' lang='lat' dir='ltr'><strong>lude</strong></span> <span class='ocrx_word' id='word_1_437' title='bbox 1841 2873 1967 2910; x_wconf 89' lang='lat' dir='ltr'><strong>vero</strong></span> <span class='ocrx_word' id='word_1_438' title='bbox 1999 2846 2191 2911; x_wconf 78' lang='lat' dir='ltr'><strong>librum</strong></span> <span class='ocrx_word' id='word_1_439' title='bbox 2236 2858 2385 2911; x_wconf 13' lang='lat' dir='ltr'><strong>Isaiae</strong></span> <span class='ocrx_word' id='word_1_440' title='bbox 2420 2855 2691 2924; x_wconf 60' lang='lat' dir='ltr'><strong>propheta</strong></span> <span class='ocrx_word' id='word_1_441' title='bbox 2720 2865 2773 2910; x_wconf 90' lang='lat' dir='ltr'><strong>et</strong></span> <span class='ocrx_word' id='word_1_442' title='bbox 2810 2854 3245 2913; x_wconf 84' lang='lat' dir='ltr'><strong>Lamentationes</strong></span> 
     </span>
    </p>
   </div>
   <div class='ocr_carea' id='block_1_58' title="bbox 1679 2946 3245 3025">
    <p class='ocr_par' dir='ltr' id='par_1_58' title="bbox 1679 2946 3245 3025">
     <span class='ocr_line' id='line_1_58' title="bbox 1679 2946 3245 3025; baseline 0.001 -22"><span class='ocrx_word' id='word_1_443' title='bbox 1679 2947 1998 3016; x_wconf 69' lang='lat' dir='ltr'><strong>Hieremizc,</strong></span> <span class='ocrx_word' id='word_1_444' title='bbox 2040 2949 2179 3004; x_wconf 84' lang='lat' dir='ltr'><strong>Osee</strong></span> <span class='ocrx_word' id='word_1_445' title='bbox 2223 2947 2591 3025; x_wconf 68' lang='lat' dir='ltr'><strong>et‘Zachariz</strong></span> <span class='ocrx_word' id='word_1_446' title='bbox 2639 2946 2778 3001; x_wconf 89' lang='lat' dir='ltr'><strong>unde</strong></span> <span class='ocrx_word' id='word_1_447' title='bbox 2825 2948 2892 3002; x_wconf 91' lang='lat' dir='ltr'><strong>ad</strong></span> <span class='ocrx_word' id='word_1_448' title='bbox 2940 2951 3245 3017; x_wconf 88' lang='lat' dir='ltr'><strong>passionem</strong></span> 
     </span>
    </p>
   </div>
   <div class='ocr_carea' id='block_1_59' title="bbox 1682 3043 3248 3114">
    <p class='ocr_par' dir='ltr' id='par_1_59' title="bbox 1682 3043 3248 3114">
     <span class='ocr_line' id='line_1_59' title="bbox 1682 3043 3248 3114; baseline 0.001 -17"><span class='ocrx_word' id='word_1_449' title='bbox 1682 3043 1877 3111; x_wconf 75' lang='lat' dir='ltr'><strong>Christi</strong></span> <span class='ocrx_word' id='word_1_450' title='bbox 1919 3046 2187 3101; x_wconf 90' lang='lat' dir='ltr'><strong>convenit.</strong></span> <span class='ocrx_word' id='word_1_451' title='bbox 2220 3045 2277 3100; x_wconf 83' lang='lat' dir='ltr'><strong>In</strong></span> <span class='ocrx_word' id='word_1_452' title='bbox 2318 3046 2505 3101; x_wconf 89' lang='lat' dir='ltr'><strong>diebus</strong></span> <span class='ocrx_word' id='word_1_453' title='bbox 2545 3054 2721 3100; x_wconf 88' lang='lat' dir='ltr'><strong>autem</strong></span> <span class='ocrx_word' id='word_1_454' title='bbox 2765 3044 2982 3101; x_wconf 64' lang='lat' dir='ltr'><strong>Pascha</strong></span> <span class='ocrx_word' id='word_1_455' title='bbox 3006 3044 3248 3114; x_wconf 69' lang='lat' dir='ltr'><strong>epistolas</strong></span> 
     </span>
    </p>
   </div>
   <div class='ocr_carea' id='block_1_60' title="bbox 1682 3135 3249 3206">
    <p class='ocr_par' dir='ltr' id='par_1_60' title="bbox 1682 3135 3249 3206">
     <span class='ocr_line' id='line_1_60' title="bbox 1682 3135 3249 3206; baseline -0.001 -16"><span class='ocrx_word' id='word_1_456' title='bbox 1682 3136 2040 3205; x_wconf 86' lang='lat' dir='ltr'><strong>apostolorum</strong></span> <span class='ocrx_word' id='word_1_457' title='bbox 2069 3146 2124 3191; x_wconf 90' lang='lat' dir='ltr'><strong>et</strong></span> <span class='ocrx_word' id='word_1_458' title='bbox 2158 3140 2319 3192; x_wconf 82' lang='lat' dir='ltr'><strong>Actus</strong></span> <span class='ocrx_word' id='word_1_459' title='bbox 2346 3148 2504 3206; x_wconf 87' lang='lat' dir='ltr'><strong>atque</strong></span> <span class='ocrx_word' id='word_1_460' title='bbox 2532 3136 2877 3205; x_wconf 79' lang='lat' dir='ltr'><strong>Aporalypsis</strong></span> <span class='ocrx_word' id='word_1_461' title='bbox 2915 3150 3083 3205; x_wconf 85' lang='lat' dir='ltr'><strong>usque</strong></span> <span class='ocrx_word' id='word_1_462' title='bbox 3110 3135 3249 3190; x_wconf 83' lang='lat' dir='ltr'><strong>Pen—</strong></span> 
     </span>
    </p>
   </div>
   <div class='ocr_carea' id='block_1_61' title="bbox 1686 3224 3237 3295">
    <p class='ocr_par' dir='ltr' id='par_1_61' title="bbox 1686 3224 3237 3295">
     <span class='ocr_line' id='line_1_61' title="bbox 1686 3224 3237 3295; baseline 0.001 -16"><span class='ocrx_word' id='word_1_463' title='bbox 1686 3236 1956 3281; x_wconf 85' lang='lat' dir='ltr'><strong>tecostem.</strong></span> <span class='ocrx_word' id='word_1_464' title='bbox 1990 3230 2034 3282; x_wconf 78' lang='grc' dir='ltr'>Α</span> <span class='ocrx_word' id='word_1_465' title='bbox 2065 3228 2375 3282; x_wconf 79' lang='lat' dir='ltr'><strong>Pentecoste</strong></span> <span class='ocrx_word' id='word_1_466' title='bbox 2463 3224 2595 3281; x_wconf 54' lang='lat' dir='ltr'><strong>vero‘</strong></span> <span class='ocrx_word' id='word_1_467' title='bbox 2618 3226 2735 3279; x_wconf 89' lang='lat' dir='ltr'><strong>libri</strong></span> <span class='ocrx_word' id='word_1_468' title='bbox 2781 3225 2983 3295; x_wconf 80' lang='lat' dir='ltr'><strong>Regum</strong></span> <span class='ocrx_word' id='word_1_469' title='bbox 3009 3233 3064 3279; x_wconf 93' lang='lat' dir='ltr'><strong>et</strong></span> <span class='ocrx_word' id='word_1_470' title='bbox 3090 3225 3237 3280; x_wconf 86' lang='lat' dir='ltr'><strong>Para-</strong></span> 
     </span>
    </p>
   </div>
   <div class='ocr_carea' id='block_1_62' title="bbox 21 3297 1575 3395">
    <p class='ocr_par' dir='ltr' id='par_1_62' title="bbox 21 3318 1575 3395">
     <span class='ocr_line' id='line_1_62' title="bbox 21 3318 1575 3395; baseline 0.009 -27"><span class='ocrx_word' id='word_1_471' title='bbox 21 3327 132 3371; x_wconf 83' lang='lat' dir='ltr'><strong>tnte</strong></span> <span class='ocrx_word' id='word_1_472' title='bbox 161 3318 297 3387; x_wconf 80' lang='lat' dir='ltr'><strong>ipsis</strong></span> <span class='ocrx_word' id='word_1_473' title='bbox 315 3328 581 3387; x_wconf 88' lang='lat' dir='ltr'><strong>pateuam,</strong></span> <span class='ocrx_word' id='word_1_474' title='bbox 602 3328 657 3375; x_wconf 91' lang='lat' dir='ltr'><strong>et</strong></span> <span class='ocrx_word' id='word_1_475' title='bbox 684 3330 709 3357; x_wconf 76' lang='grc' dir='ltr'>ι</span> <span class='ocrx_word' id='word_1_476' title='bbox 730 3322 1078 3393; x_wconf 80' lang='lat' dir='ltr'><strong>conlrangant</strong></span> <span class='ocrx_word' id='word_1_477' title='bbox 1097 3322 1237 3391; x_wconf 88' lang='lat' dir='ltr'><strong>ipsas</strong></span> <span class='ocrx_word' id='word_1_478' title='bbox 1259 3325 1575 3395; x_wconf 87' lang='lat' dir='ltr'><strong>oblationes,</strong></span> 
     </span>
    </p>
   </div>
   <div class='ocr_carea' id='block_1_63' title="bbox 1686 3297 3244 3395">
    <p class='ocr_par' dir='ltr' id='par_1_63' title="bbox 1686 3314 3244 3386">
     <span class='ocr_line' id='line_1_63' title="bbox 1686 3314 3244 3386; baseline 0.002 -18"><span class='ocrx_word' id='word_1_479' title='bbox 1686 3316 2010 3386; x_wconf 88' lang='lat' dir='ltr'><strong>lippominon</strong></span> <span class='ocrx_word' id='word_1_480' title='bbox 2028 3358 2042 3380; x_wconf 90' lang='lat'><strong>,</strong></span> <span class='ocrx_word' id='word_1_481' title='bbox 2070 3317 2264 3371; x_wconf 88' lang='lat' dir='ltr'><strong>deinde</strong></span> <span class='ocrx_word' id='word_1_482' title='bbox 2291 3316 2589 3372; x_wconf 88' lang='lat' dir='ltr'><strong>Salomonis</strong></span> <span class='ocrx_word' id='word_1_483' title='bbox 2646 3316 2762 3370; x_wconf 82' lang='lat' dir='ltr'><strong>libri</strong></span> <span class='ocrx_word' id='word_1_484' title='bbox 2782 3356 2797 3379; x_wconf 87' lang='lat'><strong>,</strong></span> <span class='ocrx_word' id='word_1_485' title='bbox 2845 3316 2947 3370; x_wconf 83' lang='lat' dir='ltr'><strong>Job</strong></span> <span class='ocrx_word' id='word_1_486' title='bbox 2969 3358 2983 3381; x_wconf 91' lang='lat'><strong>,</strong></span> <span class='ocrx_word' id='word_1_487' title='bbox 3023 3314 3209 3371; x_wconf 68' lang='lat' dir='ltr'><strong>Tobiae</strong></span> <span class='ocrx_word' id='word_1_488' title='bbox 3229 3360 3244 3382; x_wconf 92' lang='lat'><strong>,</strong></span> 
     </span>
    </p>
   </div>
   <div class='ocr_carea' id='block_1_64' title="bbox 21 3409 1580 3486">
    <p class='ocr_par' dir='ltr' id='par_1_64' title="bbox 21 3409 1580 3486">
     <span class='ocr_line' id='line_1_64' title="bbox 21 3409 1580 3486; baseline 0.006 -23"><span class='ocrx_word' id='word_1_489' title='bbox 21 3410 329 3464; x_wconf 79' lang='lat' dir='ltr'><strong>:anentibus</strong></span> <span class='ocrx_word' id='word_1_490' title='bbox 348 3409 557 3465; x_wconf 87' lang='lat' dir='ltr'><strong>interim</strong></span> <span class='ocrx_word' id='word_1_491' title='bbox 580 3411 832 3468; x_wconf 86' lang='lat' dir='ltr'><strong>lratribus</strong></span> <span class='ocrx_word' id='word_1_492' title='bbox 862 3414 1035 3486; x_wconf 68' lang='lat' dir='ltr'><strong>Agnus</strong></span> <span class='ocrx_word' id='word_1_493' title='bbox 1057 3414 1173 3470; x_wconf 80' lang='lat' dir='ltr'><strong>Dei.</strong></span> <span class='ocrx_word' id='word_1_494' title='bbox 1204 3416 1403 3473; x_wconf 89' lang='lat' dir='ltr'><strong>Deinde</strong></span> <span class='ocrx_word' id='word_1_495' title='bbox 1432 3434 1580 3473; x_wconf 86' lang='lat' dir='ltr'><strong>com-</strong></span> 
     </span>
    </p>
   </div>
   <div class='ocr_carea' id='block_1_65' title="bbox 22 3501 1580 3564">
    <p class='ocr_par' dir='ltr' id='par_1_65' title="bbox 22 3501 1580 3564">
     <span class='ocr_line' id='line_1_65' title="bbox 22 3501 1580 3564; baseline 0.006 -11"><span class='ocrx_word' id='word_1_496' title='bbox 22 3503 290 3557; x_wconf 89' lang='lat' dir='ltr'><strong>nunicent</strong></span> <span class='ocrx_word' id='word_1_497' title='bbox 318 3501 621 3556; x_wconf 80' lang='lat' dir='ltr'><strong>sacerdqu</strong></span> <span class='ocrx_word' id='word_1_498' title='bbox 648 3513 703 3558; x_wconf 87' lang='lat' dir='ltr'><strong>et</strong></span> <span class='ocrx_word' id='word_1_499' title='bbox 745 3504 915 3561; x_wconf 66' lang='lat' dir='ltr'><strong>levita:</strong></span> <span class='ocrx_word' id='word_1_500' title='bbox 938 3501 995 3559; x_wconf 85' lang='lat' dir='ltr'><strong>in</strong></span> <span class='ocrx_word' id='word_1_501' title='bbox 1024 3508 1208 3562; x_wconf 87' lang='lat' dir='ltr'><strong>ordine</strong></span> <span class='ocrx_word' id='word_1_502' title='bbox 1234 3522 1351 3563; x_wconf 90' lang='lat' dir='ltr'><strong>suo.</strong></span> <span class='ocrx_word' id='word_1_503' title='bbox 1390 3508 1580 3564; x_wconf 82' lang='lat' dir='ltr'><strong>Postea</strong></span> 
     </span>
    </p>
   </div>
   <div class='ocr_carea' id='block_1_66' title="bbox 22 3590 1582 3683">
    <p class='ocr_par' dir='ltr' id='par_1_66' title="bbox 22 3590 1582 3683">
     <span class='ocr_line' id='line_1_66' title="bbox 22 3590 1582 3683; baseline 0.003 -31"><span class='ocrx_word' id='word_1_504' title='bbox 22 3599 229 3667; x_wconf 66' lang='lat' dir='ltr'><strong>tuidem</strong></span> <span class='ocrx_word' id='word_1_505' title='bbox 261 3596 527 3664; x_wconf 84' lang='lat' dir='ltr'><strong>accipiens</strong></span> <span class='ocrx_word' id='word_1_506' title='bbox 567 3596 820 3651; x_wconf 85' lang='lat' dir='ltr'><strong>diaconus</strong></span> <span class='ocrx_word' id='word_1_507' title='bbox 852 3590 1073 3683; x_wconf 61' lang='lat' dir='ltr'><strong>calicem</strong></span> <span class='ocrx_word' id='word_1_508' title='bbox 1102 3600 1154 3653; x_wconf 91' lang='lat' dir='ltr'><strong>in</strong></span> <span class='ocrx_word' id='word_1_509' title='bbox 1183 3602 1401 3655; x_wconf 86' lang='lat' dir='ltr'><strong>dextera</strong></span> <span class='ocrx_word' id='word_1_510' title='bbox 1434 3612 1582 3671; x_wconf 88' lang='lat' dir='ltr'><strong>parte</strong></span> 
     </span>
    </p>
   </div>
   <div class='ocr_carea' id='block_1_67' title="bbox 22 3688 1582 3763">
    <p class='ocr_par' dir='ltr' id='par_1_67' title="bbox 22 3688 1582 3763">
     <span class='ocr_line' id='line_1_67' title="bbox 22 3688 1582 3763; baseline 0.006 -25"><span class='ocrx_word' id='word_1_511' title='bbox 22 3688 231 3751; x_wconf 64' lang='lat' dir='ltr'><strong>illaris,</strong></span> <span class='ocrx_word' id='word_1_512' title='bbox 267 3688 483 3743; x_wconf 77' lang='lat' dir='ltr'><strong>elevans</strong></span> <span class='ocrx_word' id='word_1_513' title='bbox 508 3703 628 3743; x_wconf 91' lang='lat' dir='ltr'><strong>eum</strong></span> <span class='ocrx_word' id='word_1_514' title='bbox 676 3688 726 3742; x_wconf 91' lang='lat' dir='ltr'><strong>in</strong></span> <span class='ocrx_word' id='word_1_515' title='bbox 755 3690 995 3744; x_wconf 84' lang='lat' dir='ltr'><strong>manibus</strong></span> <span class='ocrx_word' id='word_1_516' title='bbox 1044 3694 1177 3759; x_wconf 89' lang='lat' dir='ltr'><strong>suis,</strong></span> <span class='ocrx_word' id='word_1_517' title='bbox 1228 3697 1582 3763; x_wconf 88' lang='lat' dir='ltr'><strong>pronuncians</strong></span> 
     </span>
    </p>
   </div>
   <div class='ocr_carea' id='block_1_68' title="bbox 22 3776 1583 3849">
    <p class='ocr_par' dir='ltr' id='par_1_68' title="bbox 22 3776 1583 3849">
     <span class='ocr_line' id='line_1_68' title="bbox 22 3776 1583 3849; baseline 0.004 -18"><span class='ocrx_word' id='word_1_518' title='bbox 22 3776 255 3831; x_wconf 82' lang='lat' dir='ltr'><strong>iatalitia</strong></span> <span class='ocrx_word' id='word_1_519' title='bbox 285 3788 593 3835; x_wconf 81' lang='lat' dir='ltr'><strong>sanctorum</strong></span> <span class='ocrx_word' id='word_1_520' title='bbox 623 3778 675 3830; x_wconf 91' lang='lat' dir='ltr'><strong>in</strong></span> <span class='ocrx_word' id='word_1_521' title='bbox 702 3776 812 3845; x_wconf 86' lang='lat' dir='ltr'><strong>ipsa</strong></span> <span class='ocrx_word' id='word_1_522' title='bbox 841 3778 1167 3834; x_wconf 86' lang='lat' dir='ltr'><strong>hebdomada</strong></span> <span class='ocrx_word' id='word_1_523' title='bbox 1191 3785 1477 3849; x_wconf 85' lang='lat' dir='ltr'><strong>venientia,</strong></span> <span class='ocrx_word' id='word_1_524' title='bbox 1509 3786 1583 3837; x_wconf 88' lang='lat' dir='ltr'><strong>ita</strong></span> 
     </span>
    </p>
   </div>
   <div class='ocr_carea' id='block_1_69' title="bbox 22 3866 1585 3939">
    <p class='ocr_par' dir='ltr' id='par_1_69' title="bbox 22 3866 1585 3939">
     <span class='ocr_line' id='line_1_69' title="bbox 22 3866 1585 3939; baseline 0.004 -18"><span class='ocrx_word' id='word_1_525' title='bbox 22 3868 276 3924; x_wconf 77' lang='lat' dir='ltr'><strong>licenda:</strong></span> <span class='ocrx_word' id='word_1_526' title='bbox 309 3866 415 3921; x_wconf 80' lang='lat' dir='ltr'><strong>Illa</strong></span> <span class='ocrx_word' id='word_1_527' title='bbox 437 3868 568 3937; x_wconf 77' lang='lat' dir='ltr'><strong>[eris</strong></span> <span class='ocrx_word' id='word_1_528' title='bbox 592 3872 834 3933; x_wconf 73' lang='lat' dir='ltr'><strong>veniente.</strong></span> <span class='ocrx_word' id='word_1_529' title='bbox 868 3876 1039 3926; x_wconf 84' lang='lat' dir='ltr'><strong>natale</strong></span> <span class='ocrx_word' id='word_1_530' title='bbox 1064 3882 1137 3925; x_wconf 84' lang='lat' dir='ltr'><strong>est</strong></span> <span class='ocrx_word' id='word_1_531' title='bbox 1166 3872 1228 3928; x_wconf 91' lang='lat' dir='ltr'><strong>S.</strong></span> <span class='ocrx_word' id='word_1_532' title='bbox 1261 3873 1463 3939; x_wconf 65' lang='lat' dir='ltr'><strong>Moriar,</strong></span> <span class='ocrx_word' id='word_1_533' title='bbox 1494 3888 1585 3929; x_wconf 84' lang='lat' dir='ltr'><strong>aut</strong></span> 
     </span>
    </p>
   </div>
   <div class='ocr_carea' id='block_1_70' title="bbox 22 3958 1581 4031">
    <p class='ocr_par' dir='ltr' id='par_1_70' title="bbox 22 3958 1581 4031">
     <span class='ocr_line' id='line_1_70' title="bbox 22 3958 1581 4031; baseline 0.004 -18"><span class='ocrx_word' id='word_1_534' title='bbox 22 3959 344 4027; x_wconf 73' lang='lat' dir='ltr'><strong>&#39;onfessoris,</strong></span> <span class='ocrx_word' id='word_1_535' title='bbox 374 3960 452 4014; x_wconf 81' lang='lat' dir='ltr'><strong>uel</strong></span> <span class='ocrx_word' id='word_1_536' title='bbox 473 3958 609 4013; x_wconf 86' lang='lat' dir='ltr'><strong>alius</strong></span> <span class='ocrx_word' id='word_1_537' title='bbox 633 3962 792 4014; x_wconf 79' lang='lat' dir='ltr'><strong>sancti</strong></span> <span class='ocrx_word' id='word_1_538' title='bbox 820 3962 970 4031; x_wconf 84' lang='lat' dir='ltr'><strong>cujus</strong></span> <span class='ocrx_word' id='word_1_539' title='bbox 998 3969 1254 4028; x_wconf 80' lang='lat' dir='ltr'><strong>evenerit,</strong></span> <span class='ocrx_word' id='word_1_540' title='bbox 1292 3967 1581 4021; x_wconf 82' lang='lat' dir='ltr'><strong>secundum</strong></span> 
     </span>
    </p>
   </div>
   <div class='ocr_carea' id='block_1_71' title="bbox 22 4050 1580 4128">
    <p class='ocr_par' dir='ltr' id='par_1_71' title="bbox 22 4050 1580 4128">
     <span class='ocr_line' id='line_1_71' title="bbox 22 4050 1580 4128; baseline 0.004 -22"><span class='ocrx_word' id='word_1_541' title='bbox 22 4050 473 4123; x_wconf 84' lang='lat' dir='ltr'><strong>nartyrologium.</strong></span> <span class='ocrx_word' id='word_1_542' title='bbox 508 4051 574 4105; x_wconf 77' lang='lat' dir='ltr'><strong>Et</strong></span> <span class='ocrx_word' id='word_1_543' title='bbox 620 4054 942 4120; x_wconf 86' lang='lat' dir='ltr'><strong>respondent</strong></span> <span class='ocrx_word' id='word_1_544' title='bbox 991 4070 1177 4111; x_wconf 87' lang='lat' dir='ltr'><strong>omnes</strong></span> <span class='ocrx_word' id='word_1_545' title='bbox 1219 4056 1323 4111; x_wconf 85' lang='lat' dir='ltr'><strong>Deo</strong></span> <span class='ocrx_word' id='word_1_546' title='bbox 1370 4060 1580 4128; x_wconf 88' lang='lat' dir='ltr'><strong>gratias.</strong></span> 
     </span>
    </p>
   </div>
   <div class='ocr_carea' id='block_1_72' title="bbox 22 4140 1587 4205">
    <p class='ocr_par' dir='ltr' id='par_1_72' title="bbox 22 4140 1587 4205">
     <span class='ocr_line' id='line_1_72' title="bbox 22 4140 1587 4205; baseline 0.005 -8"><span class='ocrx_word' id='word_1_547' title='bbox 22 4145 133 4197; x_wconf 70' lang='lat' dir='ltr'><strong>’ost</strong></span> <span class='ocrx_word' id='word_1_548' title='bbox 161 4144 289 4197; x_wconf 65' lang='lat' dir='ltr'><strong>hac</strong></span> <span class='ocrx_word' id='word_1_549' title='bbox 316 4140 633 4196; x_wconf 84' lang='lat' dir='ltr'><strong>canentibus</strong></span> <span class='ocrx_word' id='word_1_550' title='bbox 660 4144 869 4197; x_wconf 92' lang='lat' dir='ltr'><strong>interim</strong></span> <span class='ocrx_word' id='word_1_551' title='bbox 901 4146 1135 4200; x_wconf 86' lang='lat' dir='ltr'><strong>antil’ona</strong></span> <span class='ocrx_word' id='word_1_552' title='bbox 1162 4149 1228 4203; x_wconf 89' lang='lat' dir='ltr'><strong>ad</strong></span> <span class='ocrx_word' id='word_1_553' title='bbox 1258 4154 1587 4205; x_wconf 84' lang='lat' dir='ltr'><strong>communio-</strong></span> 
     </span>
    </p>
   </div>
   <div class='ocr_carea' id='block_1_73' title="bbox 22 4234 1582 4303">
    <p class='ocr_par' dir='ltr' id='par_1_73' title="bbox 22 4234 1582 4303">
     <span class='ocr_line' id='line_1_73' title="bbox 22 4234 1582 4303; baseline 0.006 -18"><span class='ocrx_word' id='word_1_554' title='bbox 22 4248 149 4299; x_wconf 65' lang='lat' dir='ltr'><strong>tem,</strong></span> <span class='ocrx_word' id='word_1_555' title='bbox 178 4234 704 4287; x_wconf 89' lang='lat' dir='ltr'><strong>communicantibus</strong></span> <span class='ocrx_word' id='word_1_556' title='bbox 742 4234 804 4286; x_wconf 89' lang='lat' dir='ltr'><strong>iis</strong></span> <span class='ocrx_word' id='word_1_557' title='bbox 851 4237 1135 4303; x_wconf 87' lang='lat' dir='ltr'><strong>omnibus,</strong></span> <span class='ocrx_word' id='word_1_558' title='bbox 1163 4239 1251 4292; x_wconf 91' lang='lat' dir='ltr'><strong>dat</strong></span> <span class='ocrx_word' id='word_1_559' title='bbox 1291 4242 1582 4294; x_wconf 83' lang='lat' dir='ltr'><strong>orationem</strong></span> 
     </span>
    </p>
   </div>
   <div class='ocr_carea' id='block_1_74' title="bbox 22 4322 1587 4402">
    <p class='ocr_par' dir='ltr' id='par_1_74' title="bbox 22 4322 1587 4402">
     <span class='ocr_line' id='line_1_74' title="bbox 22 4322 1587 4402; baseline 0.005 -24"><span class='ocrx_word' id='word_1_560' title='bbox 22 4325 293 4389; x_wconf 77' lang='lat' dir='ltr'><strong>acerdos,</strong></span> <span class='ocrx_word' id='word_1_561' title='bbox 339 4333 394 4377; x_wconf 90' lang='lat' dir='ltr'><strong>et</strong></span> <span class='ocrx_word' id='word_1_562' title='bbox 420 4322 565 4377; x_wconf 86' lang='lat' dir='ltr'><strong>dicat</strong></span> <span class='ocrx_word' id='word_1_563' title='bbox 590 4324 845 4379; x_wconf 84' lang='lat' dir='ltr'><strong>diaconus</strong></span> <span class='ocrx_word' id='word_1_564' title='bbox 875 4324 977 4392; x_wconf 80' lang='lat' dir='ltr'><strong>Ite,</strong></span> <span class='ocrx_word' id='word_1_565' title='bbox 1008 4331 1162 4382; x_wconf 84' lang='lat' dir='ltr'><strong>missa</strong></span> <span class='ocrx_word' id='word_1_566' title='bbox 1200 4340 1294 4384; x_wconf 70' lang='lat' dir='ltr'><strong>esi.</strong></span> <span class='ocrx_word' id='word_1_567' title='bbox 1347 4330 1587 4402; x_wconf 80' lang='lat' dir='ltr'><strong>Respon-</strong></span> 
     </span>
    </p>
   </div>
   <div class='ocr_carea' id='block_1_75' title="bbox 22 4412 1582 4487">
    <p class='ocr_par' dir='ltr' id='par_1_75' title="bbox 22 4412 1582 4487">
     <span class='ocr_line' id='line_1_75' title="bbox 22 4412 1582 4487; baseline 0.006 -21"><span class='ocrx_word' id='word_1_568' title='bbox 22 4415 269 4469; x_wconf 68' lang='lat' dir='ltr'><strong>lentibus</strong></span> <span class='ocrx_word' id='word_1_569' title='bbox 309 4412 561 4468; x_wconf 85' lang='lat' dir='ltr'><strong>omnibus</strong></span> <span class='ocrx_word' id='word_1_570' title='bbox 598 4412 707 4466; x_wconf 87' lang='lat' dir='ltr'><strong>Deo</strong></span> <span class='ocrx_word' id='word_1_571' title='bbox 749 4415 962 4484; x_wconf 81' lang='lat' dir='ltr'><strong>gratias,</strong></span> <span class='ocrx_word' id='word_1_572' title='bbox 1007 4428 1061 4470; x_wconf 88' lang='lat' dir='ltr'><strong>et</strong></span> <span class='ocrx_word' id='word_1_573' title='bbox 1110 4421 1429 4487; x_wconf 75' lang='lat' dir='ltr'><strong>completum</strong></span> <span class='ocrx_word' id='word_1_574' title='bbox 1478 4432 1582 4476; x_wconf 79' lang='lat' dir='ltr'><strong>est;</strong></span> 
     </span>
    </p>
   </div>
   <div class='ocr_carea' id='block_1_76' title="bbox 22 4505 1582 4569">
    <p class='ocr_par' dir='ltr' id='par_1_76' title="bbox 22 4505 1582 4569">
     <span class='ocr_line' id='line_1_76' title="bbox 22 4505 1582 4569; baseline 0.006 -10"><span class='ocrx_word' id='word_1_575' title='bbox 22 4513 129 4559; x_wconf 83' lang='lat' dir='ltr'><strong>&#39;ost</strong></span> <span class='ocrx_word' id='word_1_576' title='bbox 157 4505 287 4558; x_wconf 71' lang='lat' dir='ltr'><strong>haec</strong></span> <span class='ocrx_word' id='word_1_577' title='bbox 314 4511 614 4558; x_wconf 80' lang='lat' dir='ltr'><strong>revertetur</strong></span> <span class='ocrx_word' id='word_1_578' title='bbox 643 4505 893 4560; x_wconf 82' lang='lat' dir='ltr'><strong>sacerdos</strong></span> <span class='ocrx_word' id='word_1_579' title='bbox 918 4507 981 4560; x_wconf 85' lang='lat' dir='ltr'><strong>ad</strong></span> <span class='ocrx_word' id='word_1_580' title='bbox 1014 4510 1305 4567; x_wconf 75' lang='lat' dir='ltr'><strong>sacrarium</strong></span> <span class='ocrx_word' id='word_1_581' title='bbox 1332 4528 1452 4567; x_wconf 91' lang='lat' dir='ltr'><strong>cum</strong></span> <span class='ocrx_word' id='word_1_582' title='bbox 1482 4516 1582 4569; x_wconf 84' lang='lat' dir='ltr'><strong>mi-</strong></span> 
     </span>
    </p>
   </div>
   <div class='ocr_carea' id='block_1_77' title="bbox 22 4595 1583 4673">
    <p class='ocr_par' dir='ltr' id='par_1_77' title="bbox 22 4595 1583 4673">
     <span class='ocr_line' id='line_1_77' title="bbox 22 4595 1583 4673; baseline 0.006 -21"><span class='ocrx_word' id='word_1_583' title='bbox 22 4600 193 4652; x_wconf 68' lang='lat' dir='ltr'><strong>iistris</strong></span> <span class='ocrx_word' id='word_1_584' title='bbox 226 4595 493 4663; x_wconf 66' lang='lat' dir='ltr'><strong>ecclesiae,</strong></span> <span class='ocrx_word' id='word_1_585' title='bbox 516 4596 599 4650; x_wconf 86' lang='lat' dir='ltr'><strong>vel</strong></span> <span class='ocrx_word' id='word_1_586' title='bbox 626 4599 766 4651; x_wconf 92' lang='lat' dir='ltr'><strong>omni</strong></span> <span class='ocrx_word' id='word_1_587' title='bbox 792 4610 981 4654; x_wconf 88' lang='lat' dir='ltr'><strong>ornatu</strong></span> <span class='ocrx_word' id='word_1_588' title='bbox 1000 4642 1015 4666; x_wconf 93' lang='lat'><strong>,</strong></span> <span class='ocrx_word' id='word_1_589' title='bbox 1038 4602 1172 4657; x_wconf 88' lang='lat' dir='ltr'><strong>sicut</strong></span> <span class='ocrx_word' id='word_1_590' title='bbox 1200 4604 1345 4673; x_wconf 87' lang='lat' dir='ltr'><strong>prius</strong></span> <span class='ocrx_word' id='word_1_591' title='bbox 1371 4607 1583 4671; x_wconf 88' lang='lat' dir='ltr'><strong>exierit,</strong></span> 
     </span>
    </p>
   </div>
   <div class='ocr_carea' id='block_1_78' title="bbox 22 4689 1583 4761">
    <p class='ocr_par' dir='ltr' id='par_1_78' title="bbox 22 4689 1583 4761">
     <span class='ocr_line' id='line_1_78' title="bbox 22 4689 1583 4761; baseline 0.001 -13"><span class='ocrx_word' id='word_1_592' title='bbox 22 4707 44 4748; x_wconf 89' lang='lat' dir='ltr'><strong>t</strong></span> <span class='ocrx_word' id='word_1_593' title='bbox 76 4697 298 4746; x_wconf 82' lang='lat' dir='ltr'><strong>exuant</strong></span> <span class='ocrx_word' id='word_1_594' title='bbox 326 4703 387 4745; x_wconf 85' lang='lat' dir='ltr'><strong>se</strong></span> <span class='ocrx_word' id='word_1_595' title='bbox 412 4689 644 4744; x_wconf 85' lang='lat' dir='ltr'><strong>vestibus</strong></span> <span class='ocrx_word' id='word_1_596' title='bbox 668 4702 790 4744; x_wconf 85' lang='lat' dir='ltr'><strong>eum</strong></span> <span class='ocrx_word' id='word_1_597' title='bbox 817 4690 1007 4758; x_wconf 86' lang='lat' dir='ltr'><strong>quibus</strong></span> <span class='ocrx_word' id='word_1_598' title='bbox 1031 4691 1139 4761; x_wconf 87' lang='lat' dir='ltr'><strong>jam</strong></span> <span class='ocrx_word' id='word_1_599' title='bbox 1168 4694 1449 4748; x_wconf 83' lang='lat' dir='ltr'><strong>missarum</strong></span> <span class='ocrx_word' id='word_1_600' title='bbox 1491 4709 1583 4750; x_wconf 86' lang='lat' dir='ltr'><strong>so-</strong></span> 
     </span>
    </p>
   </div>
   <div class='ocr_carea' id='block_1_79' title="bbox 22 4778 1509 4844">
    <p class='ocr_par' dir='ltr' id='par_1_79' title="bbox 22 4778 1509 4844">
     <span class='ocr_line' id='line_1_79' title="bbox 22 4778 1509 4844; baseline 0.002 -7"><span class='ocrx_word' id='word_1_601' title='bbox 22 4780 209 4837; x_wconf 77' lang='lat' dir='ltr'><strong>emnia</strong></span> <span class='ocrx_word' id='word_1_602' title='bbox 236 4778 665 4844; x_wconf 82' lang='lat' dir='ltr'><strong>celebraverunt,</strong></span> <span class='ocrx_word' id='word_1_603' title='bbox 689 4786 743 4832; x_wconf 91' lang='lat' dir='ltr'><strong>et</strong></span> <span class='ocrx_word' id='word_1_604' title='bbox 772 4792 1137 4836; x_wconf 88' lang='lat' dir='ltr'><strong>consummata</strong></span> <span class='ocrx_word' id='word_1_605' title='bbox 1163 4796 1287 4839; x_wconf 87' lang='lat' dir='ltr'><strong>sunt</strong></span> <span class='ocrx_word' id='word_1_606' title='bbox 1310 4788 1509 4840; x_wconf 81' lang='lat' dir='ltr'><strong>omnia.</strong></span> 
     </span>
    </p>
   </div>
   <div class='ocr_carea' id='block_1_80' title="bbox 68 4862 1583 4943">
    <p class='ocr_par' dir='ltr' id='par_1_80' title="bbox 68 4862 1583 4943">
     <span class='ocr_line' id='line_1_80' title="bbox 68 4862 1583 4943; baseline 0.003 -16"><span class='ocrx_word' id='word_1_607' title='bbox 68 4873 213 4927; x_wconf 88' lang='lat' dir='ltr'><strong>Post</strong></span> <span class='ocrx_word' id='word_1_608' title='bbox 243 4862 581 4925; x_wconf 85' lang='lat' dir='ltr'><strong>nativitatem</strong></span> <span class='ocrx_word' id='word_1_609' title='bbox 609 4883 741 4924; x_wconf 87' lang='lat' dir='ltr'><strong>vero</strong></span> <span class='ocrx_word' id='word_1_610' title='bbox 777 4870 982 4925; x_wconf 87' lang='lat' dir='ltr'><strong>Domini</strong></span> <span class='ocrx_word' id='word_1_611' title='bbox 1032 4888 1197 4942; x_wconf 86' lang='lat' dir='ltr'><strong>usque</strong></span> <span class='ocrx_word' id='word_1_612' title='bbox 1241 4876 1292 4928; x_wconf 92' lang='lat' dir='ltr'><strong>in</strong></span> <span class='ocrx_word' id='word_1_613' title='bbox 1323 4876 1583 4943; x_wconf 81' lang='lat' dir='ltr'><strong>uetabas,</strong></span> 
     </span>
    </p>
   </div>
   <div class='ocr_carea' id='block_1_81' title="bbox 22 4957 1585 5027">
    <p class='ocr_par' dir='ltr' id='par_1_81' title="bbox 22 4957 1585 5027">
     <span class='ocr_line' id='line_1_81' title="bbox 22 4957 1585 5027; baseline 0.001 -6"><span class='ocrx_word' id='word_1_614' title='bbox 22 4975 207 5021; x_wconf 69' lang='lat' dir='ltr'><strong>mter</strong></span> <span class='ocrx_word' id='word_1_615' title='bbox 238 4957 557 5015; x_wconf 73' lang='lat' dir='ltr'><strong>sanctorum</strong></span> <span class='ocrx_word' id='word_1_616' title='bbox 579 4960 969 5027; x_wconf 79' lang='lat' dir='ltr'><strong>l’estivitatibus,</strong></span> <span class='ocrx_word' id='word_1_617' title='bbox 1004 4980 1163 5019; x_wconf 89' lang='lat' dir='ltr'><strong>omne</strong></span> <span class='ocrx_word' id='word_1_618' title='bbox 1190 4964 1421 5021; x_wconf 67' lang='lat' dir='ltr'><strong>cilicium</strong></span> <span class='ocrx_word' id='word_1_619' title='bbox 1450 4968 1585 5023; x_wconf 86' lang='lat' dir='ltr'><strong>divi-</strong></span> 
     </span>
    </p>
   </div>
   <div class='ocr_carea' id='block_1_82' title="bbox 26 5049 1583 5121">
    <p class='ocr_par' dir='ltr' id='par_1_82' title="bbox 26 5049 1583 5121">
     <span class='ocr_line' id='line_1_82' title="bbox 26 5049 1583 5121; baseline 0.004 -16"><span class='ocrx_word' id='word_1_620' title='bbox 26 5071 125 5110; x_wconf 80' lang='lat' dir='ltr'><strong>nm</strong></span> <span class='ocrx_word' id='word_1_621' title='bbox 162 5064 287 5106; x_wconf 75' lang='lat' dir='ltr'><strong>tan</strong></span> <span class='ocrx_word' id='word_1_622' title='bbox 312 5052 364 5103; x_wconf 93' lang='lat' dir='ltr'><strong>in</strong></span> <span class='ocrx_word' id='word_1_623' title='bbox 391 5049 477 5103; x_wconf 92' lang='lat' dir='ltr'><strong>die</strong></span> <span class='ocrx_word' id='word_1_624' title='bbox 518 5063 677 5117; x_wconf 88' lang='lat' dir='ltr'><strong>quam</strong></span> <span class='ocrx_word' id='word_1_625' title='bbox 708 5050 759 5102; x_wconf 90' lang='lat' dir='ltr'><strong>in</strong></span> <span class='ocrx_word' id='word_1_626' title='bbox 809 5062 966 5106; x_wconf 86' lang='lat' dir='ltr'><strong>nocte</strong></span> <span class='ocrx_word' id='word_1_627' title='bbox 1008 5052 1075 5107; x_wconf 90' lang='lat' dir='ltr'><strong>de</strong></span> <span class='ocrx_word' id='word_1_628' title='bbox 1116 5053 1225 5121; x_wconf 83' lang='lat' dir='ltr'><strong>ipsa</strong></span> <span class='ocrx_word' id='word_1_629' title='bbox 1252 5054 1341 5109; x_wconf 82' lang='lat' dir='ltr'><strong>die</strong></span> <span class='ocrx_word' id='word_1_630' title='bbox 1393 5058 1583 5112; x_wconf 87' lang='lat' dir='ltr'><strong>natalis</strong></span> 
     </span>
    </p>
   </div>
   <div class='ocr_carea' id='block_1_83' title="bbox 22 5134 1585 5219">
    <p class='ocr_par' dir='ltr' id='par_1_83' title="bbox 22 5134 1585 5219">
     <span class='ocr_line' id='line_1_83' title="bbox 22 5134 1585 5219; baseline 0.002 -21"><span class='ocrx_word' id='word_1_631' title='bbox 22 5134 230 5198; x_wconf 56' lang='lat' dir='ltr'><strong>lumini</strong></span> <span class='ocrx_word' id='word_1_632' title='bbox 263 5149 350 5219; x_wconf 77' lang='lat' dir='ltr'><strong>est</strong></span> <span class='ocrx_word' id='word_1_633' title='bbox 374 5139 692 5194; x_wconf 82' lang='lat' dir='ltr'><strong>canendum.</strong></span> <span class='ocrx_word' id='word_1_634' title='bbox 724 5138 955 5193; x_wconf 86' lang='lat' dir='ltr'><strong>Octabas</strong></span> <span class='ocrx_word' id='word_1_635' title='bbox 999 5141 1205 5194; x_wconf 88' lang='lat' dir='ltr'><strong>Domini</strong></span> <span class='ocrx_word' id='word_1_636' title='bbox 1251 5143 1303 5195; x_wconf 92' lang='lat' dir='ltr'><strong>in</strong></span> <span class='ocrx_word' id='word_1_637' title='bbox 1332 5148 1475 5198; x_wconf 88' lang='lat' dir='ltr'><strong>omni</strong></span> <span class='ocrx_word' id='word_1_638' title='bbox 1503 5147 1585 5201; x_wconf 82' lang='lat' dir='ltr'><strong>ol-</strong></span> 
     </span>
    </p>
   </div>
   <div class='ocr_carea' id='block_1_84' title="bbox 22 5230 1585 5300">
    <p class='ocr_par' dir='ltr' id='par_1_84' title="bbox 22 5230 1585 5300">
     <span class='ocr_line' id='line_1_84' title="bbox 22 5230 1585 5300; baseline 0.003 -11"><span class='ocrx_word' id='word_1_639' title='bbox 22 5241 123 5293; x_wconf 86' lang='lat' dir='ltr'><strong>cio</strong></span> <span class='ocrx_word' id='word_1_640' title='bbox 152 5232 357 5287; x_wconf 84' lang='lat' dir='ltr'><strong>divino</strong></span> <span class='ocrx_word' id='word_1_641' title='bbox 382 5240 535 5285; x_wconf 89' lang='lat' dir='ltr'><strong>nocte</strong></span> <span class='ocrx_word' id='word_1_642' title='bbox 560 5239 615 5285; x_wconf 87' lang='lat' dir='ltr'><strong>et</strong></span> <span class='ocrx_word' id='word_1_643' title='bbox 632 5230 738 5295; x_wconf 84' lang='lat' dir='ltr'><strong>die,</strong></span> <span class='ocrx_word' id='word_1_644' title='bbox 766 5230 952 5285; x_wconf 85' lang='lat' dir='ltr'><strong>ordine</strong></span> <span class='ocrx_word' id='word_1_645' title='bbox 978 5235 1152 5300; x_wconf 88' lang='lat' dir='ltr'><strong>quoin</strong></span> <span class='ocrx_word' id='word_1_646' title='bbox 1184 5236 1342 5289; x_wconf 89' lang='lat' dir='ltr'><strong>natali</strong></span> <span class='ocrx_word' id='word_1_647' title='bbox 1376 5236 1585 5293; x_wconf 89' lang='lat' dir='ltr'><strong>Domini</strong></span> 
     </span>
    </p>
   </div>
   <div class='ocr_carea' id='block_1_85' title="bbox 22 5312 1581 5397">
    <p class='ocr_par' dir='ltr' id='par_1_85' title="bbox 22 5312 1581 5397">
     <span class='ocr_line' id='line_1_85' title="bbox 22 5312 1581 5397; baseline 0.003 -19"><span class='ocrx_word' id='word_1_648' title='bbox 22 5346 39 5378; x_wconf 76' lang='grc' dir='ltr'><strong>ι</strong></span> <span class='ocrx_word' id='word_1_649' title='bbox 58 5321 341 5378; x_wconf 80' lang='lat' dir='ltr'><strong>omnibus</strong></span> <span class='ocrx_word' id='word_1_650' title='bbox 363 5312 695 5376; x_wconf 61' lang='lat' dir='ltr'><strong>observatur.</strong></span> <span class='ocrx_word' id='word_1_651' title='bbox 729 5322 926 5376; x_wconf 88' lang='lat' dir='ltr'><strong>Deinde</strong></span> <span class='ocrx_word' id='word_1_652' title='bbox 948 5338 1115 5392; x_wconf 87' lang='lat' dir='ltr'><strong>usque</strong></span> <span class='ocrx_word' id='word_1_653' title='bbox 1142 5324 1193 5378; x_wconf 91' lang='lat' dir='ltr'><strong>in</strong></span> <span class='ocrx_word' id='word_1_654' title='bbox 1216 5325 1581 5397; x_wconf 80' lang='lat' dir='ltr'><strong>Theophania,</strong></span> 
     </span>
    </p>
   </div>
   <div class='ocr_carea' id='block_1_86' title="bbox 23 5411 1587 5487">
    <p class='ocr_par' dir='ltr' id='par_1_86' title="bbox 23 5411 1587 5487">
     <span class='ocr_line' id='line_1_86' title="bbox 23 5411 1587 5487; baseline 0.001 -14"><span class='ocrx_word' id='word_1_655' title='bbox 23 5429 209 5473; x_wconf 66' lang='lat' dir='ltr'><strong>reter</strong></span> <span class='ocrx_word' id='word_1_656' title='bbox 236 5411 526 5477; x_wconf 63' lang='lat' dir='ltr'><strong>domin‘cis</strong></span> <span class='ocrx_word' id='word_1_657' title='bbox 552 5412 741 5471; x_wconf 84' lang='lat' dir='ltr'><strong>diebus</strong></span> <span class='ocrx_word' id='word_1_658' title='bbox 760 5416 841 5470; x_wconf 85' lang='lat' dir='ltr'><strong>vel</strong></span> <span class='ocrx_word' id='word_1_659' title='bbox 872 5416 1136 5469; x_wconf 87' lang='lat' dir='ltr'><strong>nataliciis</strong></span> <span class='ocrx_word' id='word_1_660' title='bbox 1158 5427 1487 5487; x_wconf 79' lang='lat' dir='ltr'><strong>sanctorum,</strong></span> <span class='ocrx_word' id='word_1_661' title='bbox 1517 5423 1587 5477; x_wconf 88' lang='lat' dir='ltr'><strong>de</strong></span> 
     </span>
    </p>
   </div>
   <div class='ocr_carea' id='block_1_87' title="bbox 22 5501 1585 5580">
    <p class='ocr_par' dir='ltr' id='par_1_87' title="bbox 22 5501 1585 5580">
     <span class='ocr_line' id='line_1_87' title="bbox 22 5501 1585 5580; baseline -0.001 -17"><span class='ocrx_word' id='word_1_662' title='bbox 22 5503 305 5564; x_wconf 80' lang='lat' dir='ltr'><strong>otidianis</strong></span> <span class='ocrx_word' id='word_1_663' title='bbox 322 5501 517 5557; x_wconf 83' lang='lat' dir='ltr'><strong>diebus</strong></span> <span class='ocrx_word' id='word_1_664' title='bbox 533 5513 774 5560; x_wconf 85' lang='lat' dir='ltr'><strong>canetur.</strong></span> <span class='ocrx_word' id='word_1_665' title='bbox 800 5505 976 5560; x_wconf 86' lang='lat' dir='ltr'><strong>Pridie</strong></span> <span class='ocrx_word' id='word_1_666' title='bbox 1004 5504 1365 5575; x_wconf 73' lang='lat' dir='ltr'><strong>TlteOphaniaa</strong></span> <span class='ocrx_word' id='word_1_667' title='bbox 1394 5508 1421 5548; x_wconf 72' lang='grc' dir='ltr'>δ</span> <span class='ocrx_word' id='word_1_668' title='bbox 1444 5510 1585 5580; x_wconf 74' lang='lat' dir='ltr'><strong>jeju-</strong></span> 
     </span>
    </p>
   </div>
   <div class='ocr_carea' id='block_1_88' title="bbox 74 5679 1577 5753">
    <p class='ocr_par' dir='ltr' id='par_1_88' title="bbox 74 5679 1577 5753">
     <span class='ocr_line' id='line_1_88' title="bbox 74 5679 1577 5753; baseline 0.006 -23"><span class='ocrx_word' id='word_1_669' title='bbox 74 5684 290 5753; x_wconf 57' lang='grc' dir='ltr'><strong>,Βίης</strong></span> <span class='ocrx_word' id='word_1_670' title='bbox 334 5679 553 5753; x_wconf 78' lang='lat' dir='ltr'><strong>cnlliges</strong></span> <span class='ocrx_word' id='word_1_671' title='bbox 596 5694 701 5734; x_wconf 85' lang='lat' dir='ltr'><strong>non</strong></span> <span class='ocrx_word' id='word_1_672' title='bbox 732 5682 962 5753; x_wconf 77' lang='lat' dir='ltr'><strong>minores</strong></span> <span class='ocrx_word' id='word_1_673' title='bbox 1002 5680 1214 5753; x_wconf 20' lang='lat' dir='ltr'><strong>Aoblatas</strong></span> <span class='ocrx_word' id='word_1_674' title='bbox 1242 5697 1357 5753; x_wconf 63' lang='grc' dir='ltr'><strong>Δι)ιό</strong></span> <span class='ocrx_word' id='word_1_675' title='bbox 1401 5687 1577 5753; x_wconf 89' lang='lat' dir='ltr'><strong>populi</strong></span> 
     </span>
    </p>
   </div>
   <div class='ocr_carea' id='block_1_89' title="bbox 21 5750 1580 5823">
    <p class='ocr_par' dir='ltr' id='par_1_89' title="bbox 21 5750 1580 5823">
     <span class='ocr_line' id='line_1_89' title="bbox 21 5750 1580 5823; baseline -0.001 -10"><span class='ocrx_word' id='word_1_676' title='bbox 21 5750 401 5823; x_wconf 75' lang='lat' dir='ltr'><strong>ommunione</strong></span> <span class='ocrx_word' id='word_1_677' title='bbox 419 5750 550 5823; x_wconf 75' lang='lat' dir='ltr'><strong>olim</strong></span> <span class='ocrx_word' id='word_1_678' title='bbox 576 5762 913 5807; x_wconf 80' lang='lat' dir='ltr'><strong>consecratas</strong></span> <span class='ocrx_word' id='word_1_679' title='bbox 940 5750 1580 5823; x_wconf 15' lang='lat' dir='ltr'><strong>fuisse,rsedutaxim&#39;as;</strong></span> 
     </span>
    </p>
   </div>
   <div class='ocr_carea' id='block_1_90' title="bbox 22 5819 1449 5890">
    <p class='ocr_par' dir='ltr' id='par_1_90' title="bbox 22 5819 1449 5890">
     <span class='ocr_line' id='line_1_90' title="bbox 22 5819 1449 5890; baseline -0.003 -7"><span class='ocrx_word' id='word_1_680' title='bbox 22 5842 133 5883; x_wconf 79' lang='lat' dir='ltr'><strong>itas</strong></span> <span class='ocrx_word' id='word_1_681' title='bbox 161 5819 388 5877; x_wconf 77' lang='lat' dir='ltr'><strong>diaconi</strong></span> <span class='ocrx_word' id='word_1_682' title='bbox 418 5819 469 5873; x_wconf 92' lang='lat' dir='ltr'><strong>in</strong></span> <span class='ocrx_word' id='word_1_683' title='bbox 495 5821 680 5890; x_wconf 85' lang='lat' dir='ltr'><strong>plures</strong></span> <span class='ocrx_word' id='word_1_684' title='bbox 721 5823 1004 5887; x_wconf 79' lang='lat' dir='ltr'><strong>particulas</strong></span> <span class='ocrx_word' id='word_1_685' title='bbox 1031 5820 1449 5890; x_wconf 81' lang='lat' dir='ltr'><strong>conlringebant.</strong></span> 
     </span>
    </p>
   </div>
   <div class='ocr_carea' id='block_1_91' title="bbox 58 5890 1581 5961">
    <p class='ocr_par' dir='ltr' id='par_1_91' title="bbox 58 5890 1581 5961">
     <span class='ocr_line' id='line_1_91' title="bbox 58 5890 1581 5961; baseline 0.009 -22"><span class='ocrx_word' id='word_1_686' title='bbox 58 5899 101 5939; x_wconf 75' lang='grc' dir='ltr'>ιι</span> <span class='ocrx_word' id='word_1_687' title='bbox 131 5890 420 5961; x_wconf 65' lang='lat' dir='ltr'><strong>Jejuniuro</strong></span> <span class='ocrx_word' id='word_1_688' title='bbox 457 5890 582 5944; x_wconf 79' lang='lat' dir='ltr'><strong>olim</strong></span> <span class='ocrx_word' id='word_1_689' title='bbox 614 5892 670 5944; x_wconf 86' lang='lat' dir='ltr'><strong>in</strong></span> <span class='ocrx_word' id='word_1_690' title='bbox 713 5891 892 5959; x_wconf 77' lang='lat' dir='ltr'><strong>vigilia</strong></span> <span class='ocrx_word' id='word_1_691' title='bbox 944 5891 1253 5961; x_wconf 65' lang='lat' dir='ltr'><strong>Epiphania</strong></span> <span class='ocrx_word' id='word_1_692' title='bbox 1275 5908 1303 5946; x_wconf 88' lang='lat' dir='ltr'><strong>a</strong></span> <span class='ocrx_word' id='word_1_693' title='bbox 1337 5892 1581 5952; x_wconf 75' lang='lat' dir='ltr'><strong>ﬁdelibus</strong></span> 
     </span>
    </p>
   </div>
   <div class='ocr_carea' id='block_1_92' title="bbox 266 5980 800 6048">
    <p class='ocr_par' dir='ltr' id='par_1_92' title="bbox 266 5980 800 6048">
     <span class='ocr_line' id='line_1_92' title="bbox 266 5980 800 6048; baseline 0 -6"><span class='ocrx_word' id='word_1_694' title='bbox 266 5983 530 6048; x_wconf 65' lang='lat' dir='ltr'><strong>Panos.</strong></span> <span class='ocrx_word' id='word_1_695' title='bbox 581 5980 800 6042; x_wconf 60' lang='grc' dir='ltr'><strong>ωινιί.</strong></span> 
     </span>
    </p>
   </div>
   <div class='ocr_carea' id='block_1_93' title="bbox 1679 3409 3245 3480">
    <p class='ocr_par' dir='ltr' id='par_1_93' title="bbox 1679 3409 3245 3480">
     <span class='ocr_line' id='line_1_93' title="bbox 1679 3409 3245 3480; baseline -0.001 -12"><span class='ocrx_word' id='word_1_696' title='bbox 1679 3412 2201 3479; x_wconf 79' lang='lat' dir='ltr'><strong>Judith,E.sthcratque</strong></span> <span class='ocrx_word' id='word_1_697' title='bbox 2215 3410 2635 3465; x_wconf 66' lang='lat' dir='ltr'><strong>Macbabaorum</strong></span> <span class='ocrx_word' id='word_1_698' title='bbox 2668 3423 2833 3480; x_wconf 87' lang='lat' dir='ltr'><strong>usque</strong></span> <span class='ocrx_word' id='word_1_699' title='bbox 2862 3409 3111 3465; x_wconf 88' lang='lat' dir='ltr'><strong>calendas</strong></span> <span class='ocrx_word' id='word_1_700' title='bbox 3142 3411 3245 3466; x_wconf 87' lang='lat' dir='ltr'><strong>De-</strong></span> 
     </span>
    </p>
   </div>
   <div class='ocr_carea' id='block_1_94' title="bbox 1682 3502 1933 3555">
    <p class='ocr_par' dir='ltr' id='par_1_94' title="bbox 1682 3502 1933 3555">
     <span class='ocr_line' id='line_1_94' title="bbox 1682 3502 1933 3555; baseline 0.004 -2"><span class='ocrx_word' id='word_1_701' title='bbox 1682 3516 1797 3555; x_wconf 80' lang='lat' dir='ltr'><strong>cem</strong></span> <span class='ocrx_word' id='word_1_702' title='bbox 1806 3502 1933 3555; x_wconf 88' lang='lat' dir='ltr'><strong>bris.</strong></span> 
     </span>
    </p>
   </div>
   <div class='ocr_carea' id='block_1_95' title="bbox 1702 3584 3273 3672">
    <p class='ocr_par' dir='ltr' id='par_1_95' title="bbox 1702 3584 3273 3672">
     <span class='ocr_line' id='line_1_95' title="bbox 1702 3584 3273 3672; baseline 0.003 -25"><span class='ocrx_word' id='word_1_703' title='bbox 1702 3584 1706 3589; x_wconf 68' lang='grc'><strong>’</strong></span> <span class='ocrx_word' id='word_1_704' title='bbox 1755 3593 1812 3647; x_wconf 89' lang='lat' dir='ltr'><strong>lu</strong></span> <span class='ocrx_word' id='word_1_705' title='bbox 1842 3594 2032 3662; x_wconf 79' lang='lat' dir='ltr'><strong>vigiliis</strong></span> <span class='ocrx_word' id='word_1_706' title='bbox 2058 3595 2297 3647; x_wconf 80' lang='lat' dir='ltr'><strong>omnium</strong></span> <span class='ocrx_word' id='word_1_707' title='bbox 2326 3594 2683 3663; x_wconf 76' lang='lat' dir='ltr'><strong>apostolomm</strong></span> <span class='ocrx_word' id='word_1_708' title='bbox 2712 3604 2767 3649; x_wconf 88' lang='lat' dir='ltr'><strong>et</strong></span> <span class='ocrx_word' id='word_1_709' title='bbox 2795 3607 3096 3651; x_wconf 82' lang='lat' dir='ltr'><strong>ceterorum</strong></span> <span class='ocrx_word' id='word_1_710' title='bbox 3127 3612 3273 3672; x_wconf 27' lang='lat' dir='ltr'><strong>sana.</strong></span> 
     </span>
    </p>
   </div>
   <div class='ocr_carea' id='block_1_96' title="bbox 1685 3685 3249 3754">
    <p class='ocr_par' dir='ltr' id='par_1_96' title="bbox 1685 3685 3249 3754">
     <span class='ocr_line' id='line_1_96' title="bbox 1685 3685 3249 3754; baseline 0.002 -16"><span class='ocrx_word' id='word_1_711' title='bbox 1685 3693 1893 3739; x_wconf 79' lang='lat' dir='ltr'><strong>olorum</strong></span> <span class='ocrx_word' id='word_1_712' title='bbox 1934 3686 2216 3753; x_wconf 85' lang='lat' dir='ltr'><strong>pluralium</strong></span> <span class='ocrx_word' id='word_1_713' title='bbox 2254 3700 2440 3738; x_wconf 83' lang='lat' dir='ltr'><strong>omnes</strong></span> <span class='ocrx_word' id='word_1_714' title='bbox 2477 3686 2734 3754; x_wconf 85' lang='lat' dir='ltr'><strong>jejunium</strong></span> <span class='ocrx_word' id='word_1_715' title='bbox 2767 3685 2988 3741; x_wconf 73' lang='lat' dir='ltr'><strong>faciunt.</strong></span> <span class='ocrx_word' id='word_1_716' title='bbox 3020 3689 3081 3743; x_wconf 78' lang='lat' dir='ltr'><strong>Et</strong></span> <span class='ocrx_word' id='word_1_717' title='bbox 3120 3688 3249 3742; x_wconf 83' lang='lat' dir='ltr'><strong>hora</strong></span> 
     </span>
    </p>
   </div>
   <div class='ocr_carea' id='block_1_97' title="bbox 1687 3780 3250 3849">
    <p class='ocr_par' dir='ltr' id='par_1_97' title="bbox 1687 3780 3250 3849">
     <span class='ocr_line' id='line_1_97' title="bbox 1687 3780 3250 3849; baseline 0.004 -19"><span class='ocrx_word' id='word_1_718' title='bbox 1687 3793 1824 3832; x_wconf 87' lang='lat' dir='ltr'><strong>noua</strong></span> <span class='ocrx_word' id='word_1_719' title='bbox 1852 3781 2029 3836; x_wconf 82' lang='lat' dir='ltr'><strong>natale</strong></span> <span class='ocrx_word' id='word_1_720' title='bbox 2074 3795 2258 3834; x_wconf 86' lang='lat' dir='ltr'><strong>eorum</strong></span> <span class='ocrx_word' id='word_1_721' title='bbox 2300 3780 2687 3849; x_wconf 63' lang='lat' dir='ltr'><strong>prtvenienles</strong></span> <span class='ocrx_word' id='word_1_722' title='bbox 2726 3780 2931 3848; x_wconf 86' lang='lat' dir='ltr'><strong>absque</strong></span> <span class='ocrx_word' id='word_1_723' title='bbox 2972 3780 3152 3835; x_wconf 79' lang='lat' dir='ltr'><strong>Gloria</strong></span> <span class='ocrx_word' id='word_1_724' title='bbox 3199 3785 3250 3836; x_wconf 76' lang='lat' dir='ltr'><strong>ist</strong></span> 
     </span>
    </p>
   </div>
   <div class='ocr_carea' id='block_1_98' title="bbox 1686 3871 3252 3927">
    <p class='ocr_par' dir='ltr' id='par_1_98' title="bbox 1686 3871 3252 3927">
     <span class='ocr_line' id='line_1_98' title="bbox 1686 3871 3252 3927; baseline 0 -2"><span class='ocrx_word' id='word_1_725' title='bbox 1686 3874 1897 3925; x_wconf 69' lang='lat' dir='ltr'><strong>excelsis</strong></span> <span class='ocrx_word' id='word_1_726' title='bbox 1929 3873 2036 3927; x_wconf 83' lang='lat' dir='ltr'><strong>Deo</strong></span> <span class='ocrx_word' id='word_1_727' title='bbox 2065 3884 2118 3926; x_wconf 90' lang='lat' dir='ltr'><strong>et</strong></span> <span class='ocrx_word' id='word_1_728' title='bbox 2140 3871 2355 3926; x_wconf 77' lang='lat' dir='ltr'><strong>alleluia</strong></span> <span class='ocrx_word' id='word_1_729' title='bbox 2381 3874 2661 3925; x_wconf 84' lang='lat' dir='ltr'><strong>missarum</strong></span> <span class='ocrx_word' id='word_1_730' title='bbox 2686 3872 2941 3926; x_wconf 88' lang='lat' dir='ltr'><strong>solemnia</strong></span> <span class='ocrx_word' id='word_1_731' title='bbox 2974 3873 3252 3927; x_wconf 82' lang='lat' dir='ltr'><strong>celebran—</strong></span> 
     </span>
    </p>
   </div>
   <div class='ocr_carea' id='block_1_99' title="bbox 1689 3964 3251 4035">
    <p class='ocr_par' dir='ltr' id='par_1_99' title="bbox 1689 3964 3251 4035">
     <span class='ocr_line' id='line_1_99' title="bbox 1689 3964 3251 4035; baseline -0.001 -15"><span class='ocrx_word' id='word_1_732' title='bbox 1689 3978 1796 4035; x_wconf 88' lang='lat' dir='ltr'><strong>tur,</strong></span> <span class='ocrx_word' id='word_1_733' title='bbox 1840 3976 1896 4021; x_wconf 91' lang='lat' dir='ltr'><strong>et</strong></span> <span class='ocrx_word' id='word_1_734' title='bbox 1938 3968 2047 4034; x_wconf 90' lang='lat' dir='ltr'><strong>ipsa</strong></span> <span class='ocrx_word' id='word_1_735' title='bbox 2093 3976 2249 4019; x_wconf 90' lang='lat' dir='ltr'><strong>nocte</strong></span> <span class='ocrx_word' id='word_1_736' title='bbox 2280 3965 2346 4017; x_wconf 90' lang='lat' dir='ltr'><strong>ad</strong></span> <span class='ocrx_word' id='word_1_737' title='bbox 2384 3964 2589 4034; x_wconf 73' lang='lat' dir='ltr'><strong>vigilias</strong></span> <span class='ocrx_word' id='word_1_738' title='bbox 2635 3965 2911 4034; x_wconf 80' lang='lat' dir='ltr'><strong>passiones</strong></span> <span class='ocrx_word' id='word_1_739' title='bbox 2951 3981 3138 4018; x_wconf 85' lang='lat' dir='ltr'><strong>eorum</strong></span> <span class='ocrx_word' id='word_1_740' title='bbox 3169 3965 3251 4020; x_wconf 86' lang='lat' dir='ltr'><strong>vel</strong></span> 
     </span>
    </p>
   </div>
   <div class='ocr_carea' id='block_1_100' title="bbox 1686 4054 3252 4128">
    <p class='ocr_par' dir='ltr' id='par_1_100' title="bbox 1686 4054 3252 4128">
     <span class='ocr_line' id='line_1_100' title="bbox 1686 4054 3252 4128; baseline 0.001 -17"><span class='ocrx_word' id='word_1_741' title='bbox 1686 4066 1834 4128; x_wconf 82' lang='lat' dir='ltr'><strong>gesta</strong></span> <span class='ocrx_word' id='word_1_742' title='bbox 1868 4056 2134 4125; x_wconf 82' lang='lat' dir='ltr'><strong>leguntur.</strong></span> <span class='ocrx_word' id='word_1_743' title='bbox 2165 4054 2318 4121; x_wconf 85' lang='lat' dir='ltr'><strong>Quod</strong></span> <span class='ocrx_word' id='word_1_744' title='bbox 2364 4054 2406 4107; x_wconf 88' lang='lat' dir='ltr'><strong>si</strong></span> <span class='ocrx_word' id='word_1_745' title='bbox 2431 4054 2482 4109; x_wconf 94' lang='lat' dir='ltr'><strong>in</strong></span> <span class='ocrx_word' id='word_1_746' title='bbox 2517 4054 2786 4110; x_wconf 84' lang='lat' dir='ltr'><strong>Dominica</strong></span> <span class='ocrx_word' id='word_1_747' title='bbox 2819 4057 3055 4110; x_wconf 85' lang='lat' dir='ltr'><strong>natalitia</strong></span> <span class='ocrx_word' id='word_1_748' title='bbox 3088 4072 3252 4112; x_wconf 84' lang='lat' dir='ltr'><strong>vcnc-</strong></span> 
     </span>
    </p>
   </div>
   <div class='ocr_carea' id='block_1_101' title="bbox 1687 4144 3273 4216">
    <p class='ocr_par' dir='ltr' id='par_1_101' title="bbox 1687 4144 3273 4216">
     <span class='ocr_line' id='line_1_101' title="bbox 1687 4144 3273 4216; baseline -0.001 -13"><span class='ocrx_word' id='word_1_749' title='bbox 1687 4151 1795 4203; x_wconf 89' lang='lat' dir='ltr'><strong>rint</strong></span> <span class='ocrx_word' id='word_1_750' title='bbox 1824 4158 1929 4201; x_wconf 89' lang='lat' dir='ltr'><strong>tam</strong></span> <span class='ocrx_word' id='word_1_751' title='bbox 1959 4148 2010 4201; x_wconf 92' lang='lat' dir='ltr'><strong>in</strong></span> <span class='ocrx_word' id='word_1_752' title='bbox 2039 4146 2267 4199; x_wconf 83' lang='lat' dir='ltr'><strong>adventu</strong></span> <span class='ocrx_word' id='word_1_753' title='bbox 2297 4146 2504 4199; x_wconf 89' lang='lat' dir='ltr'><strong>Domini</strong></span> <span class='ocrx_word' id='word_1_754' title='bbox 2533 4160 2689 4215; x_wconf 82' lang='lat' dir='ltr'><strong>quam</strong></span> <span class='ocrx_word' id='word_1_755' title='bbox 2722 4159 2769 4200; x_wconf 93' lang='lat' dir='ltr'><strong>et</strong></span> <span class='ocrx_word' id='word_1_756' title='bbox 2814 4148 2959 4199; x_wconf 88' lang='lat' dir='ltr'><strong>omni</strong></span> <span class='ocrx_word' id='word_1_757' title='bbox 2991 4144 3273 4216; x_wconf 75' lang='lat' dir='ltr'><strong>tempore,</strong></span> 
     </span>
    </p>
   </div>
   <div class='ocr_carea' id='block_1_102' title="bbox 1687 4238 3249 4310">
    <p class='ocr_par' dir='ltr' id='par_1_102' title="bbox 1687 4238 3249 4310">
     <span class='ocr_line' id='line_1_102' title="bbox 1687 4238 3249 4310; baseline 0.002 -20"><span class='ocrx_word' id='word_1_758' title='bbox 1687 4240 1876 4310; x_wconf 75' lang='lat' dir='ltr'><strong>psalmi</strong></span> <span class='ocrx_word' id='word_1_759' title='bbox 1907 4254 2025 4290; x_wconf 89' lang='lat' dir='ltr'><strong>cum</strong></span> <span class='ocrx_word' id='word_1_760' title='bbox 2056 4250 2242 4292; x_wconf 89' lang='lat' dir='ltr'><strong>eorum</strong></span> <span class='ocrx_word' id='word_1_761' title='bbox 2284 4238 2646 4307; x_wconf 83' lang='lat' dir='ltr'><strong>passionibus,</strong></span> <span class='ocrx_word' id='word_1_762' title='bbox 2675 4238 2761 4295; x_wconf 82' lang='lat' dir='ltr'><strong>vel</strong></span> <span class='ocrx_word' id='word_1_763' title='bbox 2785 4239 2947 4306; x_wconf 86' lang='lat' dir='ltr'><strong>gestis</strong></span> <span class='ocrx_word' id='word_1_764' title='bbox 2978 4253 3097 4293; x_wconf 92' lang='lat' dir='ltr'><strong>cum</strong></span> <span class='ocrx_word' id='word_1_765' title='bbox 3134 4253 3249 4293; x_wconf 87' lang='lat' dir='ltr'><strong>res-</strong></span> 
     </span>
    </p>
   </div>
   <div class='ocr_carea' id='block_1_103' title="bbox 1688 4330 3256 4401">
    <p class='ocr_par' dir='ltr' id='par_1_103' title="bbox 1688 4330 3256 4401">
     <span class='ocr_line' id='line_1_103' title="bbox 1688 4330 3256 4401; baseline 0.001 -16"><span class='ocrx_word' id='word_1_766' title='bbox 1688 4331 1953 4401; x_wconf 84' lang='lat' dir='ltr'><strong>ponsoriis</strong></span> <span class='ocrx_word' id='word_1_767' title='bbox 1979 4330 2063 4384; x_wconf 90' lang='lat' dir='ltr'><strong>vel</strong></span> <span class='ocrx_word' id='word_1_768' title='bbox 2092 4331 2360 4385; x_wconf 87' lang='lat' dir='ltr'><strong>antcl&#39;onis</strong></span> <span class='ocrx_word' id='word_1_769' title='bbox 2386 4333 2453 4386; x_wconf 89' lang='lat' dir='ltr'><strong>de</strong></span> <span class='ocrx_word' id='word_1_770' title='bbox 2478 4333 2591 4384; x_wconf 82' lang='lat' dir='ltr'><strong>istis</strong></span> <span class='ocrx_word' id='word_1_771' title='bbox 2632 4331 3014 4399; x_wconf 79' lang='lat' dir='ltr'><strong>pertinentibus</strong></span> <span class='ocrx_word' id='word_1_772' title='bbox 3054 4347 3256 4386; x_wconf 83' lang='lat' dir='ltr'><strong>ranun-</strong></span> 
     </span>
    </p>
   </div>
   <div class='ocr_carea' id='block_1_104' title="bbox 1688 4420 3256 4493">
    <p class='ocr_par' dir='ltr' id='par_1_104' title="bbox 1688 4420 3256 4493">
     <span class='ocr_line' id='line_1_104' title="bbox 1688 4420 3256 4493; baseline -0.001 -17"><span class='ocrx_word' id='word_1_773' title='bbox 1688 4433 1797 4476; x_wconf 92' lang='lat' dir='ltr'><strong>tur.</strong></span> <span class='ocrx_word' id='word_1_774' title='bbox 1822 4423 1879 4478; x_wconf 88' lang='lat' dir='ltr'><strong>Si</strong></span> <span class='ocrx_word' id='word_1_775' title='bbox 1901 4434 2076 4475; x_wconf 87' lang='lat' dir='ltr'><strong>autem</strong></span> <span class='ocrx_word' id='word_1_776' title='bbox 2099 4433 2246 4491; x_wconf 80' lang='lat' dir='ltr'><strong>gesta</strong></span> <span class='ocrx_word' id='word_1_777' title='bbox 2278 4436 2463 4493; x_wconf 89' lang='lat' dir='ltr'><strong>eorum</strong></span> <span class='ocrx_word' id='word_1_778' title='bbox 2488 4420 2793 4486; x_wconf 85' lang='lat' dir='ltr'><strong>minoriuit,</strong></span> <span class='ocrx_word' id='word_1_779' title='bbox 2819 4422 2962 4487; x_wconf 86' lang='lat' dir='ltr'><strong>quod</strong></span> <span class='ocrx_word' id='word_1_780' title='bbox 2993 4437 3045 4475; x_wconf 86' lang='lat' dir='ltr'><strong>tx</strong></span> <span class='ocrx_word' id='word_1_781' title='bbox 3069 4423 3256 4477; x_wconf 88' lang='lat' dir='ltr'><strong>lectio-</strong></span> 
     </span>
    </p>
   </div>
   <div class='ocr_carea' id='block_1_105' title="bbox 1689 4511 3258 4581">
    <p class='ocr_par' dir='ltr' id='par_1_105' title="bbox 1689 4511 3258 4581">
     <span class='ocr_line' id='line_1_105' title="bbox 1689 4511 3258 4581; baseline 0.001 -15"><span class='ocrx_word' id='word_1_782' title='bbox 1689 4514 1844 4568; x_wconf 89' lang='lat' dir='ltr'><strong>nibus</strong></span> <span class='ocrx_word' id='word_1_783' title='bbox 1860 4513 2107 4568; x_wconf 76' lang='lat' dir='ltr'><strong>su‘l‘tcere</strong></span> <span class='ocrx_word' id='word_1_784' title='bbox 2126 4528 2231 4567; x_wconf 91' lang='lat' dir='ltr'><strong>non</strong></span> <span class='ocrx_word' id='word_1_785' title='bbox 2249 4512 2438 4581; x_wconf 85' lang='lat' dir='ltr'><strong>possit,</strong></span> <span class='ocrx_word' id='word_1_786' title='bbox 2457 4511 2509 4565; x_wconf 91' lang='lat' dir='ltr'><strong>in</strong></span> <span class='ocrx_word' id='word_1_787' title='bbox 2536 4511 2705 4565; x_wconf 89' lang='lat' dir='ltr'><strong>tribus</strong></span> <span class='ocrx_word' id='word_1_788' title='bbox 2727 4521 2931 4565; x_wconf 88' lang='lat' dir='ltr'><strong>tantum</strong></span> <span class='ocrx_word' id='word_1_789' title='bbox 2956 4512 3258 4580; x_wconf 59' lang='lat' dir='ltr'><strong>posteribus</strong></span> 
     </span>
    </p>
   </div>
   <div class='ocr_carea' id='block_1_106' title="bbox 1671 4602 3257 4675">
    <p class='ocr_par' dir='ltr' id='par_1_106' title="bbox 1671 4602 3257 4675">
     <span class='ocr_line' id='line_1_106' title="bbox 1671 4602 3257 4675; baseline 0 -16"><span class='ocrx_word' id='word_1_790' title='bbox 1671 4606 2009 4662; x_wconf 86' lang='lat' dir='ltr'><strong>.lcctionibus</strong></span> <span class='ocrx_word' id='word_1_791' title='bbox 2038 4605 2311 4673; x_wconf 70' lang='lat' dir='ltr'><strong>leguntur,</strong></span> <span class='ocrx_word' id='word_1_792' title='bbox 2339 4613 2392 4657; x_wconf 92' lang='lat' dir='ltr'><strong>et</strong></span> <span class='ocrx_word' id='word_1_793' title='bbox 2421 4602 2626 4657; x_wconf 69' lang='lat' dir='ltr'><strong>octabte</strong></span> <span class='ocrx_word' id='word_1_794' title='bbox 2667 4618 2849 4657; x_wconf 89' lang='lat' dir='ltr'><strong>eorum</strong></span> <span class='ocrx_word' id='word_1_795' title='bbox 2876 4620 2997 4658; x_wconf 88' lang='lat' dir='ltr'><strong>cum</strong></span> <span class='ocrx_word' id='word_1_796' title='bbox 3029 4620 3257 4675; x_wconf 62' lang='lat' dir='ltr'><strong>respono</strong></span> 
     </span>
    </p>
   </div>
   <div class='ocr_carea' id='block_1_107' title="bbox 1692 4693 3260 4762">
    <p class='ocr_par' dir='ltr' id='par_1_107' title="bbox 1692 4693 3260 4762">
     <span class='ocr_line' id='line_1_107' title="bbox 1692 4693 3260 4762; baseline -0.001 -9"><span class='ocrx_word' id='word_1_797' title='bbox 1692 4697 1851 4753; x_wconf 86' lang='lat' dir='ltr'><strong>soriis</strong></span> <span class='ocrx_word' id='word_1_798' title='bbox 1876 4699 1956 4752; x_wconf 85' lang='lat' dir='ltr'><strong>vel</strong></span> <span class='ocrx_word' id='word_1_799' title='bbox 1988 4696 2253 4751; x_wconf 79' lang='lat' dir='ltr'><strong>antefonis</strong></span> <span class='ocrx_word' id='word_1_800' title='bbox 2297 4702 2435 4760; x_wconf 87' lang='lat' dir='ltr'><strong>suis,</strong></span> <span class='ocrx_word' id='word_1_801' title='bbox 2466 4693 2748 4749; x_wconf 82' lang='lat' dir='ltr'><strong>missarum</strong></span> <span class='ocrx_word' id='word_1_802' title='bbox 2779 4697 3057 4751; x_wconf 89' lang='lat' dir='ltr'><strong>solemniis</strong></span> <span class='ocrx_word' id='word_1_803' title='bbox 3077 4740 3092 4762; x_wconf 90' lang='lat'><strong>,</strong></span> <span class='ocrx_word' id='word_1_804' title='bbox 3122 4700 3260 4753; x_wconf 86' lang='lat' dir='ltr'><strong>sicut</strong></span> 
     </span>
    </p>
   </div>
   <div class='ocr_carea' id='block_1_108' title="bbox 1691 4785 3256 4855">
    <p class='ocr_par' dir='ltr' id='par_1_108' title="bbox 1691 4785 3256 4855">
     <span class='ocr_line' id='line_1_108' title="bbox 1691 4785 3256 4855; baseline -0.001 -14"><span class='ocrx_word' id='word_1_805' title='bbox 1691 4798 1746 4842; x_wconf 89' lang='lat' dir='ltr'><strong>et</strong></span> <span class='ocrx_word' id='word_1_806' title='bbox 1786 4788 1841 4842; x_wconf 89' lang='lat' dir='ltr'><strong>in</strong></span> <span class='ocrx_word' id='word_1_807' title='bbox 1867 4786 1953 4840; x_wconf 87' lang='lat' dir='ltr'><strong>die</strong></span> <span class='ocrx_word' id='word_1_808' title='bbox 1980 4791 2149 4855; x_wconf 86' lang='lat' dir='ltr'><strong>primo</strong></span> <span class='ocrx_word' id='word_1_809' title='bbox 2194 4785 2507 4839; x_wconf 80' lang='lat' dir='ltr'><strong>festivitates</strong></span> <span class='ocrx_word' id='word_1_810' title='bbox 2545 4800 2729 4838; x_wconf 86' lang='lat' dir='ltr'><strong>eorum</strong></span> <span class='ocrx_word' id='word_1_811' title='bbox 2771 4785 2841 4838; x_wconf 90' lang='lat' dir='ltr'><strong>ita</strong></span> <span class='ocrx_word' id='word_1_812' title='bbox 2891 4786 3256 4841; x_wconf 83' lang='lat' dir='ltr'><strong>celebrantur.</strong></span> 
     </span>
    </p>
   </div>
   <div class='ocr_carea' id='block_1_109' title="bbox 1691 4878 3258 4948">
    <p class='ocr_par' dir='ltr' id='par_1_109' title="bbox 1691 4878 3258 4948">
     <span class='ocr_line' id='line_1_109' title="bbox 1691 4878 3258 4948; baseline 0 -15"><span class='ocrx_word' id='word_1_813' title='bbox 1691 4880 1843 4948; x_wconf 77' lang='lat' dir='ltr'><strong>Quod</strong></span> <span class='ocrx_word' id='word_1_814' title='bbox 1873 4881 1918 4933; x_wconf 69' lang='lat' dir='ltr'><strong>si</strong></span> <span class='ocrx_word' id='word_1_815' title='bbox 1952 4880 2003 4933; x_wconf 94' lang='lat' dir='ltr'><strong>in</strong></span> <span class='ocrx_word' id='word_1_816' title='bbox 2032 4892 2215 4933; x_wconf 88' lang='lat' dir='ltr'><strong>eorum</strong></span> <span class='ocrx_word' id='word_1_817' title='bbox 2241 4884 2455 4931; x_wconf 86' lang='lat' dir='ltr'><strong>octavas</strong></span> <span class='ocrx_word' id='word_1_818' title='bbox 2486 4878 2661 4931; x_wconf 87' lang='lat' dir='ltr'><strong>natale</strong></span> <span class='ocrx_word' id='word_1_819' title='bbox 2689 4888 2993 4933; x_wconf 78' lang='lat' dir='ltr'><strong>sanctorum</strong></span> <span class='ocrx_word' id='word_1_820' title='bbox 3028 4882 3258 4947; x_wconf 81' lang='lat' dir='ltr'><strong>venerit,</strong></span> 
     </span>
    </p>
   </div>
   <div class='ocr_carea' id='block_1_110' title="bbox 1693 4968 3260 5045">
    <p class='ocr_par' dir='ltr' id='par_1_110' title="bbox 1693 4968 3260 5045">
     <span class='ocr_line' id='line_1_110' title="bbox 1693 4968 3260 5045; baseline -0.002 -18"><span class='ocrx_word' id='word_1_821' title='bbox 1693 4972 2027 5045; x_wconf 69' lang='lat' dir='ltr'><strong>praecedente</strong></span> <span class='ocrx_word' id='word_1_822' title='bbox 2056 4968 2143 5022; x_wconf 88' lang='lat' dir='ltr'><strong>die</strong></span> <span class='ocrx_word' id='word_1_823' title='bbox 2183 4978 2397 5022; x_wconf 76' lang='lat' dir='ltr'><strong>octavas</strong></span> <span class='ocrx_word' id='word_1_824' title='bbox 2442 4982 2627 5021; x_wconf 90' lang='lat' dir='ltr'><strong>eorum</strong></span> <span class='ocrx_word' id='word_1_825' title='bbox 2673 4970 3013 5025; x_wconf 74' lang='lat' dir='ltr'><strong>celebrantur</strong></span> <span class='ocrx_word' id='word_1_826' title='bbox 3045 4984 3137 5037; x_wconf 88' lang='lat' dir='ltr'><strong>per</strong></span> <span class='ocrx_word' id='word_1_827' title='bbox 3166 4986 3260 5024; x_wconf 80' lang='lat' dir='ltr'><strong>au-</strong></span> 
     </span>
    </p>
   </div>
   <div class='ocr_carea' id='block_1_111' title="bbox 1693 5054 3260 5125">
    <p class='ocr_par' dir='ltr' id='par_1_111' title="bbox 1693 5054 3260 5125">
     <span class='ocr_line' id='line_1_111' title="bbox 1693 5054 3260 5125; baseline -0.004 -7"><span class='ocrx_word' id='word_1_828' title='bbox 1693 5063 1993 5118; x_wconf 86' lang='lat' dir='ltr'><strong>ctoritatem</strong></span> <span class='ocrx_word' id='word_1_829' title='bbox 2044 5067 2245 5110; x_wconf 69' lang='lat' dir='ltr'><strong>sancta</strong></span> <span class='ocrx_word' id='word_1_830' title='bbox 2292 5054 2531 5125; x_wconf 67' lang='lat' dir='ltr'><strong>Regula.</strong></span> <span class='ocrx_word' id='word_1_831' title='bbox 2581 5056 2735 5111; x_wconf 88' lang='lat' dir='ltr'><strong>Omni</strong></span> <span class='ocrx_word' id='word_1_832' title='bbox 2788 5066 3027 5123; x_wconf 83' lang='lat' dir='ltr'><strong>tempore</strong></span> <span class='ocrx_word' id='word_1_833' title='bbox 3070 5056 3260 5111; x_wconf 81' lang='lat' dir='ltr'><strong>diebus</strong></span> 
     </span>
    </p>
   </div>
   <div class='ocr_carea' id='block_1_112' title="bbox 1689 5144 3261 5218">
    <p class='ocr_par' dir='ltr' id='par_1_112' title="bbox 1689 5144 3261 5218">
     <span class='ocr_line' id='line_1_112' title="bbox 1689 5144 3261 5218; baseline -0.004 -8"><span class='ocrx_word' id='word_1_834' title='bbox 1689 5152 1971 5209; x_wconf 85' lang='lat' dir='ltr'><strong>dominicis</strong></span> <span class='ocrx_word' id='word_1_835' title='bbox 2000 5149 2193 5215; x_wconf 80' lang='lat' dir='ltr'><strong>legitur</strong></span> <span class='ocrx_word' id='word_1_836' title='bbox 2223 5144 2390 5203; x_wconf 87' lang='lat' dir='ltr'><strong>lectio</strong></span> <span class='ocrx_word' id='word_1_837' title='bbox 2408 5149 2468 5203; x_wconf 92' lang='lat' dir='ltr'><strong>S.</strong></span> <span class='ocrx_word' id='word_1_838' title='bbox 2502 5147 2776 5218; x_wconf 77' lang='lat' dir='ltr'><strong>Evangelii</strong></span> <span class='ocrx_word' id='word_1_839' title='bbox 2804 5148 3097 5202; x_wconf 83' lang='lat' dir='ltr'><strong>secundum</strong></span> <span class='ocrx_word' id='word_1_840' title='bbox 3126 5157 3261 5205; x_wconf 90' lang='lat' dir='ltr'><strong>tem-</strong></span> 
     </span>
    </p>
   </div>
   <div class='ocr_carea' id='block_1_113' title="bbox 1691 5236 3262 5316">
    <p class='ocr_par' dir='ltr' id='par_1_113' title="bbox 1691 5236 3262 5316">
     <span class='ocr_line' id='line_1_113' title="bbox 1691 5236 3262 5316; baseline -0.004 -16"><span class='ocrx_word' id='word_1_841' title='bbox 1691 5261 1788 5316; x_wconf 87' lang='lat' dir='ltr'><strong>pus</strong></span> <span class='ocrx_word' id='word_1_842' title='bbox 1815 5257 1921 5313; x_wconf 82' lang='lat' dir='ltr'><strong>quo</strong></span> <span class='ocrx_word' id='word_1_843' title='bbox 1942 5240 2119 5298; x_wconf 81' lang='lat' dir='ltr'><strong>fuerit.</strong></span> <span class='ocrx_word' id='word_1_844' title='bbox 2151 5248 2205 5295; x_wconf 84' lang='lat' dir='ltr'><strong>et</strong></span> <span class='ocrx_word' id='word_1_845' title='bbox 2223 5240 2465 5309; x_wconf 83' lang='lat' dir='ltr'><strong>sequitur</strong></span> <span class='ocrx_word' id='word_1_846' title='bbox 2496 5240 2752 5309; x_wconf 84' lang='lat' dir='ltr'><strong>hymnum</strong></span> <span class='ocrx_word' id='word_1_847' title='bbox 2786 5238 2854 5291; x_wconf 88' lang='lat' dir='ltr'><strong>Te</strong></span> <span class='ocrx_word' id='word_1_848' title='bbox 2883 5236 3052 5291; x_wconf 82' lang='lat' dir='ltr'><strong>Deam</strong></span> <span class='ocrx_word' id='word_1_849' title='bbox 3074 5238 3262 5294; x_wconf 73' lang='lat' dir='ltr'><strong>lauda-</strong></span> 
     </span>
    </p>
   </div>
   <div class='ocr_carea' id='block_1_114' title="bbox 1691 5328 3261 5401">
    <p class='ocr_par' dir='ltr' id='par_1_114' title="bbox 1691 5328 3261 5401">
     <span class='ocr_line' id='line_1_114' title="bbox 1691 5328 3261 5401; baseline -0.009 -11"><span class='ocrx_word' id='word_1_850' title='bbox 1691 5351 1822 5397; x_wconf 73' lang='lat' dir='ltr'><strong>mus,</strong></span> <span class='ocrx_word' id='word_1_851' title='bbox 1856 5342 1910 5387; x_wconf 88' lang='lat' dir='ltr'><strong>et</strong></span> <span class='ocrx_word' id='word_1_852' title='bbox 1930 5345 2143 5386; x_wconf 90' lang='lat' dir='ltr'><strong>versum</strong></span> <span class='ocrx_word' id='word_1_853' title='bbox 2175 5344 2296 5385; x_wconf 87' lang='lat' dir='ltr'><strong>cum</strong></span> <span class='ocrx_word' id='word_1_854' title='bbox 2345 5328 2505 5399; x_wconf 78' lang='lat' dir='ltr'><strong>Kyrie</strong></span> <span class='ocrx_word' id='word_1_855' title='bbox 2529 5331 2717 5383; x_wconf 76' lang='lat' dir='ltr'><strong>eleison</strong></span> <span class='ocrx_word' id='word_1_856' title='bbox 2738 5337 2793 5381; x_wconf 89' lang='lat' dir='ltr'><strong>et</strong></span> <span class='ocrx_word' id='word_1_857' title='bbox 2823 5328 3082 5382; x_wconf 88' lang='lat' dir='ltr'><strong>liniuntur</strong></span> <span class='ocrx_word' id='word_1_858' title='bbox 3111 5328 3261 5401; x_wconf 79' lang='lat' dir='ltr'><strong>Vigi-</strong></span> 
     </span>
    </p>
   </div>
   <div class='ocr_carea' id='block_1_115' title="bbox 1688 5417 3264 5488">
    <p class='ocr_par' dir='ltr' id='par_1_115' title="bbox 1688 5417 3264 5488">
     <span class='ocr_line' id='line_1_115' title="bbox 1688 5417 3264 5488; baseline -0.002 -9"><span class='ocrx_word' id='word_1_859' title='bbox 1688 5427 1792 5479; x_wconf 72' lang='lat' dir='ltr'><strong>lite.</strong></span> <span class='ocrx_word' id='word_1_860' title='bbox 1814 5422 2084 5477; x_wconf 77' lang='lat' dir='ltr'><strong>Matutinis</strong></span> <span class='ocrx_word' id='word_1_861' title='bbox 2107 5437 2234 5475; x_wconf 80' lang='lat' dir='ltr'><strong>vero</strong></span> <span class='ocrx_word' id='word_1_862' title='bbox 2256 5418 2497 5475; x_wconf 82' lang='lat' dir='ltr'><strong>laudibus</strong></span> <span class='ocrx_word' id='word_1_863' title='bbox 2517 5418 2708 5474; x_wconf 84' lang='lat' dir='ltr'><strong>diebus</strong></span> <span class='ocrx_word' id='word_1_864' title='bbox 2728 5417 3039 5483; x_wconf 83' lang='lat' dir='ltr'><strong>dominicis,</strong></span> <span class='ocrx_word' id='word_1_865' title='bbox 3064 5434 3264 5488; x_wconf 75' lang='lat' dir='ltr'><strong>praeter</strong></span> 
     </span>
    </p>
   </div>
   <div class='ocr_carea' id='block_1_116' title="bbox 1691 5508 3258 5582">
    <p class='ocr_par' dir='ltr' id='par_1_116' title="bbox 1691 5508 3258 5582">
     <span class='ocr_line' id='line_1_116' title="bbox 1691 5508 3258 5582; baseline 0 -16"><span class='ocrx_word' id='word_1_866' title='bbox 1691 5514 2119 5581; x_wconf 74' lang='lat' dir='ltr'><strong>Quadragesitnze</strong></span> <span class='ocrx_word' id='word_1_867' title='bbox 2140 5526 2261 5582; x_wconf 88' lang='lat' dir='ltr'><strong>cum</strong></span> <span class='ocrx_word' id='word_1_868' title='bbox 2279 5508 2498 5563; x_wconf 72' lang='lat' dir='ltr'><strong>Alleluia</strong></span> <span class='ocrx_word' id='word_1_869' title='bbox 2522 5514 2647 5561; x_wconf 81' lang='lat' dir='ltr'><strong>sunt</strong></span> <span class='ocrx_word' id='word_1_870' title='bbox 2668 5508 2919 5567; x_wconf 85' lang='lat' dir='ltr'><strong>canendi.</strong></span> <span class='ocrx_word' id='word_1_871' title='bbox 2945 5508 3054 5564; x_wconf 81' lang='lat' dir='ltr'><strong>Una</strong></span> <span class='ocrx_word' id='word_1_872' title='bbox 3079 5523 3258 5567; x_wconf 87' lang='lat' dir='ltr'><strong>autem</strong></span> 
     </span>
    </p>
   </div>
   <div class='ocr_carea' id='block_1_117' title="bbox 1686 5683 3261 5752">
    <p class='ocr_par' dir='ltr' id='par_1_117' title="bbox 1686 5683 3261 5752">
     <span class='ocr_line' id='line_1_117' title="bbox 1686 5683 3261 5752; baseline 0.003 -15"><span class='ocrx_word' id='word_1_873' title='bbox 1686 5686 2023 5739; x_wconf 88' lang='lat' dir='ltr'><strong>observatum</strong></span> <span class='ocrx_word' id='word_1_874' title='bbox 2048 5685 2209 5741; x_wconf 74' lang='lat' dir='ltr'><strong>fuisse</strong></span> <span class='ocrx_word' id='word_1_875' title='bbox 2233 5684 2485 5752; x_wconf 78' lang='lat' dir='ltr'><strong>singulari</strong></span> <span class='ocrx_word' id='word_1_876' title='bbox 2512 5684 2687 5739; x_wconf 87' lang='lat' dir='ltr'><strong>libello</strong></span> <span class='ocrx_word' id='word_1_877' title='bbox 2712 5683 3102 5738; x_wconf 86' lang='lat' dir='ltr'><strong>demonstravit</strong></span> <span class='ocrx_word' id='word_1_878' title='bbox 3132 5686 3261 5742; x_wconf 88' lang='lat' dir='ltr'><strong>olim</strong></span> 
     </span>
    </p>
   </div>
   <div class='ocr_carea' id='block_1_118' title="bbox 1688 5754 3263 5818">
    <p class='ocr_par' dir='ltr' id='par_1_118' title="bbox 1688 5754 3263 5818">
     <span class='ocr_line' id='line_1_118' title="bbox 1688 5754 3263 5818; baseline -0.003 -7"><span class='ocrx_word' id='word_1_879' title='bbox 1688 5756 1960 5811; x_wconf 63' lang='lat' dir='ltr'><strong>Johattnes</strong></span> <span class='ocrx_word' id='word_1_880' title='bbox 1985 5754 2089 5810; x_wconf 89' lang='lat' dir='ltr'><strong>Des</strong></span> <span class='ocrx_word' id='word_1_881' title='bbox 2114 5755 2291 5818; x_wconf 82' lang='lat' dir='ltr'><strong>Lions,</strong></span> <span class='ocrx_word' id='word_1_882' title='bbox 2320 5756 2551 5809; x_wconf 78' lang='lat' dir='ltr'><strong>decanos</strong></span> <span class='ocrx_word' id='word_1_883' title='bbox 2577 5755 2818 5810; x_wconf 70' lang='lat' dir='ltr'><strong>ecclesite</strong></span> <span class='ocrx_word' id='word_1_884' title='bbox 2841 5755 3263 5809; x_wconf 65' lang='lat' dir='ltr'><strong>Silvauecteusis</strong></span> 
     </span>
    </p>
   </div>
   <div class='ocr_carea' id='block_1_119' title="bbox 1689 5824 3266 5897">
    <p class='ocr_par' dir='ltr' id='par_1_119' title="bbox 1689 5824 3266 5897">
     <span class='ocr_line' id='line_1_119' title="bbox 1689 5824 3266 5897; baseline 0 -16"><span class='ocrx_word' id='word_1_885' title='bbox 1689 5827 1943 5897; x_wconf 78' lang='lat' dir='ltr'><strong>adversus</strong></span> <span class='ocrx_word' id='word_1_886' title='bbox 1982 5826 2666 5897; x_wconf 39' lang='lat' dir='ltr'><strong>proithanas‘quorutudam</strong></span> <span class='ocrx_word' id='word_1_887' title='bbox 2696 5824 3108 5895; x_wconf 76' lang='lat' dir='ltr'><strong>superstitiones</strong></span> <span class='ocrx_word' id='word_1_888' title='bbox 3137 5864 3152 5891; x_wconf 86' lang='lat'><strong>,</strong></span> <span class='ocrx_word' id='word_1_889' title='bbox 3172 5827 3266 5897; x_wconf 83' lang='lat' dir='ltr'><strong>qui</strong></span> 
     </span>
    </p>
   </div>
   <div class='ocr_carea' id='block_1_120' title="bbox 1693 5889 2705 5964">
    <p class='ocr_par' dir='ltr' id='par_1_120' title="bbox 1693 5889 2705 5964">
     <span class='ocr_line' id='line_1_120' title="bbox 1693 5889 2705 5964; baseline 0.001 -15"><span class='ocrx_word' id='word_1_890' title='bbox 1693 5898 1825 5951; x_wconf 81' lang='lat' dir='ltr'><strong>lianc</strong></span> <span class='ocrx_word' id='word_1_891' title='bbox 1852 5889 1997 5950; x_wconf 81' lang='lat' dir='ltr'><strong>diem</strong></span> <span class='ocrx_word' id='word_1_892' title='bbox 2026 5889 2381 5964; x_wconf 71' lang='lat' dir='ltr'><strong>potationibus</strong></span> <span class='ocrx_word' id='word_1_893' title='bbox 2410 5896 2705 5955; x_wconf 79' lang='lat' dir='ltr'><strong>insumunt.</strong></span> 
     </span>
    </p>
   </div>
   <div class='ocr_carea' id='block_1_121' title="bbox 2715 5992 2793 6055">
    <p class='ocr_par' dir='ltr' id='par_1_121' title="bbox 2715 5992 2793 6055">
     <span class='ocr_line' id='line_1_121' title="bbox 2715 5992 2793 6055; baseline 0.026 -2"><span class='ocrx_word' id='word_1_894' title='bbox 2715 5992 2793 6055; x_wconf 72' lang='grc'><strong>32</strong></span> 
     </span>
    </p>
   </div>
  </div>
