3886 6344
393 353 503 411 191
1390 352 1453 413 S.
1498 348 1920 414 FULGENTII
1966 344 2317 408 EPISCOPI
2369 347 2795 412 RUSPENSIS
3634 360 3726 423 193

384 488 718 559 adoptionis
739 489 968 553 divina,
1001 490 1153 560 quod
1189 493 1466 559 operatus
1494 492 1580 543 est
1613 486 1788 542 etiam
1822 487 1879 540 in
1904 484 2024 539 illis
2056 485 2109 550 Α
2138 483 2197 538 in
2219 484 2343 539 sola
2363 486 2652 543 catholica
2685 488 2937 546 Ecclesia
2963 508 3065 563 per
3109 494 3720 566 manusimpositionem

378 575 2035 650 quiinlibroActuumapostoloruminveniuntureumdem
2146 574 2532 643 daridicitur,
2567 578 2847 635 nimirum
2907 582 3015 637 hoc
3054 583 3297 654 intelligi
3330 589 3560 653 majores
3582 589 3728 643 nostri

377 666 662 737 Spiritum
687 668 1090 737 accepisse.De
1116 668 1332 738 quibus
1348 667 1565 721 dicitur
1599 682 1613 722 :
1649 664 2037 719 Multitudinis
2145 662 2457 719 voluerunt
2499 668 2656 736 quod
2683 669 3033 739 Apostolus:
3056 673 3138 727 ait
3167 673 3428 740 Quoniam
3454 677 3633 731 caritas
3660 678 3732 732 Det

376 761 563 811 autem
590 756 937 811 credentium
961 766 1078 811 erat
1094 773 1187 812 cor
1205 766 1257 810 et
1281 757 1474 810 anima
1504 772 1616 809 una
1648 755 1787 823 (Act.
1824 754 2032 820 1v,32):
2147 754 2352 824 diﬂusa
2382 764 2460 809 est
2490 758 2551 811 in
2581 757 2835 813 cordibus
2874 761 3097 826 nostris,
3123 778 3214 830 per
3240 762 3503 833 Spiritum
3522 774 3732 820 sanctum

384 862 568 901 unum
601 845 759 899 enim
786 861 885 899 cor
904 846 1231 900 etanimam
1263 847 1473 899 fecerat
1497 843 1891 897 multitudinis
1914 858 2036 896 cre-
2147 843 2247 912 qui
2271 845 2438 898 datus
2495 855 2577 900 est
2625 849 2802 903 nobis.
2837 871 2864 897 ››
2903 849 3335 922 Subsequenter
3353 856 3535 907 autem
3570 853 3731 924 etiam,

384 934 648 989 dentium
675 934 731 987 in
761 935 870 988 Deo
895 934 995 1005 qui
1031 933 1215 988 Patris
1243 941 1299 988 et
1319 932 1449 988 Filii
1475 950 1628 987 unus
1651 938 1739 985 est
1761 932 2039 1002 Spiritus,
2149 933 2302 1002 quod
2327 931 2513 987 Judas
2536 935 2839 1006 apostolus
2862 938 2920 991 in
2944 937 3200 1009 Epistula
3229 956 3332 994 sua
3350 940 3731 1009 posuit,remoto

385 1029 598 1079 etcum
635 1022 795 1078 Patre
818 1039 883 1077 ac
912 1022 1051 1077 Filio
1082 1039 1238 1077 unus
1268 1029 1358 1076 est
1408 1027 1572 1076 Deus.
1607 1020 1768 1076 Unde
1812 1026 1870 1074 et
1902 1023 2039 1088 Apo-
2150 1020 2534 1077 dubitationis
2548 1024 3103 1096 ambiguo,sanctus
3127 1029 3737 1100 Augustinusexposuit.

387 1111 574 1168 stolus
588 1111 738 1166 hanc
752 1110 1074 1181 spiritalem
1109 1112 1391 1166 unitatem
1417 1112 1472 1164 in
1496 1110 1730 1165 vinculo
1748 1109 1906 1181 pacis
1920 1109 2037 1164 sol-
2145 1108 2332 1164 Judas
2352 1110 2508 1166 enim
2538 1115 2841 1183 apostolus
2864 1114 3007 1169 dicit
3030 1117 3128 1171 :Hi
3145 1117 3388 1188 suntqui
3407 1121 3663 1188 segregant
3679 1135 3740 1174 se-

386 1198 545 1254 licite
568 1198 709 1254 dicit
760 1215 889 1254 esse
930 1200 1302 1267 servandam,
1338 1200 1420 1253 sic
1447 1199 1727 1268 Ephesios
1749 1214 1993 1253 monens
2022 1213 2034 1250 :
2146 1197 2423 1271 melipsos,
2449 1203 2735 1271 animales,
2760 1204 3034 1274 Spiritum
3063 1223 3173 1260 non
3199 1206 3467 1261 habentes.
3494 1209 3552 1261 Et
3575 1209 3739 1264 beatus

388 1289 624 1347 Obsecro
674 1290 865 1359 itaque
883 1304 976 1343 vos
1013 1304 1107 1356 ego
1138 1290 1355 1343 vinctus
1408 1287 1470 1341 in
1510 1288 1759 1347 Domino.
1792 1296 1849 1341 ut
1879 1287 2039 1357 digne
2154 1286 2512 1358 Augustinus
2530 1289 2602 1345 de
2622 1292 2863 1346 caritate
2882 1293 3005 1361 Dei,
3028 1310 3157 1365 quae
3180 1295 3388 1350 diffusa
3415 1300 3498 1349 est
3516 1295 3566 1349 in
3586 1297 3740 1351 cordi-

386 1378 683 1433 ambuletis
716 1380 1001 1432 vocatione
1030 1394 1137 1448 qua
1166 1382 1339 1432 vocati
1364 1380 1510 1441 estis,
1541 1393 1663 1431 cum
1690 1377 1845 1430 omni
1866 1375 2040 1431 humi-
2147 1374 2259 1429 bus
2283 1376 2496 1431 nostris
2520 1394 2621 1448 per
2640 1379 2920 1450 Spiritum
2940 1389 3232 1448 sanctum,
3264 1383 3361 1454 qui
3383 1383 3544 1438 datus
3560 1388 3637 1438 est
3653 1401 3735 1439 no-

388 1467 543 1522 litote
571 1469 627 1521 et
656 1465 1100 1527 mansuetudine,
1143 1482 1267 1520 cum
1314 1468 1599 1536 patientia,
1651 1471 2038 1537 supportantes
2149 1462 2239 1517 bis
2256 1463 2399 1519 dicit
2424 1482 2436 1519 :
2471 1488 2498 1513 ‹‹
2536 1468 2667 1537 lpsa
2687 1472 2775 1522 est
2805 1470 2962 1523 enim
2986 1470 3202 1524 caritas
3232 1486 3405 1541 quam
3437 1486 3542 1525 non
3564 1470 3743 1525 habent

385 1557 619 1610 invicem
641 1556 697 1609 in
728 1553 1221 1620 caritate,solliciti
1247 1570 1467 1609 seruare
1495 1556 1767 1609 unitatem
1798 1554 2039 1624 Spiritus
2149 1554 2334 1623 quiab
2351 1554 2617 1610 Ecclesiae
2632 1556 2928 1612 catholicis
2943 1559 3347 1614 communione
3362 1560 3569 1630 praecisi
3582 1564 3741 1614 sunt.»

388 1646 450 1700 in
477 1643 695 1699 vinculo
713 1645 892 1713 pacis,
924 1660 1097 1697 unum
1122 1658 1318 1712 corpus
1338 1654 1390 1697 et
1418 1659 1560 1697 unus
1588 1642 2035 1713 spiritustEphes.
2149 1648 2238 1696 An
2261 1644 2578 1714 quisquam
2604 1645 2873 1702 dicturus
2892 1647 3168 1717 est,aliud
3190 1649 3591 1719 esseSpiritum
3611 1663 3742 1703 sanc-

390 1750 467 1801 IV,
504 1735 576 1801 l),
610 1732 773 1789 Hunc
793 1731 1075 1803 Spiritum
1101 1731 1453 1787 discedendo
1494 1733 1797 1798 amittunt,
1832 1733 1879 1787 si
1906 1732 2038 1802 quis
2148 1736 2274 1786 tum
2302 1749 2402 1804 per
2422 1750 2630 1790 manus
2651 1734 3087 1807 impositionem
3113 1737 3484 1793 redeuntibus
3504 1737 3741 1792 haereticis

391 1827 493 1878 aut
526 1822 769 1892 perfidia
788 1819 1108 1892 depravati,
1161 1820 1259 1875 88
1291 1826 1391 1875 aut
1420 1821 1698 1891 superbia
1729 1821 1937 1885 inﬂati,
1966 1824 2037 1877 ab
2071 1850 2118 1914 Β
2151 1820 2298 1884 dari,
2332 1837 2506 1892 quam
2532 1823 2778 1889 spiritali
2800 1823 3085 1880 sacrificio
3116 1824 3400 1880 divinitus
3427 1823 3629 1878 tribui?
3652 1827 3740 1879 Hoc

392 1911 616 1966 unitate
638 1909 901 1979 corporis
928 1910 1201 1965 Ecclesiae
1242 1916 1643 1981 segregantur.
1672 1912 1827 1975 Quos
1854 1910 2041 1965 Judas
2077 1909 2110 1914 ⁷
2150 1913 2344 1963 autem
2370 1909 2690 1980 quisentit,
2712 1916 2815 1966 aut
2843 1913 3005 1978 dicit,
3026 1914 3285 1983 profecto
3299 1913 3547 1967 nondum
3567 1911 3741 1967 intellio

390 2000 690 2071 apostolus
728 1998 856 2053 sine
899 1998 1009 2053 hoc
1036 1998 1253 2069 Spiritu
1282 2015 1410 2054 esse
1440 2000 1737 2053 evidenter
1767 2001 2043 2063 ostendit,
2151 1994 2255 2066 git,
2307 1997 2560 2066 qualiter
2611 2002 2961 2069 semetipsos
2991 2000 3309 2055 exhibeant
3334 1999 3571 2055 hostiam
3596 1998 3743 2054 vivam

390 2090 628 2143 dicens:
680 2088 748 2141 Hi
775 2095 905 2141 sunt
933 2088 1030 2158 qui
1058 2095 1346 2157 segregant
1377 2091 1709 2156 semetipsos,
1740 2086 2045 2151 animales,
2150 2090 2435 2153 sanctam,
2474 2089 2583 2141 Deo
2619 2088 2966 2158 placentem,
2995 2089 3047 2144 si
3078 2091 3177 2161 qui
3211 2088 3684 2145 schismaticorum
3709 2094 3749 2141 et

392 2177 665 2247 Spiritum
691 2192 800 2230 non
831 2175 1089 2231 habentes
1120 2178 1265 2243 (Iud.
1295 2176 1400 2247 19).
1434 2175 1502 2229 Hi
1533 2177 1687 2229 enim
1722 2176 1861 2246 quia
1920 2177 2044 2230 ani-
2154 2173 2581 2243 haereticorum,
2609 2178 2970 2233 mortiferum
3007 2178 3402 2250 relinquentes
3422 2195 3667 2238 errorem.
3692 2179 3747 2232 ad

401 2268 585 2322 males
603 2271 764 2330 sunt,
786 2266 915 2320 ideo
944 2264 1224 2335 Spiritum
1255 2281 1369 2319 non
1386 2265 1874 2336 habent.Propter
1893 2266 2051 2337 quod
2159 2264 2457 2320 catholicae
2471 2267 2735 2322 veritatis
2753 2268 3000 2323 redeunt
3032 2268 3344 2334 unitatem,
3377 2268 3474 2322 ubi
3494 2268 3747 2323 offerentes

397 2358 615 2412 Paulus
646 2354 948 2424 apostolus
969 2353 1110 2407 dicit
1135 2370 1148 2408 :
1182 2354 1458 2408 Animalis
1488 2354 1647 2408 homo
1676 2370 1782 2409 non
1808 2356 2053 2425 percipit
2156 2354 2510 2410 sacrificium
2527 2355 2643 2410 Deo
2657 2356 3401 2425 spiritumcontribulatum
3422 2356 3523 2429 ipsi
3544 2361 3664 2411 sunt
3682 2356 3753 2409 lio-

404 2459 530 2518 quae
556 2446 684 2498 sunt
713 2443 966 2511 Spiritus
988 2442 1084 2496 Dei
1105 2442 1149 2510 (1
1168 2441 1287 2495 Cor.
1317 2458 1378 2506 ιι,
1411 2442 1520 2512 id).
1553 2442 1724 2498 Tales
1752 2444 1948 2514 itaque
1970 2444 2052 2497 fa-
2156 2444 2270 2498 stia
2295 2445 2444 2510 viva;
2474 2449 2699 2509 sancta,
2747 2445 2983 2515 placens
3008 2446 3107 2500 89
3136 2451 3273 2501 Deo.
3299 2446 3441 2509 Quia
3465 2461 3553 2517 per
3579 2445 3751 2499 contri-

406 2534 547 2589 ciles
570 2537 710 2586 sunt
731 2532 801 2585 ad
830 2529 1347 2601 divisionem,quia
1365 2532 1646 2600 Spiritum
1672 2549 1785 2587 non
1816 2533 2051 2601 habent,
2156 2532 2373 2587 tionem
2394 2532 2712 2587 humilitati
2728 2534 2994 2589 cordisin
3015 2536 3303 2589 unitatem
3321 2537 3755 2589 membrorum-e-

404 2622 463 2677 in
487 2638 604 2693 quo
628 2636 741 2673 uno
768 2618 1254 2672 membraChristi
1289 2636 1484 2674 caram
1516 2627 1753 2675 servant
1775 2620 2052 2691 spiritali-
2159 2625 2342 2678 deunt
2373 2620 2534 2677 illius
2556 2623 2875 2678 sacerdotis
2898 2623 3001 2693 qui
3033 2623 3240 2678 dilexit
3295 2640 3421 2690 nos,
3469 2622 3607 2678 sicut
3648 2621 3756 2676 dicit

406 2719 492 2765 ter
515 2713 818 2763 unitatem.
846 2706 1009 2762 Unde
1035 2707 1413 2762 manifestum
1438 2710 1693 2779 estapud
1709 2726 1913 2764 omnes
1939 2710 2056 2764 hae-
2165 2710 2475 2779 Apostolus
2508 2728 2520 2764 :
2554 2713 2628 2764 Et
2658 2710 2859 2766 obtulit
2887 2711 3238 2782 semetipsum
3269 2729 3369 2781 pro
3399 2714 3545 2767 nobis
3569 2710 3753 2765 oblatio-

406 2799 617 2854 reticos
635 2796 891 2867 Spiritus
925 2796 1108 2850 sancti
1131 2796 1377 2868 gratiam
1400 2814 1512 2851 non
1536 2813 1686 2862 esse,
1719 2814 1823 2853 nec
1854 2815 2054 2854 eorum
2162 2816 2290 2855 nem
2318 2803 2367 2853 et
2398 2798 2635 2853 hostium
2664 2800 2767 2853 Deo
2798 2817 2860 2854 in
2889 2799 3104 2854 odorem
3124 2800 3417 2855 suavitatis
3447 2800 3640 2870 (Ephes.
3666 2797 3752 2864 v,2.

408 2884 988 2954 sacriﬁcia,quandiu
1015 2882 1266 2939 haeretici
1291 2893 1452 2950 sunt,
1473 2902 1641 2954 posse
1663 2886 1777 2942 Deo
1812 2886 2059 2956 placere,
2164 2889 2443 2945 Utautem
2464 2888 3045 2961 redeantetspiritale
3059 2890 3416 2945 sacriﬁcium
3435 2887 3754 2957 fiant,caritss

406 2989 596 3046 neque
625 2971 905 3042 spiritalis
919 2974 1117 3041 gratiae
1134 2974 2067 3046 sanctilicationemsacriﬁciiseo-
2167 2978 2265 3033 Dei
2293 2976 2423 3030 facit
2442 2993 2567 3046 quae
2594 2977 2808 3032 diffusa
2828 2983 2918 3032 est
2939 2978 2994 3031 in
3020 2978 3295 3033 cordibus
3315 2979 3636 3049 nostris,per
3659 2974 3757 3046 Spi-

405 3079 537 3118 rum
562 3062 740 3117 tribui
764 3060 864 3133 qui
882 3061 1135 3116 offerunt
1154 3063 1227 3115 ab
1254 3063 1634 3118 ecclesiastici
1653 3066 1913 3135 corporis
1931 3069 2063 3122 uni-
2170 3067 2347 3121 ritum
2366 3070 2631 3120 sanctum
2660 3067 2759 3138 qui
2784 3067 2955 3121 datus
2973 3066 3266 3123 estnobis.
3289 3067 3479 3123 Solius
3496 3066 3667 3137 itaque
3683 3080 3755 3119 ca-

401 3156 522 3206 tate
543 3150 820 3219 disjuncti
853 3149 1075 3205 :solius
1098 3149 1253 3204 enim
1270 3150 1539 3207 Ecclesite
1570 3152 1724 3207 Deus
1738 3153 2060 3211 delectatur
2099 3212 2129 3219 _
2171 3155 2398 3211 tholicaa
2422 3155 2682 3210 veritatis
2728 3161 2785 3210 et
2821 3156 3258 3211 communionis
3281 3157 3616 3212 sacriﬁcium
3646 3158 3757 3208 Deus

401 3212 727 3303 sacrificiis,
749 3239 1177 3311 quassacriticia
1196 3241 1293 3309 (al.
1326 3257 1504 3312 quam
1530 3244 1907 3311 sect-ilicium)
1938 3250 2054 3301 lieo
2088 3212 2129 3276 Ο
2166 3243 2416 3299 libenter
2435 3244 2648 3313 accipit
2680 3260 2693 3297 :
2717 3244 2852 3315 quia
2874 3245 3015 3300 dum
3039 3246 3349 3301 caritatem
3373 3261 3534 3299 suam
3557 3260 3644 3315 per
3660 3241 3758 3312 Spi-

402 3330 749 3386 facitunitas
762 3328 1378 3399 spiritalis:unde(ubi
1392 3334 1448 3384 et
1462 3331 1593 3385 lidei
1610 3332 2053 3389 veritasnullam
2165 3333 2342 3388 ritum
2361 3333 2921 3388 sanctumdiﬂ‘usam
2943 3334 3001 3388 in
3027 3349 3092 3388 ea
3113 3335 3583 3406 ouotodit,ipsam
3607 3331 3758 3387 Eccle-

402 3419 586 3475 credit
607 3417 665 3472 in
688 3418 969 3473 Trinitate
987 3418 1358 3482 distantiam,
1380 3424 1436 3472 et
1453 3421 1611 3489 pacis
1637 3421 1919 3477 tenacitas
1938 3425 2053 3477 l'ra-
2164 3422 2312 3477 siam
2334 3422 2443 3475 sibi
2460 3429 2685 3488 gratum
2703 3422 3054 3478 sacrificium
3075 3423 3563 3495 facit,quaaipsum
3576 3436 3760 3489 semper

404 3512 633 3563 ternam
667 3511 855 3561 servat
890 3508 946 3560 in
980 3506 1217 3561 caritate
1251 3509 1643 3564 concordiam.
2165 3512 2353 3582 poscit
2374 3511 2621 3581 gratiam
2646 3511 2930 3582 spiritalis
2950 3513 3215 3567 caritatis
3238 3514 3495 3580 accipere
3514 3528 3604 3583 per
3620 3523 3757 3581 quam

408 3606 573 3656 CAPUT
601 3617 689 3654 xu.
747 3604 951 3652 Caritas
997 3605 1097 3652 Dei
1150 3604 1344 3669 (li/fusa
1401 3610 1475 3655 est
1509 3608 1563 3655 in
1592 3607 1832 3657 cordibus
1865 3611 2057 3659 nostris
2167 3617 2228 3655 se
2252 3600 2439 3669 poscit
2464 3600 2708 3654 hostiam
2754 3601 2968 3663 vivam,
3020 3607 3314 3671 sanctam,
3346 3601 3459 3657 Deo
3493 3600 3759 3671 {licentem

468 3692 563 3760 per:
615 3674 1176 3760 Spiritiimusnnctiinli‘.
1230 3678 1326 3760 Qui
1383 3678 1453 3725 ad
1513 3680 1765 3760 unitqlem
1827 3682 2058 3731 Ecclesia
2158 3690 2384 3760 δοκίων
2413 3689 2705 3745 θχῂίδθιιθ,

467 3750 701 3803 redeunt,
763 3746 1013 3796 exhibent
1050 3764 1101 3796 se
1130 3749 1357 3797 hostiam
1402 3751 1570 3799 vivam
1620 3751 1723 3800 Deo
1748 3753 2055 3815 placentem.
2158 3746 2333 3839 ξέοι,
2383 3802 2469 3837 xm
2544 3789 2740 3848 Quarla
2970 3791 2982 3801 .
3198 3791 3209 3803 .
3279 3791 3292 3804 .
3743 3810 3764 3822 _

481 3828 1226 3852 ηυηεηημΜΜ-Μῌι
1269 3829 1675 3852 ’,η-ηηυμ-,Α
1713 3831 1875 3852 ,μμ
2018 3836 2053 3847 ,,
2477 3824 2488 3836 .
2799 3793 3009 3852 qiwstio
3064 3790 3292 3839 Momms
3369 3790 3433 3839 de
3482 3799 3741 3849 supereraga

481 3828 564 3883 Ne
577 3844 649 3897 qu
660 3829 708 3923 is
721 3846 791 3923 au
802 3833 917 3881 tem
936 3844 1138 3923 nonpu
1151 3835 1250 3887 tet,
1266 3830 1298 3881 d
1309 3846 1403 3883 um
1420 3829 1685 3923 Ecclesia
1712 3831 1769 3886 in
1785 3850 1845 3887 sa
1856 3836 1933 3889 cri
1944 3835 2056 3890 ticii
2169 3828 2371 3907 ν’ἶίᾎζιε
3482 3828 3758 3908 ἷὶῗῐιι

410 3932 578 3990 prece
598 3915 851 3985 Spiritus
874 3917 1060 3969 sancti
1086 3917 1350 3987 deposcit
1366 3917 1702 3983 adventum,
1738 3921 2059 3995 incongrue
2229 3946 2281 3983 v1
2308 3915 2732 3995 Lucfb‘xpositio
2789 3915 2847 3980 Β.
2881 3932 3058 3995 Optati
3111 3939 3232 3982 ante
3260 3915 3486 3983 medium
3515 3930 3629 3981 libri
3647 3928 3763 3977 sexti.

412 4005 601 4061 sancti
623 4003 877 4073 Spiritus
898 4004 1179 4093 vocabulo
1228 4006 1531 4061 caritatem
1557 4008 1898 4081 intelligere,
1929 4029 2057 4083 qum
2238 4019 2452 4075 Scribis
2494 4027 2769 4090 praeterea
2805 4023 2875 4075 de
2923 4021 3021 4076 illo
3085 4022 3347 4093 Apostoli
3374 4024 3513 4086 loco,
3547 4018 3633 4073 ubi
3666 4017 3761 4071 ait:

410 4093 626 4149 dill’usa
642 4099 731 4149 est
750 4094 805 4147 in
829 4092 1105 4148 cordibus
1121 4094 1334 4149 nostris
1351 4096 1744 4167 perSpiritum
1764 4108 2055 4169 sanctum,
2170 4111 2242 4164 De
2272 4109 2575 4179 virginibus
2633 4116 2824 4163 autem
2852 4092 3189 4180 praeceptum
3230 4111 3451 4165 Domini
3488 4124 3590 4164 non
3615 4104 3763 4168 habeo,

413 4183 514 4255 qui
538 4182 712 4239 datus
742 4190 832 4237 est
864 4184 1051 4249 nobis,
1084 4187 1459 4239 commodum
1492 4186 1770 4244 duximus
1803 4192 2059 4261 paternis
2168 4201 2463 4255 consilium
2513 4205 2695 4252 autem
2750 4198 2839 4257 do.
2910 4200 3074 4266 Quod
3138 4200 3454 4256 consilium
3485 4199 3539 4253 in
3568 4191 3765 4266 epistola

411 4274 812 4330 deﬁnitiouem
831 4278 1087 4329 nostram
1114 4276 1461 4345 praemunire
1475 4281 2060 4340 sententiis.Sanctus
2170 4305 2348 4361 quam
2368 4288 2438 4342 ad
2462 4293 2518 4341 te
2542 4288 2949 4359 uuperscripsi
2972 4289 3045 4345 ad
3070 4288 3214 4345 illud
3234 4291 3519 4360 pertinere
3536 4297 3765 4340 memora-

411 4366 568 4420 enim
600 4365 1038 4438 Augustinusin
1063 4366 1226 4421 libris
1244 4367 1314 4422 de
1347 4368 1637 4440 Baptismo
1671 4371 1790 4442 (tib.
1814 4389 1877 4428 ιιι
1934 4391 2056 4445 cap.
2172 4378 2222 4431 vi
2247 4380 2403 4449 quod
2427 4377 2658 4431 duobus
2681 4377 2937 4432 denariis
2960 4395 2994 4432 a
3016 4378 3262 4434 Domino
3316 4376 3582 4449 acceptis,
3616 4368 3765 4429 ﬁdelis

409 4453 1575 4524 -l6),cumqumstionemdehereticorum
1594 4462 2059 4531 receptionesine
2170 4466 2534 4521 stabularios
2557 4467 2992 4537 supererogavit
3018 4471 3176 4535 (Luc.
3208 4485 3264 4533 x,
3310 4469 3422 4539 35).
3470 4466 3637 4536 Cujus
3684 4456 3765 4513 Ιοαί

410 4542 784 4637 baptismatis
831 4543 1136 4637 iteratione
1193 4551 1465 4637 versaret,
1500 4548 1558 4601 in
1593 4550 1763 4605 tertio
1787 4551 2055 4620 ejusdem
2094 4574 2134 4637 ι)
2166 4571 2432 4623 sensum,
2464 4553 2601 4608 licet
2644 4572 2759 4610 non
2788 4555 2872 4610 ita
2912 4572 2947 4611 a
2976 4563 3178 4612 sancto
3206 4557 3529 4628 Augustino
3561 4552 3766 4625 positum

410 4632 602 4701 cperis
634 4631 804 4697 libro,
845 4632 998 4686 inter
1027 4633 1142 4688 alia
1171 4633 1255 4688 sic
1285 4636 1427 4690 dicit
1459 4652 1471 4689 :
1507 4658 1535 4685 «
1570 4636 1824 4707 Spiritus
1856 4645 2054 4696 autem
2095 4631 2126 4637 ⁷
2164 4660 2416 4710 asseras,
2450 4644 2595 4699 alios
2639 4648 2832 4700 tamen
2855 4644 3117 4701 illustres
3161 4647 3315 4701 viros
3348 4644 3543 4701 taliter
3586 4643 3676 4695 hoc
3698 4651 3769 4707 p0-

410 4724 674 4784 sanctus,
694 4720 843 4788 quod
870 4720 927 4775 in
952 4721 1074 4775 sola
1105 4722 1394 4778 catholica
1420 4724 1696 4795 Ecclesia,
1732 4743 1832 4797 per
1850 4745 2061 4784 manus
2172 4734 2370 4787 suisse
2396 4731 2731 4787 confirmas.
2759 4733 2859 4787 Est
2879 4734 3118 4804 quidem
3170 4750 3371 4788 verum
3424 4733 3557 4805 quia
3573 4733 3769 4785 sanctus

410 4805 848 4894 impositionem
875 4806 997 4861 dari
1021 4808 1539 4878 dicitur,nimirum
1562 4813 2058 4887 hocintelligima-
2173 4820 2543 4892 Augustinus
2594 4822 2700 4876 hoc
2726 4821 2958 4876 dicitab
2996 4824 3270 4894 Apostolo
3309 4824 3767 4891 supererogatum,

404 4897 567 4966 jores
590 4893 774 4952 nostri
798 4895 1286 4970 voluerunt,quod
1309 4903 1623 4979 Apostolus
1645 4906 1725 4959 ait
1751 4923 1762 4960 :
1792 4907 2059 4975 Quantam
2172 4909 2330 4981 quod
2352 4926 2485 4964 cum
2508 4910 2837 4964 secundum
2866 4916 3217 4981 praeceptum
3243 4908 3517 4981 posset,si
3541 4899 3769 4968 vellet,de

407 4988 613 5042 caritas
645 4987 741 5041 Dei
768 4986 971 5058 diﬂusa
1000 4993 1078 5042 est
1102 4991 1158 5042 in
1190 4991 1443 5046 cordibus
1475 4997 1694 5060 nostris,
1736 5013 1833 5065 per
1879 4998 2058 5069 Spiri-
2172 4998 2482 5070 Evangelio
2506 4998 2717 5061 vivere,
2743 4997 2952 5053 maluit
2982 5009 3173 5053 tamen
3198 5016 3310 5054 non
3333 4999 3528 5054 solum
3549 4993 3669 5056 sibi,
3693 4986 3768 5043 sed

408 5080 530 5130 tum
567 5086 837 5140 sanctum,
868 5078 965 5147 qui
992 5077 1152 5132 datus
1177 5082 1260 5133 est
1287 5079 1447 5135 nobis
1476 5083 1651 5151 (Rom.
1676 5100 1731 5147 ν,
1790 5085 1867 5154 5).
1927 5087 2060 5157 Ipsa
2172 5095 2228 5143 et
2250 5088 2454 5158 bisqui
2483 5103 2617 5143 cum
2652 5087 2750 5142 illo
2771 5088 3217 5160 erant,pr0priis
3239 5084 3769 5142 manibuslaborare.

408 5172 500 5221 est
527 5167 683 5223 enim
712 5169 945 5233 caritas,
971 5185 1145 5237 quam
1170 5186 1280 5225 non
1307 5170 1523 5227 habent
1554 5173 1651 5244 qui
1686 5176 1758 5229 ab
1785 5175 2055 5231 Ecclesiae
2172 5177 2325 5234 sicut
2371 5176 2640 5246 Ephesiis
2670 5179 2952 5232 veraciter
3002 5178 3179 5232 dicit:
3210 5178 3320 5247 Ipsi
3345 5178 3522 5239 scitis,
3550 5170 3770 5244 quoniam

407 5256 704 5313 catholica:
718 5275 816 5313 con
840 5258 1111 5314 munione
1130 5260 2058 5336 praecisisunt.»Attende,qumso,
2172 5266 2270 5337 (al.
2303 5265 2589 5336 quomodo)
2625 5265 2697 5320 ad
2724 5282 2790 5321 ea
2818 5281 2944 5337 quae
2991 5266 3131 5321 mihi
3159 5283 3294 5336 Opus
3320 5275 3501 5331 erant,
3531 5270 3582 5318 ct
3609 5260 3680 5315 bis
3698 5251 3772 5326 qui

410 5345 2066 5423 beatissimumAugustiuuminsanctisScripturisdivini-
2172 5371 2381 5410 mecum
2434 5359 2582 5419 sunt,
2622 5354 3089 5411 ministraverunt
3141 5372 3337 5409 manus
3367 5358 3506 5410 istae.
3540 5353 3600 5406 Et
3625 5344 3772 5403 οιηηέα

410 5438 512 5489 tus
534 5436 1146 5508 eruditum,quomodo
1165 5441 1348 5495 uuoin
1374 5440 1498 5496 loco
1523 5459 1635 5497 non
1660 5442 1846 5498 solum
1872 5445 2063 5500 sancti
2169 5444 2382 5499 ostendi
2412 5443 2581 5511 vobis,
2604 5446 2866 5514 quoniam
2884 5443 2964 5500 sic
2994 5445 3302 5500 laborantes
3320 5451 3527 5513 oportet
3545 5438 3774 5507 suscipere

414 5523 659 5592 apostoli
689 5523 870 5589 Pauli,
894 5528 994 5580 sed
1013 5528 1187 5583 etiam
1219 5529 1405 5584 sancti
1435 5529 1621 5586 Judmi
1655 5532 1899 5601 apostoli
1924 5549 2060 5587 sen-
2169 5533 2419 5587 infirmos
2441 5534 2579 5602 (Act.
2613 5550 2706 5600 xx,
2736 5533 2848 5605 34).
2905 5534 3048 5589 Nam
3080 5540 3138 5589 et
3193 5525 3772 5589 Thessalonicensibus

413 5626 569 5676 sum,
602 5627 659 5665 in
684 5614 865 5667 sancti
888 5615 1139 5684 Spiritus
1162 5618 1419 5683 nomine,
1445 5620 1788 5675 mirabiliter
1810 5625 2058 5691 aperuit.
2170 5624 2453 5689 scribens,
2487 5622 2741 5678 Memores
2769 5622 2920 5677 enim
2947 5622 3097 5687 estis,
3121 5624 3326 5694 inquit,
3352 5623 3575 5691 fratres,
3607 5612 3773 5671 labant

411 5698 505 5755 Ait
534 5700 688 5755 enim
712 5703 1025 5771 superius:
1051 5727 1078 5754 ‹‹
1110 5706 1362 5777 Spiritus
1394 5716 1592 5765 autem
1625 5710 2061 5781 sanctas,quod
2170 5711 2269 5784 (al.
2298 5712 2571 5783 laborum,
2595 5713 2729 5784 etc.)
2761 5714 2935 5769 uestri
2972 5724 3027 5770 et
3059 5711 3432 5785 fatigationis,
3474 5712 3623 5766 nocte
3646 5701 3775 5761 ειάίε
