  <div class='ocr_page' id='page_1' title='image "/cluster/home/n/w/nwhite01/storage/ocr_20150623/65-66/uva.x000827080/106.png"; bbox 0 0 3982 6218; ppageno 0'>
   <div class='ocr_carea' id='block_1_1' title="bbox 181 303 1869 418">
    <p class='ocr_par' dir='ltr' id='par_1_1' title="bbox 181 303 1869 410">
     <span class='ocr_line' id='line_1_1' title="bbox 181 303 1869 410; baseline -0.001 -2"><span class='ocrx_word' id='word_1_1' title='bbox 181 303 256 408; x_wconf 73' lang='lat' dir='ltr'>iu</span> <span class='ocrx_word' id='word_1_2' title='bbox 1474 351 1576 410; x_wconf 82' lang='lat' dir='ltr'>AD</span> <span class='ocrx_word' id='word_1_3' title='bbox 1621 349 1869 410; x_wconf 85' lang='lat' dir='ltr'>MONIM</span> 
     </span>
    </p>
   </div>
   <div class='ocr_carea' id='block_1_2' title="bbox 1983 303 2351 418">
    <p class='ocr_par' dir='ltr' id='par_1_2' title="bbox 1983 347 2351 418">
     <span class='ocr_line' id='line_1_2' title="bbox 1983 347 2351 418; baseline 0.03 -11"><span class='ocrx_word' id='word_1_4' title='bbox 1983 347 2001 406; x_wconf 86' lang='grc' dir='ltr'><strong>Ι</strong></span> <span class='ocrx_word' id='word_1_5' title='bbox 2053 351 2200 413; x_wconf 90' lang='lat' dir='ltr'>LIB.</span> <span class='ocrx_word' id='word_1_6' title='bbox 2247 356 2351 418; x_wconf 86' lang='lat' dir='ltr'>IIl.</span> 
     </span>
    </p>
   </div>
   <div class='ocr_carea' id='block_1_3' title="bbox 3509 357 3620 426">
    <p class='ocr_par' dir='ltr' id='par_1_3' title="bbox 3509 357 3620 426">
     <span class='ocr_line' id='line_1_3' title="bbox 3509 357 3620 426; baseline -0.018 0"><span class='ocrx_word' id='word_1_7' title='bbox 3509 357 3620 426; x_wconf 70' lang='lat'>1&#39;98</span> 
     </span>
    </p>
   </div>
   <div class='ocr_carea' id='block_1_4' title="bbox 174 485 3623 570">
    <p class='ocr_par' dir='ltr' id='par_1_4' title="bbox 174 485 3623 570">
     <span class='ocr_line' id='line_1_4' title="bbox 174 485 3623 570; baseline 0.005 -32"><span class='ocrx_word' id='word_1_8' title='bbox 174 488 355 544; x_wconf 76' lang='lat' dir='ltr'>veritate</span> <span class='ocrx_word' id='word_1_9' title='bbox 378 491 928 558; x_wconf 76' lang='lat' dir='ltr'>factasunt,non</span> <span class='ocrx_word' id='word_1_10' title='bbox 952 494 1188 563; x_wconf 82' lang='lat' dir='ltr'>possent</span> <span class='ocrx_word' id='word_1_11' title='bbox 1210 489 1508 545; x_wconf 80' lang='lat' dir='ltr'>ullatenus</span> <span class='ocrx_word' id='word_1_12' title='bbox 1527 485 1860 558; x_wconf 81' lang='lat' dir='ltr'>suffragari,</span> <span class='ocrx_word' id='word_1_13' title='bbox 1893 486 1946 549; x_wconf 84' lang='lat' dir='ltr'><strong>A</strong></span> <span class='ocrx_word' id='word_1_14' title='bbox 1977 505 2091 559; x_wconf 93' lang='lat' dir='ltr'>qua</span> <span class='ocrx_word' id='word_1_15' title='bbox 2121 493 2259 548; x_wconf 84' lang='lat' dir='ltr'>dicit</span> <span class='ocrx_word' id='word_1_16' title='bbox 2293 495 2364 549; x_wconf 91' lang='lat' dir='ltr'>de</span> <span class='ocrx_word' id='word_1_17' title='bbox 2394 501 2543 551; x_wconf 88' lang='lat' dir='ltr'>Deo:</span> <span class='ocrx_word' id='word_1_18' title='bbox 2578 498 2849 562; x_wconf 80' lang='lat' dir='ltr'>Quoniam</span> <span class='ocrx_word' id='word_1_19' title='bbox 2879 513 2948 553; x_wconf 75' lang='lat' dir='ltr'>ex</span> <span class='ocrx_word' id='word_1_20' title='bbox 2976 497 3090 568; x_wconf 77' lang='lat' dir='ltr'>ipso</span> <span class='ocrx_word' id='word_1_21' title='bbox 3131 506 3180 554; x_wconf 87' lang='lat' dir='ltr'>et</span> <span class='ocrx_word' id='word_1_22' title='bbox 3203 515 3304 569; x_wconf 87' lang='lat' dir='ltr'>per</span> <span class='ocrx_word' id='word_1_23' title='bbox 3334 501 3537 570; x_wconf 80' lang='lat' dir='ltr'>ipsum,</span> <span class='ocrx_word' id='word_1_24' title='bbox 3569 504 3623 555; x_wconf 90' lang='lat' dir='ltr'>et</span> 
     </span>
    </p>
   </div>
   <div class='ocr_carea' id='block_1_5' title="bbox 178 579 1856 652">
    <p class='ocr_par' dir='ltr' id='par_1_5' title="bbox 178 579 1856 652">
     <span class='ocr_line' id='line_1_5' title="bbox 178 579 1856 652; baseline 0 -21"><span class='ocrx_word' id='word_1_25' title='bbox 178 583 321 634; x_wconf 79' lang='lat' dir='ltr'>tamen</span> <span class='ocrx_word' id='word_1_26' title='bbox 344 587 410 633; x_wconf 88' lang='lat' dir='ltr'>ut</span> <span class='ocrx_word' id='word_1_27' title='bbox 445 581 822 637; x_wconf 79' lang='lat' dir='ltr'>tolerabile</span> <span class='ocrx_word' id='word_1_28' title='bbox 865 582 1090 652; x_wconf 87' lang='lat' dir='ltr'>aliquid</span> <span class='ocrx_word' id='word_1_29' title='bbox 1125 581 1312 636; x_wconf 86' lang='lat' dir='ltr'>dicere</span> <span class='ocrx_word' id='word_1_30' title='bbox 1343 581 1654 645; x_wconf 77' lang='lat' dir='ltr'>videretur,</span> <span class='ocrx_word' id='word_1_31' title='bbox 1692 585 1754 632; x_wconf 90' lang='lat' dir='ltr'>ut</span> <span class='ocrx_word' id='word_1_32' title='bbox 1787 579 1856 632; x_wconf 90' lang='lat' dir='ltr'>de</span> 
     </span>
    </p>
   </div>
   <div class='ocr_carea' id='block_1_6' title="bbox 177 668 1856 744">
    <p class='ocr_par' dir='ltr' id='par_1_6' title="bbox 177 668 1856 744">
     <span class='ocr_line' id='line_1_6' title="bbox 177 668 1856 744; baseline -0.002 -21"><span class='ocrx_word' id='word_1_33' title='bbox 177 670 343 725; x_wconf 74' lang='lat' dir='ltr'>ceteris</span> <span class='ocrx_word' id='word_1_34' title='bbox 368 676 804 741; x_wconf 87' lang='lat' dir='ltr'>taceam,cur</span> <span class='ocrx_word' id='word_1_35' title='bbox 833 674 1273 744; x_wconf 89' lang='lat' dir='ltr'>birrum,quem</span> <span class='ocrx_word' id='word_1_36' title='bbox 1301 670 1577 726; x_wconf 85' lang='lat' dir='ltr'>manibus</span> <span class='ocrx_word' id='word_1_37' title='bbox 1601 668 1856 733; x_wconf 89' lang='lat' dir='ltr'>tenebat,</span> 
     </span>
    </p>
   </div>
   <div class='ocr_carea' id='block_1_7' title="bbox 171 762 1863 834">
    <p class='ocr_par' dir='ltr' id='par_1_7' title="bbox 171 762 1863 834">
     <span class='ocr_line' id='line_1_7' title="bbox 171 762 1863 834; baseline -0.002 -18"><span class='ocrx_word' id='word_1_38' title='bbox 171 762 396 826; x_wconf 73' lang='lat' dir='ltr'>ostendit,</span> <span class='ocrx_word' id='word_1_39' title='bbox 422 769 488 818; x_wconf 88' lang='lat' dir='ltr'>et</span> <span class='ocrx_word' id='word_1_40' title='bbox 507 780 649 818; x_wconf 84' lang='lat' dir='ltr'>non</span> <span class='ocrx_word' id='word_1_41' title='bbox 684 763 930 820; x_wconf 80' lang='lat' dir='ltr'>saltem</span> <span class='ocrx_word' id='word_1_42' title='bbox 959 765 1184 832; x_wconf 81' lang='lat' dir='ltr'>ﬂatum,</span> <span class='ocrx_word' id='word_1_43' title='bbox 1209 779 1382 834; x_wconf 85' lang='lat' dir='ltr'>quem</span> <span class='ocrx_word' id='word_1_44' title='bbox 1404 763 1646 818; x_wconf 88' lang='lat' dir='ltr'>naribus</span> <span class='ocrx_word' id='word_1_45' title='bbox 1669 773 1863 830; x_wconf 86' lang='lat' dir='ltr'>carpe-</span> 
     </span>
    </p>
   </div>
   <div class='ocr_carea' id='block_1_8' title="bbox 170 850 1855 926">
    <p class='ocr_par' dir='ltr' id='par_1_8' title="bbox 170 850 1855 926">
     <span class='ocr_line' id='line_1_8' title="bbox 170 850 1855 926; baseline -0.001 -21"><span class='ocrx_word' id='word_1_46' title='bbox 170 850 257 918; x_wconf 75' lang='lat' dir='ltr'>bat,</span> <span class='ocrx_word' id='word_1_47' title='bbox 282 852 542 907; x_wconf 85' lang='lat' dir='ltr'>attendit</span> <span class='ocrx_word' id='word_1_48' title='bbox 583 854 608 906; x_wconf 82' lang='lat'><strong><em>?</em></strong></span> <span class='ocrx_word' id='word_1_49' title='bbox 671 853 859 918; x_wconf 82' lang='lat' dir='ltr'>Quia</span> <span class='ocrx_word' id='word_1_50' title='bbox 891 853 942 909; x_wconf 98' lang='lat' dir='ltr'>si</span> <span class='ocrx_word' id='word_1_51' title='bbox 976 855 1170 909; x_wconf 90' lang='lat' dir='ltr'>birrus</span> <span class='ocrx_word' id='word_1_52' title='bbox 1201 853 1298 909; x_wconf 85' lang='lat' dir='ltr'>ille</span> <span class='ocrx_word' id='word_1_53' title='bbox 1330 857 1528 926; x_wconf 90' lang='lat' dir='ltr'>posset</span> <span class='ocrx_word' id='word_1_54' title='bbox 1557 851 1672 907; x_wconf 90' lang='lat' dir='ltr'>dici</span> <span class='ocrx_word' id='word_1_55' title='bbox 1703 851 1855 922; x_wconf 80' lang='lat' dir='ltr'>apud</span> 
     </span>
    </p>
   </div>
   <div class='ocr_carea' id='block_1_9' title="bbox 164 939 1858 1014">
    <p class='ocr_par' dir='ltr' id='par_1_9' title="bbox 164 939 1858 1014">
     <span class='ocr_line' id='line_1_9' title="bbox 164 939 1858 1014; baseline 0.002 -20"><span class='ocrx_word' id='word_1_56' title='bbox 164 939 290 996; x_wconf 88' lang='lat' dir='ltr'>illum</span> <span class='ocrx_word' id='word_1_57' title='bbox 306 947 542 1008; x_wconf 86' lang='lat' dir='ltr'>esse,et</span> <span class='ocrx_word' id='word_1_58' title='bbox 565 959 712 998; x_wconf 85' lang='lat' dir='ltr'>non</span> <span class='ocrx_word' id='word_1_59' title='bbox 739 944 809 998; x_wconf 89' lang='lat' dir='ltr'>in</span> <span class='ocrx_word' id='word_1_60' title='bbox 841 943 946 998; x_wconf 88' lang='lat' dir='ltr'>illo</span> <span class='ocrx_word' id='word_1_61' title='bbox 968 944 1299 1008; x_wconf 89' lang='lat' dir='ltr'>esse,ﬂatus</span> <span class='ocrx_word' id='word_1_62' title='bbox 1325 943 1438 998; x_wconf 87' lang='lat' dir='ltr'>iste</span> <span class='ocrx_word' id='word_1_63' title='bbox 1459 948 1858 1014; x_wconf 87' lang='lat' dir='ltr'>tamen,quem</span> 
     </span>
    </p>
   </div>
   <div class='ocr_carea' id='block_1_10' title="bbox 169 1032 1862 1105">
    <p class='ocr_par' dir='ltr' id='par_1_10' title="bbox 169 1032 1862 1105">
     <span class='ocr_line' id='line_1_10' title="bbox 169 1032 1862 1105; baseline 0.002 -21"><span class='ocrx_word' id='word_1_64' title='bbox 169 1046 218 1085; x_wconf 83' lang='lat' dir='ltr'>ex</span> <span class='ocrx_word' id='word_1_65' title='bbox 232 1045 342 1086; x_wconf 82' lang='lat' dir='ltr'>aere</span> <span class='ocrx_word' id='word_1_66' title='bbox 361 1033 751 1103; x_wconf 85' lang='lat' dir='ltr'>carpimus,</span> <span class='ocrx_word' id='word_1_67' title='bbox 779 1049 927 1088; x_wconf 84' lang='lat' dir='ltr'>cum</span> <span class='ocrx_word' id='word_1_68' title='bbox 953 1049 1084 1088; x_wconf 91' lang='lat' dir='ltr'>eum</span> <span class='ocrx_word' id='word_1_69' title='bbox 1107 1033 1384 1105; x_wconf 89' lang='lat' dir='ltr'>spirando</span> <span class='ocrx_word' id='word_1_70' title='bbox 1409 1032 1786 1104; x_wconf 80' lang='lat' dir='ltr'>percipimus,</span> <span class='ocrx_word' id='word_1_71' title='bbox 1806 1037 1862 1088; x_wconf 92' lang='lat' dir='ltr'>et</span> 
     </span>
    </p>
   </div>
   <div class='ocr_carea' id='block_1_11' title="bbox 174 1121 1863 1194">
    <p class='ocr_par' dir='ltr' id='par_1_11' title="bbox 174 1121 1863 1194">
     <span class='ocr_line' id='line_1_11' title="bbox 174 1121 1863 1194; baseline 0.002 -20"><span class='ocrx_word' id='word_1_72' title='bbox 174 1121 288 1190; x_wconf 78' lang='lat' dir='ltr'>apud</span> <span class='ocrx_word' id='word_1_73' title='bbox 321 1136 432 1176; x_wconf 88' lang='lat' dir='ltr'>nos</span> <span class='ocrx_word' id='word_1_74' title='bbox 465 1127 596 1188; x_wconf 85' lang='lat' dir='ltr'>est,</span> <span class='ocrx_word' id='word_1_75' title='bbox 636 1127 709 1176; x_wconf 85' lang='lat' dir='ltr'>et</span> <span class='ocrx_word' id='word_1_76' title='bbox 744 1121 813 1177; x_wconf 86' lang='lat' dir='ltr'>in</span> <span class='ocrx_word' id='word_1_77' title='bbox 853 1123 1027 1178; x_wconf 89' lang='lat' dir='ltr'>nobis</span> <span class='ocrx_word' id='word_1_78' title='bbox 1061 1126 1185 1178; x_wconf 89' lang='lat' dir='ltr'>est:</span> <span class='ocrx_word' id='word_1_79' title='bbox 1219 1127 1277 1176; x_wconf 92' lang='lat' dir='ltr'>et</span> <span class='ocrx_word' id='word_1_80' title='bbox 1309 1122 1598 1194; x_wconf 86' lang='lat' dir='ltr'>quidquid</span> <span class='ocrx_word' id='word_1_81' title='bbox 1631 1123 1760 1191; x_wconf 89' lang='lat' dir='ltr'>ejus</span> <span class='ocrx_word' id='word_1_82' title='bbox 1783 1139 1863 1178; x_wconf 90' lang='lat' dir='ltr'>re-</span> 
     </span>
    </p>
   </div>
   <div class='ocr_carea' id='block_1_12' title="bbox 174 1210 1858 1284">
    <p class='ocr_par' dir='ltr' id='par_1_12' title="bbox 174 1210 1858 1284">
     <span class='ocr_line' id='line_1_12' title="bbox 174 1210 1858 1284; baseline 0.003 -20"><span class='ocrx_word' id='word_1_83' title='bbox 174 1210 416 1280; x_wconf 75' lang='lat' dir='ltr'>spirando</span> <span class='ocrx_word' id='word_1_84' title='bbox 435 1212 972 1280; x_wconf 85' lang='lat' dir='ltr'>reddimus,cum</span> <span class='ocrx_word' id='word_1_85' title='bbox 993 1212 1547 1278; x_wconf 89' lang='lat' dir='ltr'>reddiderimus,nec</span> <span class='ocrx_word' id='word_1_86' title='bbox 1561 1213 1715 1284; x_wconf 89' lang='lat' dir='ltr'>apud</span> <span class='ocrx_word' id='word_1_87' title='bbox 1732 1231 1858 1282; x_wconf 89' lang='lat' dir='ltr'>nos,</span> 
     </span>
    </p>
   </div>
   <div class='ocr_carea' id='block_1_13' title="bbox 177 1300 1861 1370">
    <p class='ocr_par' dir='ltr' id='par_1_13' title="bbox 177 1300 1861 1370">
     <span class='ocr_line' id='line_1_13' title="bbox 177 1300 1861 1370; baseline 0.002 -16"><span class='ocrx_word' id='word_1_88' title='bbox 177 1317 256 1355; x_wconf 85' lang='lat' dir='ltr'>nec</span> <span class='ocrx_word' id='word_1_89' title='bbox 280 1300 335 1356; x_wconf 92' lang='lat' dir='ltr'>in</span> <span class='ocrx_word' id='word_1_90' title='bbox 368 1302 562 1358; x_wconf 87' lang='lat' dir='ltr'>nobis</span> <span class='ocrx_word' id='word_1_91' title='bbox 600 1301 949 1359; x_wconf 80' lang='lat' dir='ltr'>habemus.</span> <span class='ocrx_word' id='word_1_92' title='bbox 983 1309 1072 1356; x_wconf 80' lang='lat' dir='ltr'>An</span> <span class='ocrx_word' id='word_1_93' title='bbox 1105 1303 1250 1357; x_wconf 89' lang='lat' dir='ltr'>forte</span> <span class='ocrx_word' id='word_1_94' title='bbox 1281 1302 1549 1358; x_wconf 91' lang='lat' dir='ltr'>dicturus</span> <span class='ocrx_word' id='word_1_95' title='bbox 1581 1308 1688 1370; x_wconf 90' lang='lat' dir='ltr'>est,</span> <span class='ocrx_word' id='word_1_96' title='bbox 1709 1303 1861 1358; x_wconf 89' lang='lat' dir='ltr'>aeris</span> 
     </span>
    </p>
   </div>
   <div class='ocr_carea' id='block_1_14' title="bbox 181 1389 1860 1464">
    <p class='ocr_par' dir='ltr' id='par_1_14' title="bbox 181 1389 1860 1464">
     <span class='ocr_line' id='line_1_14' title="bbox 181 1389 1860 1464; baseline 0.004 -20"><span class='ocrx_word' id='word_1_97' title='bbox 181 1389 322 1445; x_wconf 88' lang='lat' dir='ltr'>istius</span> <span class='ocrx_word' id='word_1_98' title='bbox 337 1390 926 1459; x_wconf 85' lang='lat' dir='ltr'>elementum,cum</span> <span class='ocrx_word' id='word_1_99' title='bbox 951 1392 1232 1464; x_wconf 89' lang='lat' dir='ltr'>spirando</span> <span class='ocrx_word' id='word_1_100' title='bbox 1257 1391 1670 1462; x_wconf 88' lang='lat' dir='ltr'>accipimus,in</span> <span class='ocrx_word' id='word_1_101' title='bbox 1691 1393 1860 1450; x_wconf 88' lang='lat' dir='ltr'>nobis</span> 
     </span>
    </p>
   </div>
   <div class='ocr_carea' id='block_1_15' title="bbox 192 1481 1858 1555">
    <p class='ocr_par' dir='ltr' id='par_1_15' title="bbox 192 1481 1858 1555">
     <span class='ocr_line' id='line_1_15' title="bbox 192 1481 1858 1555; baseline 0.002 -21"><span class='ocrx_word' id='word_1_102' title='bbox 192 1484 393 1535; x_wconf 87' lang='lat' dir='ltr'>tantum</span> <span class='ocrx_word' id='word_1_103' title='bbox 427 1497 604 1549; x_wconf 85' lang='lat' dir='ltr'>esse,</span> <span class='ocrx_word' id='word_1_104' title='bbox 644 1497 781 1537; x_wconf 85' lang='lat' dir='ltr'>non</span> <span class='ocrx_word' id='word_1_105' title='bbox 811 1482 989 1536; x_wconf 86' lang='lat' dir='ltr'>etiam</span> <span class='ocrx_word' id='word_1_106' title='bbox 1019 1481 1171 1551; x_wconf 91' lang='lat' dir='ltr'>apud</span> <span class='ocrx_word' id='word_1_107' title='bbox 1205 1498 1317 1536; x_wconf 88' lang='lat' dir='ltr'>non</span> <span class='ocrx_word' id='word_1_108' title='bbox 1338 1481 1496 1536; x_wconf 89' lang='lat' dir='ltr'>esse?</span> <span class='ocrx_word' id='word_1_109' title='bbox 1516 1481 1681 1537; x_wconf 88' lang='lat' dir='ltr'>Dicat</span> <span class='ocrx_word' id='word_1_110' title='bbox 1701 1498 1858 1555; x_wconf 89' lang='lat' dir='ltr'>ergo,</span> 
     </span>
    </p>
   </div>
   <div class='ocr_carea' id='block_1_16' title="bbox 193 1570 1860 1643">
    <p class='ocr_par' dir='ltr' id='par_1_16' title="bbox 193 1570 1860 1643">
     <span class='ocr_line' id='line_1_16' title="bbox 193 1570 1860 1643; baseline 0.001 -19"><span class='ocrx_word' id='word_1_111' title='bbox 193 1572 392 1640; x_wconf 74' lang='lat' dir='ltr'>quando</span> <span class='ocrx_word' id='word_1_112' title='bbox 415 1571 590 1643; x_wconf 87' lang='lat' dir='ltr'>apud</span> <span class='ocrx_word' id='word_1_113' title='bbox 615 1587 737 1625; x_wconf 88' lang='lat' dir='ltr'>nos</span> <span class='ocrx_word' id='word_1_114' title='bbox 759 1570 1118 1642; x_wconf 85' lang='lat' dir='ltr'>possitesse,</span> <span class='ocrx_word' id='word_1_115' title='bbox 1137 1587 1206 1624; x_wconf 89' lang='lat' dir='ltr'>an</span> <span class='ocrx_word' id='word_1_116' title='bbox 1223 1586 1358 1624; x_wconf 92' lang='lat' dir='ltr'>cum</span> <span class='ocrx_word' id='word_1_117' title='bbox 1377 1586 1511 1625; x_wconf 91' lang='lat' dir='ltr'>eum</span> <span class='ocrx_word' id='word_1_118' title='bbox 1537 1570 1860 1638; x_wconf 83' lang='lat' dir='ltr'>reddimus,</span> 
     </span>
    </p>
   </div>
   <div class='ocr_carea' id='block_1_17' title="bbox 196 1658 1863 1731">
    <p class='ocr_par' dir='ltr' id='par_1_17' title="bbox 196 1658 1863 1731">
     <span class='ocr_line' id='line_1_17' title="bbox 196 1658 1863 1731; baseline 0.001 -18"><span class='ocrx_word' id='word_1_119' title='bbox 196 1664 241 1714; x_wconf 85' lang='lat' dir='ltr'>et</span> <span class='ocrx_word' id='word_1_120' title='bbox 263 1675 388 1715; x_wconf 89' lang='lat' dir='ltr'>eum</span> <span class='ocrx_word' id='word_1_121' title='bbox 449 1659 648 1715; x_wconf 87' lang='lat' dir='ltr'>nobis</span> <span class='ocrx_word' id='word_1_122' title='bbox 687 1676 813 1714; x_wconf 83' lang='lat' dir='ltr'>non</span> <span class='ocrx_word' id='word_1_123' title='bbox 850 1658 1182 1714; x_wconf 82' lang='lat' dir='ltr'>habemus?</span> <span class='ocrx_word' id='word_1_124' title='bbox 1243 1659 1352 1714; x_wconf 85' lang='lat' dir='ltr'>Sed</span> <span class='ocrx_word' id='word_1_125' title='bbox 1388 1658 1497 1714; x_wconf 89' lang='lat' dir='ltr'>hoc</span> <span class='ocrx_word' id='word_1_126' title='bbox 1530 1673 1694 1731; x_wconf 87' lang='lat' dir='ltr'>puto,</span> <span class='ocrx_word' id='word_1_127' title='bbox 1727 1661 1863 1730; x_wconf 85' lang='lat' dir='ltr'>quia</span> 
     </span>
    </p>
   </div>
   <div class='ocr_carea' id='block_1_18' title="bbox 200 1747 1864 1817">
    <p class='ocr_par' dir='ltr' id='par_1_18' title="bbox 200 1747 1864 1817">
     <span class='ocr_line' id='line_1_18' title="bbox 200 1747 1864 1817; baseline 0.001 -14"><span class='ocrx_word' id='word_1_128' title='bbox 200 1765 281 1804; x_wconf 82' lang='lat' dir='ltr'>nec</span> <span class='ocrx_word' id='word_1_129' title='bbox 305 1750 376 1805; x_wconf 88' lang='lat' dir='ltr'>de</span> <span class='ocrx_word' id='word_1_130' title='bbox 405 1749 581 1804; x_wconf 89' lang='lat' dir='ltr'>birro</span> <span class='ocrx_word' id='word_1_131' title='bbox 611 1749 726 1804; x_wconf 92' lang='lat' dir='ltr'>illo</span> <span class='ocrx_word' id='word_1_132' title='bbox 757 1748 954 1803; x_wconf 83' lang='lat' dir='ltr'>dicere</span> <span class='ocrx_word' id='word_1_133' title='bbox 985 1747 1244 1817; x_wconf 90' lang='lat' dir='ltr'>audebit,</span> <span class='ocrx_word' id='word_1_134' title='bbox 1273 1748 1322 1802; x_wconf 92' lang='lat' dir='ltr'>si</span> <span class='ocrx_word' id='word_1_135' title='bbox 1342 1751 1538 1804; x_wconf 87' lang='lat' dir='ltr'>tamen</span> <span class='ocrx_word' id='word_1_136' title='bbox 1561 1765 1693 1804; x_wconf 91' lang='lat' dir='ltr'>eum</span> <span class='ocrx_word' id='word_1_137' title='bbox 1715 1749 1798 1804; x_wconf 91' lang='lat' dir='ltr'>illi</span> <span class='ocrx_word' id='word_1_138' title='bbox 1831 1767 1864 1805; x_wconf 89' lang='lat' dir='ltr'>a</span> 
     </span>
    </p>
   </div>
   <div class='ocr_carea' id='block_1_19' title="bbox 1971 581 3612 659">
    <p class='ocr_par' dir='ltr' id='par_1_19' title="bbox 1971 581 3612 659">
     <span class='ocr_line' id='line_1_19' title="bbox 1971 581 3612 659; baseline 0.006 -25"><span class='ocrx_word' id='word_1_139' title='bbox 1971 581 2029 635; x_wconf 84' lang='lat' dir='ltr'>in</span> <span class='ocrx_word' id='word_1_140' title='bbox 2063 585 2186 653; x_wconf 78' lang='lat' dir='ltr'>ipso</span> <span class='ocrx_word' id='word_1_141' title='bbox 2205 591 2335 640; x_wconf 77' lang='lat' dir='ltr'>sunt</span> <span class='ocrx_word' id='word_1_142' title='bbox 2357 588 2566 650; x_wconf 82' lang='lat' dir='ltr'>omnia;</span> <span class='ocrx_word' id='word_1_143' title='bbox 2589 589 2696 659; x_wconf 72' lang='lat' dir='ltr'>ipsi</span> <span class='ocrx_word' id='word_1_144' title='bbox 2717 591 2895 658; x_wconf 82' lang='lat' dir='ltr'>gloria</span> <span class='ocrx_word' id='word_1_145' title='bbox 2919 591 2974 643; x_wconf 86' lang='lat' dir='ltr'>in</span> <span class='ocrx_word' id='word_1_146' title='bbox 3000 590 3222 644; x_wconf 67' lang='lat' dir='ltr'>saecula.</span> <span class='ocrx_word' id='word_1_147' title='bbox 3249 591 3413 644; x_wconf 85' lang='lat' dir='ltr'>Amen</span> <span class='ocrx_word' id='word_1_148' title='bbox 3435 591 3612 657; x_wconf 84' lang='lat' dir='ltr'>(Rom.</span> 
     </span>
    </p>
   </div>
   <div class='ocr_carea' id='block_1_20' title="bbox 1970 673 3622 750">
    <p class='ocr_par' dir='ltr' id='par_1_20' title="bbox 1970 673 3622 750">
     <span class='ocr_line' id='line_1_20' title="bbox 1970 673 3622 750; baseline 0.008 -28"><span class='ocrx_word' id='word_1_149' title='bbox 1970 687 2050 737; x_wconf 75' lang='grc' dir='ltr'>ιιι,</span> <span class='ocrx_word' id='word_1_150' title='bbox 2086 673 2206 740; x_wconf 78' lang='lat'>13)?</span> <span class='ocrx_word' id='word_1_151' title='bbox 2237 675 2377 729; x_wconf 89' lang='lat' dir='ltr'>Ecce</span> <span class='ocrx_word' id='word_1_152' title='bbox 2410 677 2606 731; x_wconf 87' lang='lat' dir='ltr'>omnia</span> <span class='ocrx_word' id='word_1_153' title='bbox 2636 677 2852 732; x_wconf 89' lang='lat' dir='ltr'>Paulus</span> <span class='ocrx_word' id='word_1_154' title='bbox 2875 695 2942 732; x_wconf 82' lang='lat' dir='ltr'>ex</span> <span class='ocrx_word' id='word_1_155' title='bbox 2964 678 3100 747; x_wconf 82' lang='lat' dir='ltr'>Deo,</span> <span class='ocrx_word' id='word_1_156' title='bbox 3121 684 3177 733; x_wconf 91' lang='lat' dir='ltr'>et</span> <span class='ocrx_word' id='word_1_157' title='bbox 3210 695 3310 750; x_wconf 89' lang='lat' dir='ltr'>per</span> <span class='ocrx_word' id='word_1_158' title='bbox 3341 680 3546 745; x_wconf 85' lang='lat' dir='ltr'>Deum,</span> <span class='ocrx_word' id='word_1_159' title='bbox 3567 687 3622 735; x_wconf 90' lang='lat' dir='ltr'>et</span> 
     </span>
    </p>
   </div>
   <div class='ocr_carea' id='block_1_21' title="bbox 1971 757 3620 838">
    <p class='ocr_par' dir='ltr' id='par_1_21' title="bbox 1971 757 3620 838">
     <span class='ocr_line' id='line_1_21' title="bbox 1971 757 3620 838; baseline 0.007 -27"><span class='ocrx_word' id='word_1_160' title='bbox 1971 757 2030 812; x_wconf 92' lang='lat' dir='ltr'>in</span> <span class='ocrx_word' id='word_1_161' title='bbox 2066 759 2180 814; x_wconf 89' lang='lat' dir='ltr'>Deo</span> <span class='ocrx_word' id='word_1_162' title='bbox 2232 779 2357 818; x_wconf 90' lang='lat' dir='ltr'>esse</span> <span class='ocrx_word' id='word_1_163' title='bbox 2389 769 2661 832; x_wconf 85' lang='lat' dir='ltr'>testatur,</span> <span class='ocrx_word' id='word_1_164' title='bbox 2699 767 2925 822; x_wconf 84' lang='lat' dir='ltr'>Verbum</span> <span class='ocrx_word' id='word_1_165' title='bbox 2956 784 3078 822; x_wconf 89' lang='lat' dir='ltr'>vero</span> <span class='ocrx_word' id='word_1_166' title='bbox 3111 770 3258 838; x_wconf 83' lang='lat' dir='ltr'>apud</span> <span class='ocrx_word' id='word_1_167' title='bbox 3285 769 3446 823; x_wconf 84' lang='lat' dir='ltr'>Deum</span> <span class='ocrx_word' id='word_1_168' title='bbox 3483 784 3620 837; x_wconf 73' lang='lat' dir='ltr'>esse,</span> 
     </span>
    </p>
   </div>
   <div class='ocr_carea' id='block_1_22' title="bbox 1970 847 3620 926">
    <p class='ocr_par' dir='ltr' id='par_1_22' title="bbox 1970 847 3620 926">
     <span class='ocr_line' id='line_1_22' title="bbox 1970 847 3620 926; baseline 0.006 -23"><span class='ocrx_word' id='word_1_169' title='bbox 1970 847 2215 906; x_wconf 86' lang='lat' dir='ltr'>Joannis</span> <span class='ocrx_word' id='word_1_170' title='bbox 2231 853 2598 924; x_wconf 60' lang='lat' dir='ltr'>evangelista</span> <span class='ocrx_word' id='word_1_171' title='bbox 2620 856 3027 926; x_wconf 56' lang='lat' dir='ltr'>praedicatione</span> <span class='ocrx_word' id='word_1_172' title='bbox 3045 857 3427 926; x_wconf 85' lang='lat' dir='ltr'>dignoscitur;</span> <span class='ocrx_word' id='word_1_173' title='bbox 3445 857 3494 912; x_wconf 90' lang='lat' dir='ltr'>si</span> <span class='ocrx_word' id='word_1_174' title='bbox 3517 875 3620 913; x_wconf 92' lang='lat' dir='ltr'>au-</span> 
     </span>
    </p>
   </div>
   <div class='ocr_carea' id='block_1_23' title="bbox 1971 941 3620 1019">
    <p class='ocr_par' dir='ltr' id='par_1_23' title="bbox 1971 941 3620 1019">
     <span class='ocr_line' id='line_1_23' title="bbox 1971 941 3620 1019; baseline 0.006 -27"><span class='ocrx_word' id='word_1_175' title='bbox 1971 941 2091 994; x_wconf 89' lang='lat' dir='ltr'>tem</span> <span class='ocrx_word' id='word_1_176' title='bbox 2124 943 2447 997; x_wconf 88' lang='lat' dir='ltr'>secundum</span> <span class='ocrx_word' id='word_1_177' title='bbox 2483 944 2828 999; x_wconf 82' lang='lat' dir='ltr'>Arianorum</span> <span class='ocrx_word' id='word_1_178' title='bbox 2863 961 3127 1014; x_wconf 87' lang='lat' dir='ltr'>sensum,</span> <span class='ocrx_word' id='word_1_179' title='bbox 3169 962 3342 1002; x_wconf 89' lang='lat' dir='ltr'>omne</span> <span class='ocrx_word' id='word_1_180' title='bbox 3371 947 3522 1019; x_wconf 86' lang='lat' dir='ltr'>quod</span> <span class='ocrx_word' id='word_1_181' title='bbox 3561 947 3620 1002; x_wconf 86' lang='lat' dir='ltr'>in</span> 
     </span>
    </p>
   </div>
   <div class='ocr_carea' id='block_1_24' title="bbox 1974 1029 3618 1107">
    <p class='ocr_par' dir='ltr' id='par_1_24' title="bbox 1974 1029 3618 1107">
     <span class='ocr_line' id='line_1_24' title="bbox 1974 1029 3618 1107; baseline 0.005 -25"><span class='ocrx_word' id='word_1_182' title='bbox 1974 1031 2088 1083; x_wconf 92' lang='lat' dir='ltr'>Deo</span> <span class='ocrx_word' id='word_1_183' title='bbox 2119 1034 2228 1099; x_wconf 91' lang='lat' dir='ltr'>est,</span> <span class='ocrx_word' id='word_1_184' title='bbox 2253 1029 2497 1087; x_wconf 88' lang='lat' dir='ltr'>interius</span> <span class='ocrx_word' id='word_1_185' title='bbox 2520 1038 2628 1097; x_wconf 89' lang='lat' dir='ltr'>est,</span> <span class='ocrx_word' id='word_1_186' title='bbox 2651 1038 2708 1088; x_wconf 92' lang='lat' dir='ltr'>et</span> <span class='ocrx_word' id='word_1_187' title='bbox 2738 1050 2912 1089; x_wconf 92' lang='lat' dir='ltr'>omne</span> <span class='ocrx_word' id='word_1_188' title='bbox 2939 1035 3092 1106; x_wconf 92' lang='lat' dir='ltr'>quod</span> <span class='ocrx_word' id='word_1_189' title='bbox 3123 1037 3277 1107; x_wconf 80' lang='lat' dir='ltr'>apud</span> <span class='ocrx_word' id='word_1_190' title='bbox 3307 1038 3484 1091; x_wconf 90' lang='lat' dir='ltr'>Deum</span> <span class='ocrx_word' id='word_1_191' title='bbox 3509 1039 3618 1102; x_wconf 86' lang='lat' dir='ltr'>est,</span> 
     </span>
    </p>
   </div>
   <div class='ocr_carea' id='block_1_25' title="bbox 1975 1119 3622 1196">
    <p class='ocr_par' dir='ltr' id='par_1_25' title="bbox 1975 1119 3622 1196">
     <span class='ocr_line' id='line_1_25' title="bbox 1975 1119 3622 1196; baseline 0.005 -25"><span class='ocrx_word' id='word_1_192' title='bbox 1975 1119 2233 1174; x_wconf 83' lang='lat' dir='ltr'>exterius</span> <span class='ocrx_word' id='word_1_193' title='bbox 2265 1125 2373 1186; x_wconf 88' lang='lat' dir='ltr'>est,</span> <span class='ocrx_word' id='word_1_194' title='bbox 2435 1121 2707 1192; x_wconf 89' lang='lat' dir='ltr'>quoniam</span> <span class='ocrx_word' id='word_1_195' title='bbox 2743 1123 2997 1178; x_wconf 82' lang='lat' dir='ltr'>Arianus</span> <span class='ocrx_word' id='word_1_196' title='bbox 3037 1125 3286 1192; x_wconf 81' lang='lat' dir='ltr'>Verbum,</span> <span class='ocrx_word' id='word_1_197' title='bbox 3309 1125 3448 1195; x_wconf 85' lang='lat' dir='ltr'>quod</span> <span class='ocrx_word' id='word_1_198' title='bbox 3477 1125 3622 1196; x_wconf 85' lang='lat' dir='ltr'>apud</span> 
     </span>
    </p>
   </div>
   <div class='ocr_carea' id='block_1_26' title="bbox 1975 1212 3619 1284">
    <p class='ocr_par' dir='ltr' id='par_1_26' title="bbox 1975 1212 3619 1284">
     <span class='ocr_line' id='line_1_26' title="bbox 1975 1212 3619 1284; baseline 0.005 -21"><span class='ocrx_word' id='word_1_199' title='bbox 1975 1214 2148 1264; x_wconf 88' lang='lat' dir='ltr'>Deum</span> <span class='ocrx_word' id='word_1_200' title='bbox 2179 1220 2280 1279; x_wconf 75' lang='lat' dir='ltr'>est,</span> <span class='ocrx_word' id='word_1_201' title='bbox 2306 1228 2420 1266; x_wconf 91' lang='lat' dir='ltr'>non</span> <span class='ocrx_word' id='word_1_202' title='bbox 2454 1212 2512 1266; x_wconf 90' lang='lat' dir='ltr'>in</span> <span class='ocrx_word' id='word_1_203' title='bbox 2538 1217 2651 1268; x_wconf 90' lang='lat' dir='ltr'>Deo</span> <span class='ocrx_word' id='word_1_204' title='bbox 2683 1230 2832 1284; x_wconf 88' lang='lat' dir='ltr'>esse,</span> <span class='ocrx_word' id='word_1_205' title='bbox 2861 1215 2960 1269; x_wconf 89' lang='lat' dir='ltr'>sed</span> <span class='ocrx_word' id='word_1_206' title='bbox 2982 1215 3241 1270; x_wconf 90' lang='lat' dir='ltr'>exterius</span> <span class='ocrx_word' id='word_1_207' title='bbox 3264 1231 3393 1270; x_wconf 86' lang='lat' dir='ltr'>esse</span> <span class='ocrx_word' id='word_1_208' title='bbox 3415 1216 3619 1271; x_wconf 85' lang='lat' dir='ltr'>credit.</span> 
     </span>
    </p>
   </div>
   <div class='ocr_carea' id='block_1_27' title="bbox 1974 1301 3615 1376">
    <p class='ocr_par' dir='ltr' id='par_1_27' title="bbox 1974 1301 3615 1376">
     <span class='ocr_line' id='line_1_27' title="bbox 1974 1301 3615 1376; baseline 0.005 -24"><span class='ocrx_word' id='word_1_209' title='bbox 1974 1301 2092 1354; x_wconf 84' lang='lat' dir='ltr'>Hoc</span> <span class='ocrx_word' id='word_1_210' title='bbox 2122 1301 2408 1372; x_wconf 90' lang='lat' dir='ltr'>reliquum</span> <span class='ocrx_word' id='word_1_211' title='bbox 2435 1311 2520 1357; x_wconf 90' lang='lat' dir='ltr'>est</span> <span class='ocrx_word' id='word_1_212' title='bbox 2552 1307 2613 1359; x_wconf 91' lang='lat' dir='ltr'>ut</span> <span class='ocrx_word' id='word_1_213' title='bbox 2634 1304 2910 1360; x_wconf 89' lang='lat' dir='ltr'>omnibus</span> <span class='ocrx_word' id='word_1_214' title='bbox 2933 1321 3059 1376; x_wconf 67' lang='lat' dir='ltr'>quae</span> <span class='ocrx_word' id='word_1_215' title='bbox 3086 1304 3143 1359; x_wconf 90' lang='lat' dir='ltr'>in</span> <span class='ocrx_word' id='word_1_216' title='bbox 3175 1306 3285 1360; x_wconf 87' lang='lat' dir='ltr'>Deo</span> <span class='ocrx_word' id='word_1_217' title='bbox 3308 1311 3446 1361; x_wconf 88' lang='lat' dir='ltr'>sunt</span> <span class='ocrx_word' id='word_1_218' title='bbox 3468 1304 3615 1361; x_wconf 89' lang='lat' dir='ltr'>illud</span> 
     </span>
    </p>
   </div>
   <div class='ocr_carea' id='block_1_28' title="bbox 1976 1391 3623 1465">
    <p class='ocr_par' dir='ltr' id='par_1_28' title="bbox 1976 1391 3623 1465">
     <span class='ocr_line' id='line_1_28' title="bbox 1976 1391 3623 1465; baseline 0.004 -21"><span class='ocrx_word' id='word_1_219' title='bbox 1976 1391 2129 1459; x_wconf 90' lang='lat' dir='ltr'>quod</span> <span class='ocrx_word' id='word_1_220' title='bbox 2158 1393 2306 1462; x_wconf 88' lang='lat' dir='ltr'>apud</span> <span class='ocrx_word' id='word_1_221' title='bbox 2331 1398 2517 1448; x_wconf 88' lang='lat' dir='ltr'>Deum</span> <span class='ocrx_word' id='word_1_222' title='bbox 2541 1393 2902 1460; x_wconf 84' lang='lat' dir='ltr'>est,interius</span> <span class='ocrx_word' id='word_1_223' title='bbox 2930 1395 3410 1465; x_wconf 64' lang='lat' dir='ltr'>prmdiceturzhoc</span> <span class='ocrx_word' id='word_1_224' title='bbox 3428 1403 3623 1452; x_wconf 91' lang='lat' dir='ltr'>autem</span> 
     </span>
    </p>
   </div>
   <div class='ocr_carea' id='block_1_29' title="bbox 1975 1481 3633 1557">
    <p class='ocr_par' dir='ltr' id='par_1_29' title="bbox 1975 1481 3633 1557">
     <span class='ocr_line' id='line_1_29' title="bbox 1975 1481 3633 1557; baseline 0.005 -25"><span class='ocrx_word' id='word_1_225' title='bbox 1975 1484 2205 1550; x_wconf 87' lang='lat' dir='ltr'>recepto</span> <span class='ocrx_word' id='word_1_226' title='bbox 2236 1481 2395 1552; x_wconf 86' lang='lat' dir='ltr'>(quia</span> <span class='ocrx_word' id='word_1_227' title='bbox 2425 1482 2495 1537; x_wconf 91' lang='lat' dir='ltr'>de</span> <span class='ocrx_word' id='word_1_228' title='bbox 2527 1482 2714 1538; x_wconf 90' lang='lat' dir='ltr'>Verbo</span> <span class='ocrx_word' id='word_1_229' title='bbox 2749 1483 3022 1555; x_wconf 88' lang='lat' dir='ltr'>spiritum</span> <span class='ocrx_word' id='word_1_230' title='bbox 3056 1489 3163 1539; x_wconf 89' lang='lat' dir='ltr'>est:</span> <span class='ocrx_word' id='word_1_231' title='bbox 3199 1483 3396 1540; x_wconf 81' lang='lat' dir='ltr'>Omnia</span> <span class='ocrx_word' id='word_1_232' title='bbox 3426 1501 3524 1556; x_wconf 84' lang='lat' dir='ltr'>per</span> <span class='ocrx_word' id='word_1_233' title='bbox 3553 1487 3633 1557; x_wconf 89' lang='lat' dir='ltr'>ip-</span> 
     </span>
    </p>
   </div>
   <div class='ocr_carea' id='block_1_30' title="bbox 1975 1570 3631 1642">
    <p class='ocr_par' dir='ltr' id='par_1_30' title="bbox 1975 1570 3631 1642">
     <span class='ocr_line' id='line_1_30' title="bbox 1975 1570 3631 1642; baseline 0.005 -21"><span class='ocrx_word' id='word_1_234' title='bbox 1975 1584 2099 1622; x_wconf 73' lang='lat' dir='ltr'>sum</span> <span class='ocrx_word' id='word_1_235' title='bbox 2116 1571 2266 1638; x_wconf 81' lang='lat' dir='ltr'>facta</span> <span class='ocrx_word' id='word_1_236' title='bbox 2285 1570 2717 1642; x_wconf 80' lang='lat' dir='ltr'>sunt),ipsaerit</span> <span class='ocrx_word' id='word_1_237' title='bbox 2735 1573 3058 1627; x_wconf 84' lang='lat' dir='ltr'>secundum</span> <span class='ocrx_word' id='word_1_238' title='bbox 3080 1573 3322 1628; x_wconf 88' lang='lat' dir='ltr'>Arianos</span> <span class='ocrx_word' id='word_1_239' title='bbox 3340 1575 3631 1629; x_wconf 89' lang='lat' dir='ltr'>rectitudo</span> 
     </span>
    </p>
   </div>
   <div class='ocr_carea' id='block_1_31' title="bbox 1979 1657 3624 1734">
    <p class='ocr_par' dir='ltr' id='par_1_31' title="bbox 1979 1657 3624 1734">
     <span class='ocr_line' id='line_1_31' title="bbox 1979 1657 3624 1734; baseline 0.005 -23"><span class='ocrx_word' id='word_1_240' title='bbox 1979 1657 2136 1724; x_wconf 82' lang='lat' dir='ltr'>fidei,</span> <span class='ocrx_word' id='word_1_241' title='bbox 2173 1663 2235 1712; x_wconf 91' lang='lat' dir='ltr'>ut</span> <span class='ocrx_word' id='word_1_242' title='bbox 2263 1661 2646 1730; x_wconf 69' lang='lat' dir='ltr'>praeponenda</span> <span class='ocrx_word' id='word_1_243' title='bbox 2679 1660 2762 1715; x_wconf 88' lang='lat' dir='ltr'>sic</span> <span class='ocrx_word' id='word_1_244' title='bbox 2795 1661 3019 1716; x_wconf 87' lang='lat' dir='ltr'>factura</span> <span class='ocrx_word' id='word_1_245' title='bbox 3050 1663 3273 1718; x_wconf 82' lang='lat' dir='ltr'>facturi.</span> <span class='ocrx_word' id='word_1_246' title='bbox 3321 1663 3461 1726; x_wconf 88' lang='lat' dir='ltr'>Quis</span> <span class='ocrx_word' id='word_1_247' title='bbox 3497 1663 3624 1734; x_wconf 86' lang='lat' dir='ltr'>jam</span> 
     </span>
    </p>
   </div>
   <div class='ocr_carea' id='block_1_32' title="bbox 1981 1747 3626 1822">
    <p class='ocr_par' dir='ltr' id='par_1_32' title="bbox 1981 1747 3626 1822">
     <span class='ocr_line' id='line_1_32' title="bbox 1981 1747 3626 1822; baseline 0.003 -21"><span class='ocrx_word' id='word_1_248' title='bbox 1981 1763 2094 1802; x_wconf 89' lang='lat' dir='ltr'>non</span> <span class='ocrx_word' id='word_1_249' title='bbox 2129 1748 2314 1802; x_wconf 84' lang='lat' dir='ltr'>cernit</span> <span class='ocrx_word' id='word_1_250' title='bbox 2346 1747 2404 1802; x_wconf 91' lang='lat' dir='ltr'>in</span> <span class='ocrx_word' id='word_1_251' title='bbox 2432 1749 2586 1818; x_wconf 91' lang='lat' dir='ltr'>quod</span> <span class='ocrx_word' id='word_1_252' title='bbox 2612 1749 2994 1820; x_wconf 68' lang='lat' dir='ltr'>praecipitium</span> <span class='ocrx_word' id='word_1_253' title='bbox 3018 1749 3330 1822; x_wconf 87' lang='lat' dir='ltr'>improvidi</span> <span class='ocrx_word' id='word_1_254' title='bbox 3356 1751 3626 1806; x_wconf 86' lang='lat' dir='ltr'>homines</span> 
     </span>
    </p>
   </div>
   <div class='ocr_carea' id='block_1_33' title="bbox 207 1836 3624 1910">
    <p class='ocr_par' dir='ltr' id='par_1_33' title="bbox 207 1836 3624 1910">
     <span class='ocr_line' id='line_1_33' title="bbox 207 1836 3624 1910; baseline 0.001 -18"><span class='ocrx_word' id='word_1_255' title='bbox 207 1854 300 1909; x_wconf 86' lang='lat' dir='ltr'>quo</span> <span class='ocrx_word' id='word_1_256' title='bbox 330 1844 657 1910; x_wconf 85' lang='lat' dir='ltr'>acceperat</span> <span class='ocrx_word' id='word_1_257' title='bbox 691 1837 972 1892; x_wconf 84' lang='lat' dir='ltr'>reddidit.</span> <span class='ocrx_word' id='word_1_258' title='bbox 1004 1836 1172 1892; x_wconf 91' lang='lat' dir='ltr'>Videt</span> <span class='ocrx_word' id='word_1_259' title='bbox 1202 1836 1360 1892; x_wconf 91' lang='lat' dir='ltr'>enim</span> <span class='ocrx_word' id='word_1_260' title='bbox 1392 1838 1535 1908; x_wconf 87' lang='lat' dir='ltr'>quia</span> <span class='ocrx_word' id='word_1_261' title='bbox 1563 1854 1698 1893; x_wconf 90' lang='lat' dir='ltr'>eum</span> <span class='ocrx_word' id='word_1_262' title='bbox 1730 1843 1870 1896; x_wconf 87' lang='lat' dir='ltr'>tunc</span> <span class='ocrx_word' id='word_1_263' title='bbox 1901 1842 1948 1906; x_wconf 86' lang='grc' dir='ltr'>Β</span> <span class='ocrx_word' id='word_1_264' title='bbox 1979 1837 2216 1901; x_wconf 80' lang='lat' dir='ltr'>cadunt,</span> <span class='ocrx_word' id='word_1_265' title='bbox 2252 1836 2351 1907; x_wconf 86' lang='lat' dir='ltr'>qui</span> <span class='ocrx_word' id='word_1_266' title='bbox 2383 1854 2529 1892; x_wconf 66' lang='lat' dir='ltr'>veras</span> <span class='ocrx_word' id='word_1_267' title='bbox 2561 1837 2695 1892; x_wconf 85' lang='lat' dir='ltr'>tidei</span> <span class='ocrx_word' id='word_1_268' title='bbox 2727 1839 3054 1905; x_wconf 86' lang='lat' dir='ltr'>resitentes,</span> <span class='ocrx_word' id='word_1_269' title='bbox 3089 1839 3392 1910; x_wconf 70' lang='lat' dir='ltr'>perfidiam</span> <span class='ocrx_word' id='word_1_270' title='bbox 3425 1841 3624 1895; x_wconf 82' lang='lat' dir='ltr'>defen-</span> 
     </span>
    </p>
   </div>
   <div class='ocr_carea' id='block_1_34' title="bbox 213 1926 1882 1998">
    <p class='ocr_par' dir='ltr' id='par_1_34' title="bbox 213 1926 1882 1998">
     <span class='ocr_line' id='line_1_34' title="bbox 213 1926 1882 1998; baseline 0.003 -18"><span class='ocrx_word' id='word_1_271' title='bbox 213 1928 344 1998; x_wconf 79' lang='lat' dir='ltr'>apud</span> <span class='ocrx_word' id='word_1_272' title='bbox 378 1944 446 1983; x_wconf 88' lang='lat' dir='ltr'>se</span> <span class='ocrx_word' id='word_1_273' title='bbox 475 1927 729 1992; x_wconf 86' lang='lat' dir='ltr'>habuit,</span> <span class='ocrx_word' id='word_1_274' title='bbox 766 1942 902 1981; x_wconf 90' lang='lat' dir='ltr'>cum</span> <span class='ocrx_word' id='word_1_275' title='bbox 923 1926 1164 1998; x_wconf 86' lang='lat' dir='ltr'>accepit;</span> <span class='ocrx_word' id='word_1_276' title='bbox 1193 1930 1512 1998; x_wconf 85' lang='lat' dir='ltr'>postquam</span> <span class='ocrx_word' id='word_1_277' title='bbox 1537 1931 1735 1983; x_wconf 90' lang='lat' dir='ltr'>autem</span> <span class='ocrx_word' id='word_1_278' title='bbox 1756 1931 1882 1986; x_wconf 86' lang='lat' dir='ltr'>red-</span> 
     </span>
    </p>
   </div>
   <div class='ocr_carea' id='block_1_35' title="bbox 212 2015 1877 2088">
    <p class='ocr_par' dir='ltr' id='par_1_35' title="bbox 212 2015 1877 2088">
     <span class='ocr_line' id='line_1_35' title="bbox 212 2015 1877 2088; baseline 0.001 -16"><span class='ocrx_word' id='word_1_279' title='bbox 212 2017 361 2084; x_wconf 88' lang='lat' dir='ltr'>didit,</span> <span class='ocrx_word' id='word_1_280' title='bbox 393 2015 568 2088; x_wconf 87' lang='lat' dir='ltr'>apud</span> <span class='ocrx_word' id='word_1_281' title='bbox 599 2032 668 2072; x_wconf 90' lang='lat' dir='ltr'>se</span> <span class='ocrx_word' id='word_1_282' title='bbox 701 2015 919 2070; x_wconf 89' lang='lat' dir='ltr'>habere</span> <span class='ocrx_word' id='word_1_283' title='bbox 943 2015 1068 2084; x_wconf 90' lang='lat' dir='ltr'>jam</span> <span class='ocrx_word' id='word_1_284' title='bbox 1106 2015 1362 2072; x_wconf 86' lang='lat' dir='ltr'>destitit.</span> <span class='ocrx_word' id='word_1_285' title='bbox 1391 2015 1553 2070; x_wconf 75' lang='lat' dir='ltr'>sicut</span> <span class='ocrx_word' id='word_1_286' title='bbox 1584 2016 1742 2072; x_wconf 90' lang='lat' dir='ltr'>enim</span> <span class='ocrx_word' id='word_1_287' title='bbox 1774 2035 1877 2073; x_wconf 88' lang='lat' dir='ltr'>ac-</span> 
     </span>
    </p>
   </div>
   <div class='ocr_carea' id='block_1_36' title="bbox 209 2103 1878 2177">
    <p class='ocr_par' dir='ltr' id='par_1_36' title="bbox 209 2103 1878 2177">
     <span class='ocr_line' id='line_1_36' title="bbox 209 2103 1878 2177; baseline 0.002 -16"><span class='ocrx_word' id='word_1_288' title='bbox 209 2107 458 2176; x_wconf 86' lang='lat' dir='ltr'>ceptione</span> <span class='ocrx_word' id='word_1_289' title='bbox 493 2106 728 2160; x_wconf 82' lang='lat' dir='ltr'>factum</span> <span class='ocrx_word' id='word_1_290' title='bbox 762 2111 873 2172; x_wconf 89' lang='lat' dir='ltr'>est,</span> <span class='ocrx_word' id='word_1_291' title='bbox 909 2108 976 2159; x_wconf 91' lang='lat' dir='ltr'>ut</span> <span class='ocrx_word' id='word_1_292' title='bbox 1011 2105 1165 2175; x_wconf 83' lang='lat' dir='ltr'>quod</span> <span class='ocrx_word' id='word_1_293' title='bbox 1198 2121 1315 2159; x_wconf 88' lang='lat' dir='ltr'>non</span> <span class='ocrx_word' id='word_1_294' title='bbox 1352 2103 1583 2168; x_wconf 86' lang='lat' dir='ltr'>habuit,</span> <span class='ocrx_word' id='word_1_295' title='bbox 1615 2107 1770 2177; x_wconf 89' lang='lat' dir='ltr'>apud</span> <span class='ocrx_word' id='word_1_296' title='bbox 1815 2124 1878 2164; x_wconf 87' lang='lat' dir='ltr'>se</span> 
     </span>
    </p>
   </div>
   <div class='ocr_carea' id='block_1_37' title="bbox 205 2193 1876 2266">
    <p class='ocr_par' dir='ltr' id='par_1_37' title="bbox 205 2193 1876 2266">
     <span class='ocr_line' id='line_1_37' title="bbox 205 2193 1876 2266; baseline 0.001 -16"><span class='ocrx_word' id='word_1_297' title='bbox 205 2193 454 2265; x_wconf 75' lang='lat' dir='ltr'>haberet,</span> <span class='ocrx_word' id='word_1_298' title='bbox 491 2195 581 2251; x_wconf 85' lang='lat' dir='ltr'>ita</span> <span class='ocrx_word' id='word_1_299' title='bbox 613 2194 948 2250; x_wconf 87' lang='lat' dir='ltr'>redditione</span> <span class='ocrx_word' id='word_1_300' title='bbox 981 2194 1199 2248; x_wconf 83' lang='lat' dir='ltr'>factum</span> <span class='ocrx_word' id='word_1_301' title='bbox 1233 2193 1435 2259; x_wconf 89' lang='lat' dir='ltr'>est,’ut</span> <span class='ocrx_word' id='word_1_302' title='bbox 1457 2195 1612 2265; x_wconf 90' lang='lat' dir='ltr'>quod</span> <span class='ocrx_word' id='word_1_303' title='bbox 1639 2197 1795 2266; x_wconf 88' lang='lat' dir='ltr'>apud</span> <span class='ocrx_word' id='word_1_304' title='bbox 1815 2213 1876 2253; x_wconf 92' lang='lat' dir='ltr'>se</span> 
     </span>
    </p>
   </div>
   <div class='ocr_carea' id='block_1_38' title="bbox 203 2282 1872 2354">
    <p class='ocr_par' dir='ltr' id='par_1_38' title="bbox 203 2282 1872 2354">
     <span class='ocr_line' id='line_1_38' title="bbox 203 2282 1872 2354; baseline 0.001 -15"><span class='ocrx_word' id='word_1_305' title='bbox 203 2285 422 2350; x_wconf 85' lang='lat' dir='ltr'>habuit,</span> <span class='ocrx_word' id='word_1_306' title='bbox 455 2301 579 2340; x_wconf 90' lang='lat' dir='ltr'>non</span> <span class='ocrx_word' id='word_1_307' title='bbox 599 2283 868 2340; x_wconf 79' lang='lat' dir='ltr'>haberet.</span> <span class='ocrx_word' id='word_1_308' title='bbox 890 2282 1138 2338; x_wconf 85' lang='lat' dir='ltr'>Proinde</span> <span class='ocrx_word' id='word_1_309' title='bbox 1157 2284 1205 2338; x_wconf 88' lang='lat' dir='ltr'>si</span> <span class='ocrx_word' id='word_1_310' title='bbox 1229 2283 1454 2338; x_wconf 83' lang='lat' dir='ltr'>birrum</span> <span class='ocrx_word' id='word_1_311' title='bbox 1487 2283 1653 2354; x_wconf 85' lang='lat' dir='ltr'>dixit,</span> <span class='ocrx_word' id='word_1_312' title='bbox 1679 2301 1790 2341; x_wconf 90' lang='lat' dir='ltr'>non</span> <span class='ocrx_word' id='word_1_313' title='bbox 1815 2287 1872 2341; x_wconf 89' lang='lat' dir='ltr'>in</span> 
     </span>
    </p>
   </div>
   <div class='ocr_carea' id='block_1_39' title="bbox 203 2371 1873 2445">
    <p class='ocr_par' dir='ltr' id='par_1_39' title="bbox 203 2371 1873 2445">
     <span class='ocr_line' id='line_1_39' title="bbox 203 2371 1873 2445; baseline 0 -15"><span class='ocrx_word' id='word_1_314' title='bbox 203 2390 264 2430; x_wconf 82' lang='lat' dir='ltr'>se</span> <span class='ocrx_word' id='word_1_315' title='bbox 283 2391 438 2443; x_wconf 86' lang='lat' dir='ltr'>esse,</span> <span class='ocrx_word' id='word_1_316' title='bbox 471 2375 581 2431; x_wconf 87' lang='lat' dir='ltr'>sed</span> <span class='ocrx_word' id='word_1_317' title='bbox 610 2372 766 2445; x_wconf 89' lang='lat' dir='ltr'>apud</span> <span class='ocrx_word' id='word_1_318' title='bbox 785 2389 847 2428; x_wconf 92' lang='lat' dir='ltr'>se</span> <span class='ocrx_word' id='word_1_319' title='bbox 864 2388 1014 2438; x_wconf 89' lang='lat' dir='ltr'>esse,</span> <span class='ocrx_word' id='word_1_320' title='bbox 1039 2371 1195 2427; x_wconf 90' lang='lat' dir='ltr'>hunc</span> <span class='ocrx_word' id='word_1_321' title='bbox 1217 2377 1417 2427; x_wconf 86' lang='lat' dir='ltr'>tamen</span> <span class='ocrx_word' id='word_1_322' title='bbox 1440 2373 1668 2440; x_wconf 83' lang='lat' dir='ltr'>ﬂatum,</span> <span class='ocrx_word' id='word_1_323' title='bbox 1697 2391 1873 2444; x_wconf 88' lang='lat' dir='ltr'>quem</span> 
     </span>
    </p>
   </div>
   <div class='ocr_carea' id='block_1_40' title="bbox 195 2461 1872 2530">
    <p class='ocr_par' dir='ltr' id='par_1_40' title="bbox 195 2461 1872 2530">
     <span class='ocr_line' id='line_1_40' title="bbox 195 2461 1872 2530; baseline 0.002 -13"><span class='ocrx_word' id='word_1_324' title='bbox 195 2465 646 2521; x_wconf 85' lang='lat' dir='ltr'>decircumfuso</span> <span class='ocrx_word' id='word_1_325' title='bbox 661 2479 796 2519; x_wconf 86' lang='lat' dir='ltr'>aere</span> <span class='ocrx_word' id='word_1_326' title='bbox 813 2461 1070 2518; x_wconf 82' lang='lat' dir='ltr'>vicissim</span> <span class='ocrx_word' id='word_1_327' title='bbox 1084 2461 1872 2530; x_wconf 59' lang='lat' dir='ltr'>sumimusetdlreddimus,</span> 
     </span>
    </p>
   </div>
   <div class='ocr_carea' id='block_1_41' title="bbox 199 2551 1871 2625">
    <p class='ocr_par' dir='ltr' id='par_1_41' title="bbox 199 2551 1871 2625">
     <span class='ocr_line' id='line_1_41' title="bbox 199 2551 1871 2625; baseline 0.001 -18"><span class='ocrx_word' id='word_1_328' title='bbox 199 2552 340 2608; x_wconf 86' lang='lat' dir='ltr'>mihi</span> <span class='ocrx_word' id='word_1_329' title='bbox 360 2553 608 2609; x_wconf 86' lang='lat' dir='ltr'>videtur</span> <span class='ocrx_word' id='word_1_330' title='bbox 629 2551 774 2625; x_wconf 87' lang='lat' dir='ltr'>quia</span> <span class='ocrx_word' id='word_1_331' title='bbox 789 2567 903 2607; x_wconf 89' lang='lat' dir='ltr'>non</span> <span class='ocrx_word' id='word_1_332' title='bbox 919 2551 1218 2616; x_wconf 91' lang='lat' dir='ltr'>dicet,non</span> <span class='ocrx_word' id='word_1_333' title='bbox 1238 2567 1367 2607; x_wconf 89' lang='lat' dir='ltr'>esse</span> <span class='ocrx_word' id='word_1_334' title='bbox 1385 2553 1538 2623; x_wconf 84' lang='lat' dir='ltr'>apud</span> <span class='ocrx_word' id='word_1_335' title='bbox 1564 2552 1871 2623; x_wconf 89' lang='lat' dir='ltr'>hominem,</span> 
     </span>
    </p>
   </div>
   <div class='ocr_carea' id='block_1_42' title="bbox 197 2640 1874 2713">
    <p class='ocr_par' dir='ltr' id='par_1_42' title="bbox 197 2640 1874 2713">
     <span class='ocr_line' id='line_1_42' title="bbox 197 2640 1874 2713; baseline 0.002 -18"><span class='ocrx_word' id='word_1_336' title='bbox 197 2657 329 2696; x_wconf 90' lang='lat' dir='ltr'>cum</span> <span class='ocrx_word' id='word_1_337' title='bbox 363 2647 456 2700; x_wconf 84' lang='lat' dir='ltr'>est</span> <span class='ocrx_word' id='word_1_338' title='bbox 489 2643 552 2697; x_wconf 89' lang='lat' dir='ltr'>in</span> <span class='ocrx_word' id='word_1_339' title='bbox 591 2641 846 2706; x_wconf 89' lang='lat' dir='ltr'>homine,</span> <span class='ocrx_word' id='word_1_340' title='bbox 877 2641 1016 2711; x_wconf 87' lang='lat' dir='ltr'>quia</span> <span class='ocrx_word' id='word_1_341' title='bbox 1035 2645 1176 2696; x_wconf 88' lang='lat' dir='ltr'>tunc</span> <span class='ocrx_word' id='word_1_342' title='bbox 1200 2656 1332 2696; x_wconf 89' lang='lat' dir='ltr'>cum</span> <span class='ocrx_word' id='word_1_343' title='bbox 1358 2640 1535 2695; x_wconf 89' lang='lat' dir='ltr'>homo</span> <span class='ocrx_word' id='word_1_344' title='bbox 1555 2643 1710 2713; x_wconf 89' lang='lat' dir='ltr'>apud</span> <span class='ocrx_word' id='word_1_345' title='bbox 1732 2660 1796 2698; x_wconf 91' lang='lat' dir='ltr'>se</span> <span class='ocrx_word' id='word_1_346' title='bbox 1815 2649 1874 2698; x_wconf 90' lang='lat' dir='ltr'>et</span> 
     </span>
    </p>
   </div>
   <div class='ocr_carea' id='block_1_43' title="bbox 195 2729 1875 2802">
    <p class='ocr_par' dir='ltr' id='par_1_43' title="bbox 195 2729 1875 2802">
     <span class='ocr_line' id='line_1_43' title="bbox 195 2729 1875 2802; baseline 0.002 -19"><span class='ocrx_word' id='word_1_347' title='bbox 195 2729 254 2785; x_wconf 88' lang='lat' dir='ltr'>in</span> <span class='ocrx_word' id='word_1_348' title='bbox 285 2747 351 2787; x_wconf 85' lang='lat' dir='ltr'>se</span> <span class='ocrx_word' id='word_1_349' title='bbox 381 2731 738 2797; x_wconf 85' lang='lat' dir='ltr'>habet,cum</span> <span class='ocrx_word' id='word_1_350' title='bbox 761 2747 898 2786; x_wconf 92' lang='lat' dir='ltr'>eum</span> <span class='ocrx_word' id='word_1_351' title='bbox 923 2729 1139 2801; x_wconf 90' lang='lat' dir='ltr'>accipit</span> <span class='ocrx_word' id='word_1_352' title='bbox 1155 2729 1453 2802; x_wconf 88' lang='lat' dir='ltr'>spirando.</span> <span class='ocrx_word' id='word_1_353' title='bbox 1474 2734 1612 2784; x_wconf 84' lang='lat' dir='ltr'>Cum</span> <span class='ocrx_word' id='word_1_354' title='bbox 1638 2746 1774 2785; x_wconf 89' lang='lat' dir='ltr'>vero</span> <span class='ocrx_word' id='word_1_355' title='bbox 1791 2747 1875 2786; x_wconf 85' lang='lat' dir='ltr'>re-</span> 
     </span>
    </p>
   </div>
   <div class='ocr_carea' id='block_1_44' title="bbox 199 2817 1871 2891">
    <p class='ocr_par' dir='ltr' id='par_1_44' title="bbox 199 2817 1871 2891">
     <span class='ocr_line' id='line_1_44' title="bbox 199 2817 1871 2891; baseline 0 -18"><span class='ocrx_word' id='word_1_356' title='bbox 199 2820 486 2891; x_wconf 83' lang='lat' dir='ltr'>spirando</span> <span class='ocrx_word' id='word_1_357' title='bbox 512 2819 828 2887; x_wconf 86' lang='lat' dir='ltr'>reddit,sic</span> <span class='ocrx_word' id='word_1_358' title='bbox 849 2834 986 2874; x_wconf 90' lang='lat' dir='ltr'>eum</span> <span class='ocrx_word' id='word_1_359' title='bbox 1008 2819 1167 2890; x_wconf 89' lang='lat' dir='ltr'>apud</span> <span class='ocrx_word' id='word_1_360' title='bbox 1184 2835 1248 2874; x_wconf 88' lang='lat' dir='ltr'>se</span> <span class='ocrx_word' id='word_1_361' title='bbox 1262 2834 1377 2873; x_wconf 92' lang='lat' dir='ltr'>non</span> <span class='ocrx_word' id='word_1_362' title='bbox 1397 2817 1871 2885; x_wconf 88' lang='lat' dir='ltr'>habet,sicutneo</span> 
     </span>
    </p>
   </div>
   <div class='ocr_carea' id='block_1_45' title="bbox 199 2907 599 2964">
    <p class='ocr_par' dir='ltr' id='par_1_45' title="bbox 199 2907 599 2964">
     <span class='ocr_line' id='line_1_45' title="bbox 199 2907 599 2964; baseline 0.003 -3"><span class='ocrx_word' id='word_1_363' title='bbox 199 2907 258 2962; x_wconf 87' lang='lat' dir='ltr'>in</span> <span class='ocrx_word' id='word_1_364' title='bbox 293 2925 362 2963; x_wconf 89' lang='lat' dir='ltr'>se</span> <span class='ocrx_word' id='word_1_365' title='bbox 393 2908 599 2964; x_wconf 84' lang='lat' dir='ltr'>habet.</span> 
     </span>
    </p>
   </div>
   <div class='ocr_carea' id='block_1_46' title="bbox 194 2995 1871 3068">
    <p class='ocr_par' dir='ltr' id='par_1_46' title="bbox 194 2995 1871 3068">
     <span class='ocr_line' id='line_1_46' title="bbox 194 2995 1871 3068; baseline -0.001 -15"><span class='ocrx_word' id='word_1_366' title='bbox 194 2997 386 3054; x_wconf 71' lang='lat' dir='ltr'>Cum</span> <span class='ocrx_word' id='word_1_367' title='bbox 415 3015 498 3054; x_wconf 91' lang='grc' dir='ltr'>ιιι.</span> <span class='ocrx_word' id='word_1_368' title='bbox 540 2998 768 3053; x_wconf 72' lang='lat' dir='ltr'>Falsum</span> <span class='ocrx_word' id='word_1_369' title='bbox 797 3001 874 3052; x_wconf 75' lang='lat' dir='ltr'>est</span> <span class='ocrx_word' id='word_1_370' title='bbox 901 2996 1093 3068; x_wconf 80' lang='lat' dir='ltr'>igitur,</span> <span class='ocrx_word' id='word_1_371' title='bbox 1122 2996 1358 3052; x_wconf 83' lang='lat' dir='ltr'>Verbum</span> <span class='ocrx_word' id='word_1_372' title='bbox 1378 2997 1518 3068; x_wconf 84' lang='lat' dir='ltr'>quod</span> <span class='ocrx_word' id='word_1_373' title='bbox 1530 2995 1677 3066; x_wconf 84' lang='lat' dir='ltr'>apud</span> <span class='ocrx_word' id='word_1_374' title='bbox 1699 2997 1871 3052; x_wconf 87' lang='lat' dir='ltr'>Deum</span> 
     </span>
    </p>
   </div>
   <div class='ocr_carea' id='block_1_47' title="bbox 265 3069 1872 3136">
    <p class='ocr_par' dir='ltr' id='par_1_47' title="bbox 265 3069 1872 3136">
     <span class='ocr_line' id='line_1_47' title="bbox 265 3069 1872 3136; baseline -0.001 -11"><span class='ocrx_word' id='word_1_375' title='bbox 265 3079 540 3136; x_wconf 72' lang='lat' dir='ltr'>est,e.ztra</span> <span class='ocrx_word' id='word_1_376' title='bbox 573 3071 745 3124; x_wconf 87' lang='lat' dir='ltr'>Deum</span> <span class='ocrx_word' id='word_1_377' title='bbox 758 3085 890 3133; x_wconf 78' lang='lat' dir='ltr'>esse,</span> <span class='ocrx_word' id='word_1_378' title='bbox 914 3085 1024 3123; x_wconf 84' lang='lat' dir='ltr'>non</span> <span class='ocrx_word' id='word_1_379' title='bbox 1054 3071 1114 3123; x_wconf 86' lang='lat' dir='ltr'>in</span> <span class='ocrx_word' id='word_1_380' title='bbox 1147 3069 1271 3124; x_wconf 87' lang='lat' dir='ltr'>Deo.</span> <span class='ocrx_word' id='word_1_381' title='bbox 1299 3069 1526 3123; x_wconf 83' lang='lat' dir='ltr'>Summa</span> <span class='ocrx_word' id='word_1_382' title='bbox 1556 3069 1872 3124; x_wconf 79' lang='lat' dir='ltr'>absurditas</span> 
     </span>
    </p>
   </div>
   <div class='ocr_carea' id='block_1_48' title="bbox 262 3141 1869 3206">
    <p class='ocr_par' dir='ltr' id='par_1_48' title="bbox 262 3141 1869 3206">
     <span class='ocr_line' id='line_1_48' title="bbox 262 3141 1869 3206; baseline -0.001 -10"><span class='ocrx_word' id='word_1_383' title='bbox 262 3158 368 3197; x_wconf 82' lang='lat' dir='ltr'>nos</span> <span class='ocrx_word' id='word_1_384' title='bbox 398 3159 515 3198; x_wconf 76' lang='lat' dir='ltr'>esse</span> <span class='ocrx_word' id='word_1_385' title='bbox 547 3143 792 3196; x_wconf 75' lang='lat' dir='ltr'>interius</span> <span class='ocrx_word' id='word_1_386' title='bbox 817 3142 950 3206; x_wconf 87' lang='lat' dir='ltr'>Deo,</span> <span class='ocrx_word' id='word_1_387' title='bbox 988 3141 1220 3196; x_wconf 85' lang='lat' dir='ltr'>Verbum</span> <span class='ocrx_word' id='word_1_388' title='bbox 1252 3145 1444 3196; x_wconf 87' lang='lat' dir='ltr'>autem</span> <span class='ocrx_word' id='word_1_389' title='bbox 1473 3142 1869 3196; x_wconf 76' lang='lat' dir='ltr'>exterius.Alia</span> 
     </span>
    </p>
   </div>
   <div class='ocr_carea' id='block_1_49' title="bbox 257 3213 1933 3298">
    <p class='ocr_par' dir='ltr' id='par_1_49' title="bbox 257 3213 1933 3298">
     <span class='ocr_line' id='line_1_49' title="bbox 257 3213 1933 3298; baseline 0 -32"><span class='ocrx_word' id='word_1_390' title='bbox 257 3213 589 3298; x_wconf 62' lang='lat' dir='ltr'>absurdities</span> <span class='ocrx_word' id='word_1_391' title='bbox 612 3217 675 3267; x_wconf 89' lang='lat' dir='ltr'>ut</span> <span class='ocrx_word' id='word_1_392' title='bbox 694 3214 923 3298; x_wconf 71' lang='lat' dir='ltr'>factura</span> <span class='ocrx_word' id='word_1_393' title='bbox 945 3218 1292 3298; x_wconf 62' lang='lat' dir='ltr'>proponatur</span> <span class='ocrx_word' id='word_1_394' title='bbox 1305 3214 1530 3298; x_wconf 59' lang='lat' dir='ltr'>[actor-1&#39;.</span> <span class='ocrx_word' id='word_1_395' title='bbox 1546 3213 1716 3298; x_wconf 62' lang='lat' dir='ltr'>iliajor</span> <span class='ocrx_word' id='word_1_396' title='bbox 1735 3213 1864 3266; x_wconf 82' lang='lat' dir='ltr'>item</span> <span class='ocrx_word' id='word_1_397' title='bbox 1890 3231 1933 3298; x_wconf 71' lang='grc' dir='ltr'><strong>ρ</strong></span> 
     </span>
    </p>
   </div>
   <div class='ocr_carea' id='block_1_50' title="bbox 252 3283 1860 3357">
    <p class='ocr_par' dir='ltr' id='par_1_50' title="bbox 252 3283 1860 3357">
     <span class='ocr_line' id='line_1_50' title="bbox 252 3283 1860 3357; baseline -0.001 -18"><span class='ocrx_word' id='word_1_398' title='bbox 252 3285 578 3341; x_wconf 71' lang='lat' dir='ltr'>absurdius</span> <span class='ocrx_word' id='word_1_399' title='bbox 599 3286 852 3357; x_wconf 73' lang='lat' dir='ltr'>sequitur</span> <span class='ocrx_word' id='word_1_400' title='bbox 864 3289 924 3339; x_wconf 89' lang='lat' dir='ltr'>ut</span> <span class='ocrx_word' id='word_1_401' title='bbox 938 3287 1194 3340; x_wconf 80' lang='lat' dir='ltr'>creatura</span> <span class='ocrx_word' id='word_1_402' title='bbox 1211 3283 1382 3339; x_wconf 72' lang='lat' dir='ltr'>unius</span> <span class='ocrx_word' id='word_1_403' title='bbox 1401 3286 1478 3340; x_wconf 76' lang='lat' dir='ltr'>sit</span> <span class='ocrx_word' id='word_1_404' title='bbox 1495 3288 1716 3341; x_wconf 74' lang='lat' dir='ltr'>naturae</span> <span class='ocrx_word' id='word_1_405' title='bbox 1734 3300 1860 3340; x_wconf 90' lang='lat' dir='ltr'>cum</span> 
     </span>
    </p>
   </div>
   <div class='ocr_carea' id='block_1_51' title="bbox 257 3367 542 3413">
    <p class='ocr_par' dir='ltr' id='par_1_51' title="bbox 257 3367 542 3413">
     <span class='ocr_line' id='line_1_51' title="bbox 257 3367 542 3413; baseline 0.011 -3"><span class='ocrx_word' id='word_1_406' title='bbox 257 3367 542 3413; x_wconf 77' lang='lat' dir='ltr'>creatore.</span> 
     </span>
    </p>
   </div>
   <div class='ocr_carea' id='block_1_52' title="bbox 257 3444 1862 3518">
    <p class='ocr_par' dir='ltr' id='par_1_52' title="bbox 257 3444 1862 3518">
     <span class='ocr_line' id='line_1_52' title="bbox 257 3444 1862 3518; baseline 0.002 -20"><span class='ocrx_word' id='word_1_407' title='bbox 257 3446 775 3518; x_wconf 86' lang='lat' dir='ltr'>Frustraigiturin</span> <span class='ocrx_word' id='word_1_408' title='bbox 792 3445 893 3501; x_wconf 91' lang='lat' dir='ltr'>illa</span> <span class='ocrx_word' id='word_1_409' title='bbox 905 3444 1405 3516; x_wconf 85' lang='lat' dir='ltr'>disputatione,de</span> <span class='ocrx_word' id='word_1_410' title='bbox 1421 3445 1531 3501; x_wconf 88' lang='lat' dir='ltr'>hoc</span> <span class='ocrx_word' id='word_1_411' title='bbox 1555 3445 1714 3516; x_wconf 89' lang='lat' dir='ltr'>quod</span> <span class='ocrx_word' id='word_1_412' title='bbox 1734 3446 1862 3502; x_wconf 84' lang='lat' dir='ltr'>dio-</span> 
     </span>
    </p>
   </div>
   <div class='ocr_carea' id='block_1_53' title="bbox 178 3534 1864 3604">
    <p class='ocr_par' dir='ltr' id='par_1_53' title="bbox 178 3534 1864 3604">
     <span class='ocr_line' id='line_1_53' title="bbox 178 3534 1864 3604; baseline 0.002 -18"><span class='ocrx_word' id='word_1_413' title='bbox 178 3537 315 3590; x_wconf 84' lang='lat' dir='ltr'>tum</span> <span class='ocrx_word' id='word_1_414' title='bbox 349 3545 440 3591; x_wconf 85' lang='lat' dir='ltr'>est</span> <span class='ocrx_word' id='word_1_415' title='bbox 473 3553 488 3591; x_wconf 90' lang='lat'><strong>:</strong></span> <span class='ocrx_word' id='word_1_416' title='bbox 556 3535 792 3590; x_wconf 84' lang='lat' dir='ltr'>Verbum</span> <span class='ocrx_word' id='word_1_417' title='bbox 823 3542 945 3589; x_wconf 79' lang='lat' dir='ltr'>erat</span> <span class='ocrx_word' id='word_1_418' title='bbox 964 3535 1114 3604; x_wconf 79' lang='lat' dir='ltr'>apud</span> <span class='ocrx_word' id='word_1_419' title='bbox 1145 3535 1335 3600; x_wconf 83' lang='lat' dir='ltr'>Deum,</span> <span class='ocrx_word' id='word_1_420' title='bbox 1371 3550 1632 3591; x_wconf 85' lang='lat' dir='ltr'>asserere</span> <span class='ocrx_word' id='word_1_421' title='bbox 1685 3534 1864 3589; x_wconf 82' lang='lat' dir='ltr'>voluit</span> 
     </span>
    </p>
   </div>
   <div class='ocr_carea' id='block_1_54' title="bbox 185 3623 1864 3697">
    <p class='ocr_par' dir='ltr' id='par_1_54' title="bbox 185 3623 1864 3697">
     <span class='ocr_line' id='line_1_54' title="bbox 185 3623 1864 3697; baseline 0.001 -19"><span class='ocrx_word' id='word_1_422' title='bbox 185 3625 354 3694; x_wconf 86' lang='lat' dir='ltr'>quod</span> <span class='ocrx_word' id='word_1_423' title='bbox 389 3627 450 3680; x_wconf 78' lang='lat' dir='ltr'>iu</span> <span class='ocrx_word' id='word_1_424' title='bbox 482 3625 674 3697; x_wconf 78' lang='lat' dir='ltr'>aliqua</span> <span class='ocrx_word' id='word_1_425' title='bbox 707 3629 800 3680; x_wconf 88' lang='lat' dir='ltr'>est</span> <span class='ocrx_word' id='word_1_426' title='bbox 830 3641 960 3680; x_wconf 88' lang='lat' dir='ltr'>esse</span> <span class='ocrx_word' id='word_1_427' title='bbox 985 3641 1218 3696; x_wconf 86' lang='lat' dir='ltr'>semper</span> <span class='ocrx_word' id='word_1_428' title='bbox 1237 3625 1510 3692; x_wconf 88' lang='lat' dir='ltr'>interius,</span> <span class='ocrx_word' id='word_1_429' title='bbox 1539 3626 1693 3696; x_wconf 85' lang='lat' dir='ltr'>quod</span> <span class='ocrx_word' id='word_1_430' title='bbox 1713 3623 1864 3696; x_wconf 82' lang='lat' dir='ltr'>apud</span> 
     </span>
    </p>
   </div>
   <div class='ocr_carea' id='block_1_55' title="bbox 185 3712 1862 3784">
    <p class='ocr_par' dir='ltr' id='par_1_55' title="bbox 185 3712 1862 3784">
     <span class='ocr_line' id='line_1_55' title="bbox 185 3712 1862 3784; baseline 0.002 -18"><span class='ocrx_word' id='word_1_431' title='bbox 185 3712 454 3783; x_wconf 74' lang='lat' dir='ltr'>aliquem</span> <span class='ocrx_word' id='word_1_432' title='bbox 484 3720 576 3770; x_wconf 88' lang='lat' dir='ltr'>est</span> <span class='ocrx_word' id='word_1_433' title='bbox 608 3729 739 3770; x_wconf 90' lang='lat' dir='ltr'>esse</span> <span class='ocrx_word' id='word_1_434' title='bbox 770 3729 1004 3784; x_wconf 88' lang='lat' dir='ltr'>semper</span> <span class='ocrx_word' id='word_1_435' title='bbox 1061 3713 1337 3783; x_wconf 89' lang='lat' dir='ltr'>exterius,</span> <span class='ocrx_word' id='word_1_436' title='bbox 1397 3730 1534 3769; x_wconf 91' lang='lat' dir='ltr'>cum</span> <span class='ocrx_word' id='word_1_437' title='bbox 1567 3714 1741 3769; x_wconf 83' lang='lat' dir='ltr'>ﬂatus</span> <span class='ocrx_word' id='word_1_438' title='bbox 1773 3730 1862 3770; x_wconf 79' lang='lat' dir='ltr'>re-</span> 
     </span>
    </p>
   </div>
   <div class='ocr_carea' id='block_1_56' title="bbox 187 3801 1862 3874">
    <p class='ocr_par' dir='ltr' id='par_1_56' title="bbox 187 3801 1862 3874">
     <span class='ocr_line' id='line_1_56' title="bbox 187 3801 1862 3874; baseline 0.001 -18"><span class='ocrx_word' id='word_1_439' title='bbox 187 3807 410 3874; x_wconf 85' lang='lat' dir='ltr'>ceptus</span> <span class='ocrx_word' id='word_1_440' title='bbox 428 3805 486 3859; x_wconf 91' lang='lat' dir='ltr'>in</span> <span class='ocrx_word' id='word_1_441' title='bbox 507 3801 916 3874; x_wconf 88' lang='lat' dir='ltr'>corpus,sicin</span> <span class='ocrx_word' id='word_1_442' title='bbox 939 3802 1172 3858; x_wconf 90' lang='lat' dir='ltr'>homine</span> <span class='ocrx_word' id='word_1_443' title='bbox 1189 3803 1360 3870; x_wconf 88' lang='lat' dir='ltr'>sit,ut</span> <span class='ocrx_word' id='word_1_444' title='bbox 1381 3803 1537 3874; x_wconf 88' lang='lat' dir='ltr'>apud</span> <span class='ocrx_word' id='word_1_445' title='bbox 1562 3803 1862 3858; x_wconf 89' lang='lat' dir='ltr'>hominem</span> 
     </span>
    </p>
   </div>
   <div class='ocr_carea' id='block_1_57' title="bbox 196 3891 1863 3963">
    <p class='ocr_par' dir='ltr' id='par_1_57' title="bbox 196 3891 1863 3963">
     <span class='ocr_line' id='line_1_57' title="bbox 196 3891 1863 3963; baseline 0.001 -19"><span class='ocrx_word' id='word_1_446' title='bbox 196 3891 304 3945; x_wconf 79' lang='lat' dir='ltr'>sit.</span> <span class='ocrx_word' id='word_1_447' title='bbox 339 3893 414 3948; x_wconf 81' lang='lat' dir='ltr'>Et</span> <span class='ocrx_word' id='word_1_448' title='bbox 441 3909 651 3950; x_wconf 85' lang='lat' dir='ltr'>rursus</span> <span class='ocrx_word' id='word_1_449' title='bbox 681 3909 714 3948; x_wconf 89' lang='lat' dir='ltr'>e</span> <span class='ocrx_word' id='word_1_450' title='bbox 739 3908 983 3963; x_wconf 90' lang='lat' dir='ltr'>corpore</span> <span class='ocrx_word' id='word_1_451' title='bbox 1014 3891 1299 3959; x_wconf 89' lang='lat' dir='ltr'>redditus,</span> <span class='ocrx_word' id='word_1_452' title='bbox 1329 3893 1409 3946; x_wconf 89' lang='lat' dir='ltr'>ita</span> <span class='ocrx_word' id='word_1_453' title='bbox 1455 3909 1568 3946; x_wconf 92' lang='lat' dir='ltr'>non</span> <span class='ocrx_word' id='word_1_454' title='bbox 1603 3891 1680 3947; x_wconf 89' lang='lat' dir='ltr'>sit</span> <span class='ocrx_word' id='word_1_455' title='bbox 1708 3891 1863 3962; x_wconf 87' lang='lat' dir='ltr'>apud</span> 
     </span>
    </p>
   </div>
   <div class='ocr_carea' id='block_1_58' title="bbox 195 3978 1868 4054">
    <p class='ocr_par' dir='ltr' id='par_1_58' title="bbox 195 3978 1868 4054">
     <span class='ocr_line' id='line_1_58' title="bbox 195 3978 1868 4054; baseline 0.002 -21"><span class='ocrx_word' id='word_1_456' title='bbox 195 3978 1047 4054; x_wconf 86' lang='lat' dir='ltr'>hominem,quemadmodum</span> <span class='ocrx_word' id='word_1_457' title='bbox 1075 3997 1190 4036; x_wconf 83' lang='lat' dir='ltr'>non</span> <span class='ocrx_word' id='word_1_458' title='bbox 1209 3980 1380 4036; x_wconf 88' lang='lat' dir='ltr'>estin</span> <span class='ocrx_word' id='word_1_459' title='bbox 1407 3979 1868 4036; x_wconf 89' lang='lat' dir='ltr'>homine.Minus</span> 
     </span>
    </p>
   </div>
   <div class='ocr_carea' id='block_1_59' title="bbox 191 4069 1868 4141">
    <p class='ocr_par' dir='ltr' id='par_1_59' title="bbox 191 4069 1868 4141">
     <span class='ocr_line' id='line_1_59' title="bbox 191 4069 1868 4141; baseline 0.002 -18"><span class='ocrx_word' id='word_1_460' title='bbox 191 4069 362 4124; x_wconf 82' lang='lat' dir='ltr'>enim</span> <span class='ocrx_word' id='word_1_461' title='bbox 392 4070 644 4126; x_wconf 83' lang='lat' dir='ltr'>attendit</span> <span class='ocrx_word' id='word_1_462' title='bbox 674 4073 734 4125; x_wconf 87' lang='lat' dir='ltr'>in</span> <span class='ocrx_word' id='word_1_463' title='bbox 757 4070 889 4136; x_wconf 90' lang='lat' dir='ltr'>hoc,</span> <span class='ocrx_word' id='word_1_464' title='bbox 913 4070 1070 4141; x_wconf 90' lang='lat' dir='ltr'>quod</span> <span class='ocrx_word' id='word_1_465' title='bbox 1096 4069 1352 4125; x_wconf 90' lang='lat' dir='ltr'>absurdo</span> <span class='ocrx_word' id='word_1_466' title='bbox 1388 4069 1684 4124; x_wconf 88' lang='lat' dir='ltr'>nitebatur</span> <span class='ocrx_word' id='word_1_467' title='bbox 1713 4086 1868 4126; x_wconf 88' lang='lat' dir='ltr'>asse-</span> 
     </span>
    </p>
   </div>
   <div class='ocr_carea' id='block_1_60' title="bbox 193 4158 1865 4231">
    <p class='ocr_par' dir='ltr' id='par_1_60' title="bbox 193 4158 1865 4231">
     <span class='ocr_line' id='line_1_60' title="bbox 193 4158 1865 4231; baseline -0.001 -16"><span class='ocrx_word' id='word_1_468' title='bbox 193 4175 332 4215; x_wconf 85' lang='lat' dir='ltr'>rere</span> <span class='ocrx_word' id='word_1_469' title='bbox 361 4161 735 4228; x_wconf 87' lang='lat' dir='ltr'>documento,</span> <span class='ocrx_word' id='word_1_470' title='bbox 787 4176 966 4231; x_wconf 90' lang='lat' dir='ltr'>quam</span> <span class='ocrx_word' id='word_1_471' title='bbox 1000 4161 1228 4231; x_wconf 84' lang='lat' dir='ltr'>gravior</span> <span class='ocrx_word' id='word_1_472' title='bbox 1267 4175 1403 4214; x_wconf 90' lang='lat' dir='ltr'>cum</span> <span class='ocrx_word' id='word_1_473' title='bbox 1439 4158 1865 4229; x_wconf 88' lang='lat' dir='ltr'>subsequenter</span> 
     </span>
    </p>
   </div>
   <div class='ocr_carea' id='block_1_61' title="bbox 197 4247 1862 4307">
    <p class='ocr_par' dir='ltr' id='par_1_61' title="bbox 197 4247 1862 4307">
     <span class='ocr_line' id='line_1_61' title="bbox 197 4247 1862 4307; baseline 0 -4"><span class='ocrx_word' id='word_1_474' title='bbox 197 4250 540 4307; x_wconf 72' lang='lat' dir='ltr'>abem-ditas</span> <span class='ocrx_word' id='word_1_475' title='bbox 569 4254 800 4306; x_wconf 88' lang='lat' dir='ltr'>teneret</span> <span class='ocrx_word' id='word_1_476' title='bbox 831 4249 1130 4305; x_wconf 84' lang='lat' dir='ltr'>innexum.</span> <span class='ocrx_word' id='word_1_477' title='bbox 1165 4247 1390 4304; x_wconf 89' lang='lat' dir='ltr'>Etenim</span> <span class='ocrx_word' id='word_1_478' title='bbox 1436 4263 1573 4304; x_wconf 92' lang='lat' dir='ltr'>cum</span> <span class='ocrx_word' id='word_1_479' title='bbox 1615 4248 1862 4303; x_wconf 87' lang='lat' dir='ltr'>dicitur:</span> 
     </span>
    </p>
   </div>
   <div class='ocr_carea' id='block_1_62' title="bbox 197 4338 1864 4412">
    <p class='ocr_par' dir='ltr' id='par_1_62' title="bbox 197 4338 1864 4412">
     <span class='ocr_line' id='line_1_62' title="bbox 197 4338 1864 4412; baseline 0 -20"><span class='ocrx_word' id='word_1_480' title='bbox 197 4339 270 4392; x_wconf 79' lang='lat' dir='ltr'>In</span> <span class='ocrx_word' id='word_1_481' title='bbox 301 4342 585 4412; x_wconf 76' lang='lat' dir='ltr'>principio</span> <span class='ocrx_word' id='word_1_482' title='bbox 615 4343 739 4395; x_wconf 89' lang='lat' dir='ltr'>erat</span> <span class='ocrx_word' id='word_1_483' title='bbox 769 4339 1018 4407; x_wconf 75' lang='lat' dir='ltr'>Verbum,</span> <span class='ocrx_word' id='word_1_484' title='bbox 1041 4347 1093 4393; x_wconf 82' lang='lat' dir='ltr'>et</span> <span class='ocrx_word' id='word_1_485' title='bbox 1114 4338 1347 4393; x_wconf 85' lang='lat' dir='ltr'>Verbum</span> <span class='ocrx_word' id='word_1_486' title='bbox 1368 4342 1486 4393; x_wconf 86' lang='lat' dir='ltr'>erat</span> <span class='ocrx_word' id='word_1_487' title='bbox 1506 4345 1647 4408; x_wconf 77' lang='lat' dir='ltr'>aput</span> <span class='ocrx_word' id='word_1_488' title='bbox 1678 4338 1864 4405; x_wconf 88' lang='lat' dir='ltr'>Deum,</span> 
     </span>
    </p>
   </div>
   <div class='ocr_carea' id='block_1_63' title="bbox 197 4425 1867 4497">
    <p class='ocr_par' dir='ltr' id='par_1_63' title="bbox 197 4425 1867 4497">
     <span class='ocr_line' id='line_1_63' title="bbox 197 4425 1867 4497; baseline 0.001 -17"><span class='ocrx_word' id='word_1_489' title='bbox 197 4430 256 4480; x_wconf 82' lang='lat' dir='ltr'>et</span> <span class='ocrx_word' id='word_1_490' title='bbox 279 4427 422 4483; x_wconf 75' lang='lat' dir='ltr'>Deus</span> <span class='ocrx_word' id='word_1_491' title='bbox 435 4437 554 4484; x_wconf 86' lang='lat' dir='ltr'>erat</span> <span class='ocrx_word' id='word_1_492' title='bbox 579 4429 838 4484; x_wconf 82' lang='lat' dir='ltr'>Verbum.</span> <span class='ocrx_word' id='word_1_493' title='bbox 866 4426 924 4480; x_wconf 89' lang='lat' dir='ltr'>Si</span> <span class='ocrx_word' id='word_1_494' title='bbox 947 4425 1203 4482; x_wconf 89' lang='lat' dir='ltr'>exterius</span> <span class='ocrx_word' id='word_1_495' title='bbox 1233 4430 1324 4481; x_wconf 91' lang='lat' dir='ltr'>est</span> <span class='ocrx_word' id='word_1_496' title='bbox 1343 4442 1514 4481; x_wconf 91' lang='lat' dir='ltr'>omne</span> <span class='ocrx_word' id='word_1_497' title='bbox 1538 4427 1696 4497; x_wconf 92' lang='lat' dir='ltr'>quod</span> <span class='ocrx_word' id='word_1_498' title='bbox 1713 4426 1867 4497; x_wconf 82' lang='lat' dir='ltr'>apud</span> 
     </span>
    </p>
   </div>
   <div class='ocr_carea' id='block_1_64' title="bbox 203 4514 1864 4585">
    <p class='ocr_par' dir='ltr' id='par_1_64' title="bbox 203 4514 1864 4585">
     <span class='ocr_line' id='line_1_64' title="bbox 203 4514 1864 4585; baseline 0 -15"><span class='ocrx_word' id='word_1_499' title='bbox 203 4514 398 4573; x_wconf 89' lang='lat' dir='ltr'>Deum</span> <span class='ocrx_word' id='word_1_500' title='bbox 437 4523 549 4582; x_wconf 86' lang='lat' dir='ltr'>est,</span> <span class='ocrx_word' id='word_1_501' title='bbox 602 4525 659 4572; x_wconf 89' lang='lat' dir='ltr'>et</span> <span class='ocrx_word' id='word_1_502' title='bbox 701 4515 952 4571; x_wconf 87' lang='lat' dir='ltr'>interius</span> <span class='ocrx_word' id='word_1_503' title='bbox 981 4519 1072 4570; x_wconf 89' lang='lat' dir='ltr'>est</span> <span class='ocrx_word' id='word_1_504' title='bbox 1101 4531 1274 4570; x_wconf 89' lang='lat' dir='ltr'>omne</span> <span class='ocrx_word' id='word_1_505' title='bbox 1301 4515 1455 4585; x_wconf 90' lang='lat' dir='ltr'>quod</span> <span class='ocrx_word' id='word_1_506' title='bbox 1494 4514 1550 4568; x_wconf 90' lang='lat' dir='ltr'>in</span> <span class='ocrx_word' id='word_1_507' title='bbox 1584 4518 1699 4570; x_wconf 91' lang='lat' dir='ltr'>Deo</span> <span class='ocrx_word' id='word_1_508' title='bbox 1743 4518 1864 4582; x_wconf 90' lang='lat' dir='ltr'>est;</span> 
     </span>
    </p>
   </div>
   <div class='ocr_carea' id='block_1_65' title="bbox 1987 1925 3632 2000">
    <p class='ocr_par' dir='ltr' id='par_1_65' title="bbox 1987 1925 3632 2000">
     <span class='ocr_line' id='line_1_65' title="bbox 1987 1925 3632 2000; baseline 0.002 -21"><span class='ocrx_word' id='word_1_509' title='bbox 1987 1942 2116 1980; x_wconf 86' lang='lat' dir='ltr'>sare</span> <span class='ocrx_word' id='word_1_510' title='bbox 2137 1925 2522 1982; x_wconf 86' lang='lat' dir='ltr'>contendunt?</span> <span class='ocrx_word' id='word_1_511' title='bbox 2543 1927 2686 1990; x_wconf 90' lang='lat' dir='ltr'>Quid</span> <span class='ocrx_word' id='word_1_512' title='bbox 2709 1926 2863 1981; x_wconf 89' lang='lat' dir='ltr'>enim</span> <span class='ocrx_word' id='word_1_513' title='bbox 2887 1927 3047 1982; x_wconf 81' lang='lat' dir='ltr'>aliud</span> <span class='ocrx_word' id='word_1_514' title='bbox 3065 1926 3280 1982; x_wconf 90' lang='lat' dir='ltr'>talibus</span> <span class='ocrx_word' id='word_1_515' title='bbox 3303 1929 3494 1984; x_wconf 90' lang='lat' dir='ltr'>verbis</span> <span class='ocrx_word' id='word_1_516' title='bbox 3512 1929 3632 2000; x_wconf 89' lang='lat' dir='ltr'>agi-</span> 
     </span>
    </p>
   </div>
   <div class='ocr_carea' id='block_1_66' title="bbox 1982 2014 3629 2085">
    <p class='ocr_par' dir='ltr' id='par_1_66' title="bbox 1982 2014 3629 2085">
     <span class='ocr_line' id='line_1_66' title="bbox 1982 2014 3629 2085; baseline 0.002 -17"><span class='ocrx_word' id='word_1_517' title='bbox 1982 2019 2104 2080; x_wconf 89' lang='lat' dir='ltr'>tur,</span> <span class='ocrx_word' id='word_1_518' title='bbox 2128 2015 2238 2069; x_wconf 90' lang='lat' dir='ltr'>nisi</span> <span class='ocrx_word' id='word_1_519' title='bbox 2265 2020 2328 2070; x_wconf 92' lang='lat' dir='ltr'>ut</span> <span class='ocrx_word' id='word_1_520' title='bbox 2358 2014 2536 2085; x_wconf 89' lang='lat' dir='ltr'>hujus</span> <span class='ocrx_word' id='word_1_521' title='bbox 2568 2014 2904 2071; x_wconf 79' lang='lat' dir='ltr'>defensione</span> <span class='ocrx_word' id='word_1_522' title='bbox 2925 2015 3250 2082; x_wconf 67' lang='lat' dir='ltr'>sententiae,</span> <span class='ocrx_word' id='word_1_523' title='bbox 3273 2017 3629 2072; x_wconf 89' lang='lat' dir='ltr'>conditionis</span> 
     </span>
    </p>
   </div>
   <div class='ocr_carea' id='block_1_67' title="bbox 1981 2103 3628 2177">
    <p class='ocr_par' dir='ltr' id='par_1_67' title="bbox 1981 2103 3628 2177">
     <span class='ocr_line' id='line_1_67' title="bbox 1981 2103 3628 2177; baseline -0.001 -17"><span class='ocrx_word' id='word_1_524' title='bbox 1981 2121 2101 2160; x_wconf 67' lang='lat' dir='ltr'>suae</span> <span class='ocrx_word' id='word_1_525' title='bbox 2137 2121 2204 2160; x_wconf 89' lang='lat' dir='ltr'>ac</span> <span class='ocrx_word' id='word_1_526' title='bbox 2237 2105 2658 2176; x_wconf 89' lang='lat' dir='ltr'>redemptionis</span> <span class='ocrx_word' id='word_1_527' title='bbox 2689 2103 2891 2170; x_wconf 90' lang='lat' dir='ltr'>oblita,</span> <span class='ocrx_word' id='word_1_528' title='bbox 2928 2104 3304 2177; x_wconf 78' lang='lat' dir='ltr'>semetipsum</span> <span class='ocrx_word' id='word_1_529' title='bbox 3333 2104 3478 2160; x_wconf 86' lang='lat' dir='ltr'>Filio</span> <span class='ocrx_word' id='word_1_530' title='bbox 3501 2105 3628 2174; x_wconf 88' lang='lat' dir='ltr'>Dei,</span> 
     </span>
    </p>
   </div>
   <div class='ocr_carea' id='block_1_68' title="bbox 1983 2194 3630 2266">
    <p class='ocr_par' dir='ltr' id='par_1_68' title="bbox 1983 2194 3630 2266">
     <span class='ocr_line' id='line_1_68' title="bbox 1983 2194 3630 2266; baseline 0.002 -18"><span class='ocrx_word' id='word_1_531' title='bbox 1983 2211 2095 2250; x_wconf 90' lang='lat' dir='ltr'>non</span> <span class='ocrx_word' id='word_1_532' title='bbox 2115 2195 2304 2250; x_wconf 86' lang='lat' dir='ltr'>solum</span> <span class='ocrx_word' id='word_1_533' title='bbox 2329 2211 2579 2266; x_wconf 86' lang='lat' dir='ltr'>aequare,</span> <span class='ocrx_word' id='word_1_534' title='bbox 2609 2195 2705 2250; x_wconf 90' lang='lat' dir='ltr'>sed</span> <span class='ocrx_word' id='word_1_535' title='bbox 2733 2204 2783 2248; x_wconf 88' lang='lat' dir='ltr'>et</span> <span class='ocrx_word' id='word_1_536' title='bbox 2807 2195 3074 2264; x_wconf 81' lang='lat' dir='ltr'>praeferre</span> <span class='ocrx_word' id='word_1_537' title='bbox 3097 2194 3308 2249; x_wconf 87' lang='lat' dir='ltr'>audeat</span> <span class='ocrx_word' id='word_1_538' title='bbox 3330 2199 3630 2252; x_wconf 85' lang='lat' dir='ltr'>creatura?</span> 
     </span>
    </p>
   </div>
   <div class='ocr_carea' id='block_1_69' title="bbox 1981 2283 3626 2356">
    <p class='ocr_par' dir='ltr' id='par_1_69' title="bbox 1981 2283 3626 2356">
     <span class='ocr_line' id='line_1_69' title="bbox 1981 2283 3626 2356; baseline -0.001 -16"><span class='ocrx_word' id='word_1_539' title='bbox 1981 2284 2162 2340; x_wconf 89' lang='lat' dir='ltr'>Miror</span> <span class='ocrx_word' id='word_1_540' title='bbox 2192 2290 2415 2350; x_wconf 84' lang='lat' dir='ltr'>autem,</span> <span class='ocrx_word' id='word_1_541' title='bbox 2449 2283 2743 2356; x_wconf 92' lang='lat' dir='ltr'>quomodo</span> <span class='ocrx_word' id='word_1_542' title='bbox 2777 2301 2892 2339; x_wconf 91' lang='lat' dir='ltr'>non</span> <span class='ocrx_word' id='word_1_543' title='bbox 2925 2283 3318 2352; x_wconf 89' lang='lat' dir='ltr'>considerant,</span> <span class='ocrx_word' id='word_1_544' title='bbox 3342 2301 3375 2339; x_wconf 87' lang='lat' dir='ltr'>a</span> <span class='ocrx_word' id='word_1_545' title='bbox 3408 2284 3626 2355; x_wconf 91' lang='lat' dir='ltr'>quibus</span> 
     </span>
    </p>
   </div>
   <div class='ocr_carea' id='block_1_70' title="bbox 1979 2373 3624 2446">
    <p class='ocr_par' dir='ltr' id='par_1_70' title="bbox 1979 2373 3624 2446">
     <span class='ocr_line' id='line_1_70' title="bbox 1979 2373 3624 2446; baseline 0 -18"><span class='ocrx_word' id='word_1_546' title='bbox 1979 2374 2123 2430; x_wconf 90' lang='lat' dir='ltr'>illud</span> <span class='ocrx_word' id='word_1_547' title='bbox 2143 2376 2444 2440; x_wconf 86' lang='lat' dir='ltr'>asseritur,</span> <span class='ocrx_word' id='word_1_548' title='bbox 2469 2391 2646 2446; x_wconf 89' lang='lat' dir='ltr'>quam</span> <span class='ocrx_word' id='word_1_549' title='bbox 2669 2374 2921 2429; x_wconf 88' lang='lat' dir='ltr'>deterior</span> <span class='ocrx_word' id='word_1_550' title='bbox 2940 2389 3008 2428; x_wconf 87' lang='lat' dir='ltr'>ex</span> <span class='ocrx_word' id='word_1_551' title='bbox 3025 2389 3090 2428; x_wconf 91' lang='lat' dir='ltr'>eo</span> <span class='ocrx_word' id='word_1_552' title='bbox 3116 2373 3340 2427; x_wconf 86' lang='lat' dir='ltr'>fructus</span> <span class='ocrx_word' id='word_1_553' title='bbox 3364 2373 3624 2428; x_wconf 65' lang='lat' dir='ltr'>nefandas</span> 
     </span>
    </p>
   </div>
   <div class='ocr_carea' id='block_1_71' title="bbox 1977 2459 3624 2531">
    <p class='ocr_par' dir='ltr' id='par_1_71' title="bbox 1977 2459 3624 2531">
     <span class='ocr_line' id='line_1_71' title="bbox 1977 2459 3624 2531; baseline 0.001 -16"><span class='ocrx_word' id='word_1_554' title='bbox 1977 2460 2357 2531; x_wconf 62' lang='lat' dir='ltr'>blasphemia</span> <span class='ocrx_word' id='word_1_555' title='bbox 2392 2465 2684 2516; x_wconf 89' lang='lat' dir='ltr'>nascatur.</span> <span class='ocrx_word' id='word_1_556' title='bbox 2719 2460 2895 2514; x_wconf 87' lang='lat' dir='ltr'>Aiunt</span> <span class='ocrx_word' id='word_1_557' title='bbox 2926 2460 3082 2514; x_wconf 83' lang='lat' dir='ltr'>enim</span> <span class='ocrx_word' id='word_1_558' title='bbox 3112 2476 3125 2514; x_wconf 90' lang='lat'>:</span> <span class='ocrx_word' id='word_1_559' title='bbox 3163 2481 3190 2510; x_wconf 85' lang='lat'><strong>«</strong></span> <span class='ocrx_word' id='word_1_560' title='bbox 3221 2459 3382 2522; x_wconf 88' lang='lat' dir='ltr'>Quod</span> <span class='ocrx_word' id='word_1_561' title='bbox 3417 2460 3474 2515; x_wconf 91' lang='lat' dir='ltr'>in</span> <span class='ocrx_word' id='word_1_562' title='bbox 3509 2459 3624 2516; x_wconf 90' lang='lat' dir='ltr'>Deo</span> 
     </span>
    </p>
   </div>
   <div class='ocr_carea' id='block_1_72' title="bbox 1978 2549 3623 2620">
    <p class='ocr_par' dir='ltr' id='par_1_72' title="bbox 1978 2549 3623 2620">
     <span class='ocr_line' id='line_1_72' title="bbox 1978 2549 3623 2620; baseline 0 -16"><span class='ocrx_word' id='word_1_563' title='bbox 1978 2549 2340 2616; x_wconf 90' lang='lat' dir='ltr'>est,interius</span> <span class='ocrx_word' id='word_1_564' title='bbox 2352 2565 2479 2605; x_wconf 90' lang='lat' dir='ltr'>esse</span> <span class='ocrx_word' id='word_1_565' title='bbox 2493 2549 2844 2604; x_wconf 86' lang='lat' dir='ltr'>credendum</span> <span class='ocrx_word' id='word_1_566' title='bbox 2859 2550 3031 2620; x_wconf 91' lang='lat' dir='ltr'>,quod</span> <span class='ocrx_word' id='word_1_567' title='bbox 3051 2552 3244 2604; x_wconf 87' lang='lat' dir='ltr'>autem</span> <span class='ocrx_word' id='word_1_568' title='bbox 3265 2549 3419 2620; x_wconf 89' lang='lat' dir='ltr'>apud</span> <span class='ocrx_word' id='word_1_569' title='bbox 3440 2549 3623 2604; x_wconf 89' lang='lat' dir='ltr'>Deum</span> 
     </span>
    </p>
   </div>
   <div class='ocr_carea' id='block_1_73' title="bbox 1979 2636 3626 2708">
    <p class='ocr_par' dir='ltr' id='par_1_73' title="bbox 1979 2636 3626 2708">
     <span class='ocr_line' id='line_1_73' title="bbox 1979 2636 3626 2708; baseline -0.001 -15"><span class='ocrx_word' id='word_1_570' title='bbox 1979 2643 2085 2706; x_wconf 87' lang='lat' dir='ltr'>est,</span> <span class='ocrx_word' id='word_1_571' title='bbox 2119 2637 2371 2694; x_wconf 88' lang='lat' dir='ltr'>exterius</span> <span class='ocrx_word' id='word_1_572' title='bbox 2400 2637 2864 2694; x_wconf 66' lang='lat' dir='ltr'>mstismandum.</span> <span class='ocrx_word' id='word_1_573' title='bbox 2902 2637 3180 2702; x_wconf 88' lang='lat' dir='ltr'>Quocirca</span> <span class='ocrx_word' id='word_1_574' title='bbox 3211 2637 3260 2691; x_wconf 92' lang='lat' dir='ltr'>si</span> <span class='ocrx_word' id='word_1_575' title='bbox 3293 2636 3438 2692; x_wconf 90' lang='lat' dir='ltr'>illud</span> <span class='ocrx_word' id='word_1_576' title='bbox 3473 2638 3626 2708; x_wconf 91' lang='lat' dir='ltr'>quod</span> 
     </span>
    </p>
   </div>
   <div class='ocr_carea' id='block_1_74' title="bbox 1977 2727 3626 2799">
    <p class='ocr_par' dir='ltr' id='par_1_74' title="bbox 1977 2727 3626 2799">
     <span class='ocr_line' id='line_1_74' title="bbox 1977 2727 3626 2799; baseline -0.002 -15"><span class='ocrx_word' id='word_1_577' title='bbox 1977 2729 2132 2799; x_wconf 86' lang='lat' dir='ltr'>apud</span> <span class='ocrx_word' id='word_1_578' title='bbox 2167 2731 2345 2782; x_wconf 91' lang='lat' dir='ltr'>Deum</span> <span class='ocrx_word' id='word_1_579' title='bbox 2375 2731 2486 2794; x_wconf 90' lang='lat' dir='ltr'>est,</span> <span class='ocrx_word' id='word_1_580' title='bbox 2510 2733 2566 2784; x_wconf 91' lang='lat' dir='ltr'>et</span> <span class='ocrx_word' id='word_1_581' title='bbox 2587 2727 2844 2783; x_wconf 86' lang='lat' dir='ltr'>exterius</span> <span class='ocrx_word' id='word_1_582' title='bbox 2876 2732 2984 2794; x_wconf 90' lang='lat' dir='ltr'>est,</span> <span class='ocrx_word' id='word_1_583' title='bbox 3017 2744 3132 2782; x_wconf 90' lang='lat' dir='ltr'>non</span> <span class='ocrx_word' id='word_1_584' title='bbox 3154 2730 3243 2782; x_wconf 90' lang='lat' dir='ltr'>est</span> <span class='ocrx_word' id='word_1_585' title='bbox 3263 2727 3626 2782; x_wconf 89' lang='lat' dir='ltr'>credendum</span> 
     </span>
    </p>
   </div>
   <div class='ocr_carea' id='block_1_75' title="bbox 1977 2814 3620 2887">
    <p class='ocr_par' dir='ltr' id='par_1_75' title="bbox 1977 2814 3620 2887">
     <span class='ocr_line' id='line_1_75' title="bbox 1977 2814 3620 2887; baseline -0.002 -15"><span class='ocrx_word' id='word_1_586' title='bbox 1977 2816 2154 2872; x_wconf 89' lang='lat' dir='ltr'>unius</span> <span class='ocrx_word' id='word_1_587' title='bbox 2203 2833 2336 2871; x_wconf 89' lang='lat' dir='ltr'>cum</span> <span class='ocrx_word' id='word_1_588' title='bbox 2393 2816 2508 2872; x_wconf 91' lang='lat' dir='ltr'>Deo</span> <span class='ocrx_word' id='word_1_589' title='bbox 2560 2822 2803 2883; x_wconf 67' lang='lat' dir='ltr'>naturae,</span> <span class='ocrx_word' id='word_1_590' title='bbox 2863 2833 3224 2887; x_wconf 90' lang='lat' dir='ltr'>consequens</span> <span class='ocrx_word' id='word_1_591' title='bbox 3257 2819 3346 2871; x_wconf 87' lang='lat' dir='ltr'>est</span> <span class='ocrx_word' id='word_1_592' title='bbox 3377 2820 3442 2871; x_wconf 91' lang='lat' dir='ltr'>ut</span> <span class='ocrx_word' id='word_1_593' title='bbox 3473 2814 3620 2870; x_wconf 89' lang='lat' dir='ltr'>illud</span> 
     </span>
    </p>
   </div>
   <div class='ocr_carea' id='block_1_76' title="bbox 1976 2904 3617 2976">
    <p class='ocr_par' dir='ltr' id='par_1_76' title="bbox 1976 2904 3617 2976">
     <span class='ocr_line' id='line_1_76' title="bbox 1976 2904 3617 2976; baseline -0.001 -17"><span class='ocrx_word' id='word_1_594' title='bbox 1976 2905 2207 2976; x_wconf 91' lang='lat' dir='ltr'>quodin</span> <span class='ocrx_word' id='word_1_595' title='bbox 2241 2904 2357 2960; x_wconf 91' lang='lat' dir='ltr'>Deo</span> <span class='ocrx_word' id='word_1_596' title='bbox 2378 2911 2488 2972; x_wconf 89' lang='lat' dir='ltr'>est,</span> <span class='ocrx_word' id='word_1_597' title='bbox 2511 2909 2568 2960; x_wconf 89' lang='lat' dir='ltr'>et</span> <span class='ocrx_word' id='word_1_598' title='bbox 2590 2904 2835 2959; x_wconf 90' lang='lat' dir='ltr'>interius</span> <span class='ocrx_word' id='word_1_599' title='bbox 2857 2909 2968 2973; x_wconf 91' lang='lat' dir='ltr'>est,</span> <span class='ocrx_word' id='word_1_600' title='bbox 2993 2904 3167 2958; x_wconf 90' lang='lat' dir='ltr'>unius</span> <span class='ocrx_word' id='word_1_601' title='bbox 3186 2905 3458 2958; x_wconf 88' lang='lat' dir='ltr'>credatur</span> <span class='ocrx_word' id='word_1_602' title='bbox 3483 2919 3617 2958; x_wconf 91' lang='lat' dir='ltr'>cum</span> 
     </span>
    </p>
   </div>
   <div class='ocr_carea' id='block_1_77' title="bbox 1975 2992 3621 3065">
    <p class='ocr_par' dir='ltr' id='par_1_77' title="bbox 1975 2992 3621 3065">
     <span class='ocr_line' id='line_1_77' title="bbox 1975 2992 3621 3065; baseline -0.004 -13"><span class='ocrx_word' id='word_1_603' title='bbox 1975 2995 2091 3052; x_wconf 91' lang='lat' dir='ltr'>Deo</span> <span class='ocrx_word' id='word_1_604' title='bbox 2122 2997 2485 3052; x_wconf 68' lang='lat' dir='ltr'>substantiae.</span> <span class='ocrx_word' id='word_1_605' title='bbox 2512 3018 2541 3046; x_wconf 85' lang='grc'>››</span> <span class='ocrx_word' id='word_1_606' title='bbox 2567 2995 2648 3050; x_wconf 82' lang='lat' dir='ltr'>Ad</span> <span class='ocrx_word' id='word_1_607' title='bbox 2676 2995 2824 3050; x_wconf 89' lang='lat' dir='ltr'>hanc</span> <span class='ocrx_word' id='word_1_608' title='bbox 2849 2994 3032 3065; x_wconf 83' lang='lat' dir='ltr'>igitur</span> <span class='ocrx_word' id='word_1_609' title='bbox 3061 2992 3498 3048; x_wconf 90' lang='lat' dir='ltr'>conclusionem</span> <span class='ocrx_word' id='word_1_610' title='bbox 3525 3009 3621 3046; x_wconf 87' lang='lat' dir='ltr'>ra-</span> 
     </span>
    </p>
   </div>
   <div class='ocr_carea' id='block_1_78' title="bbox 1973 3083 3616 3157">
    <p class='ocr_par' dir='ltr' id='par_1_78' title="bbox 1973 3083 3616 3157">
     <span class='ocr_line' id='line_1_78' title="bbox 1973 3083 3616 3157; baseline -0.002 -17"><span class='ocrx_word' id='word_1_611' title='bbox 1973 3085 2272 3141; x_wconf 87' lang='lat' dir='ltr'>tiocinatio</span> <span class='ocrx_word' id='word_1_612' title='bbox 2304 3085 2417 3140; x_wconf 88' lang='lat' dir='ltr'>ista</span> <span class='ocrx_word' id='word_1_613' title='bbox 2444 3085 2803 3157; x_wconf 90' lang='lat' dir='ltr'>perducitur,</span> <span class='ocrx_word' id='word_1_614' title='bbox 2837 3089 2899 3138; x_wconf 89' lang='lat' dir='ltr'>ut</span> <span class='ocrx_word' id='word_1_615' title='bbox 2930 3084 3081 3139; x_wconf 88' lang='lat' dir='ltr'>sicut</span> <span class='ocrx_word' id='word_1_616' title='bbox 3121 3083 3388 3152; x_wconf 88' lang='lat' dir='ltr'>Verbum,</span> <span class='ocrx_word' id='word_1_617' title='bbox 3413 3099 3517 3154; x_wconf 90' lang='lat' dir='ltr'>pro</span> <span class='ocrx_word' id='word_1_618' title='bbox 3550 3097 3616 3136; x_wconf 85' lang='lat' dir='ltr'>eo</span> 
     </span>
    </p>
   </div>
   <div class='ocr_carea' id='block_1_79' title="bbox 1973 3171 3620 3248">
    <p class='ocr_par' dir='ltr' id='par_1_79' title="bbox 1973 3171 3620 3248">
     <span class='ocr_line' id='line_1_79' title="bbox 1973 3171 3620 3248; baseline -0.002 -18"><span class='ocrx_word' id='word_1_619' title='bbox 1973 3175 2127 3247; x_wconf 92' lang='lat' dir='ltr'>quod</span> <span class='ocrx_word' id='word_1_620' title='bbox 2160 3177 2313 3248; x_wconf 89' lang='lat' dir='ltr'>apud</span> <span class='ocrx_word' id='word_1_621' title='bbox 2347 3180 2531 3230; x_wconf 90' lang='lat' dir='ltr'>Deum</span> <span class='ocrx_word' id='word_1_622' title='bbox 2562 3179 2671 3244; x_wconf 84' lang='lat' dir='ltr'>est,</span> <span class='ocrx_word' id='word_1_623' title='bbox 2704 3176 2777 3228; x_wconf 90' lang='lat' dir='ltr'>ab</span> <span class='ocrx_word' id='word_1_624' title='bbox 2807 3174 2936 3244; x_wconf 90' lang='lat' dir='ltr'>ejus</span> <span class='ocrx_word' id='word_1_625' title='bbox 2967 3177 3176 3228; x_wconf 88' lang='lat' dir='ltr'>natura</span> <span class='ocrx_word' id='word_1_626' title='bbox 3206 3171 3620 3243; x_wconf 89' lang='lat' dir='ltr'>separatur,ita</span> 
     </span>
    </p>
   </div>
   <div class='ocr_carea' id='block_1_80' title="bbox 1973 3259 3688 3337">
    <p class='ocr_par' dir='ltr' id='par_1_80' title="bbox 1973 3259 3688 3337">
     <span class='ocr_line' id='line_1_80' title="bbox 1973 3259 3688 3337; baseline -0.004 -17"><span class='ocrx_word' id='word_1_627' title='bbox 1973 3269 2260 3334; x_wconf 87' lang='lat' dir='ltr'>creatura,</span> <span class='ocrx_word' id='word_1_628' title='bbox 2294 3282 2396 3337; x_wconf 91' lang='lat' dir='ltr'>pro</span> <span class='ocrx_word' id='word_1_629' title='bbox 2415 3264 2514 3320; x_wconf 76' lang='lat'>45</span> <span class='ocrx_word' id='word_1_630' title='bbox 2530 3280 2596 3319; x_wconf 91' lang='lat' dir='ltr'>eo</span> <span class='ocrx_word' id='word_1_631' title='bbox 2623 3263 2779 3334; x_wconf 91' lang='lat' dir='ltr'>quod</span> <span class='ocrx_word' id='word_1_632' title='bbox 2797 3261 2963 3316; x_wconf 89' lang='lat' dir='ltr'>estin</span> <span class='ocrx_word' id='word_1_633' title='bbox 2983 3266 3117 3328; x_wconf 90' lang='lat' dir='ltr'>Deo,</span> <span class='ocrx_word' id='word_1_634' title='bbox 3143 3261 3322 3316; x_wconf 91' lang='lat' dir='ltr'>unius</span> <span class='ocrx_word' id='word_1_635' title='bbox 3347 3259 3621 3314; x_wconf 88' lang='lat' dir='ltr'>credatur</span> <span class='ocrx_word' id='word_1_636' title='bbox 3684 3276 3688 3283; x_wconf 94' lang='grc'>·</span> 
     </span>
    </p>
   </div>
   <div class='ocr_carea' id='block_1_81' title="bbox 1975 3347 3612 3417">
    <p class='ocr_par' dir='ltr' id='par_1_81' title="bbox 1975 3347 3612 3417">
     <span class='ocr_line' id='line_1_81' title="bbox 1975 3347 3612 3417; baseline -0.004 -8"><span class='ocrx_word' id='word_1_637' title='bbox 1975 3359 2191 3410; x_wconf 68' lang='lat' dir='ltr'>natura:</span> <span class='ocrx_word' id='word_1_638' title='bbox 2224 3371 2356 3409; x_wconf 90' lang='lat' dir='ltr'>cum</span> <span class='ocrx_word' id='word_1_639' title='bbox 2390 3353 2527 3408; x_wconf 90' lang='lat' dir='ltr'>Deo.</span> <span class='ocrx_word' id='word_1_640' title='bbox 2588 3351 2751 3407; x_wconf 90' lang='lat' dir='ltr'>Unde</span> <span class='ocrx_word' id='word_1_641' title='bbox 2801 3351 3233 3405; x_wconf 86' lang='lat' dir='ltr'>convincuntur</span> <span class='ocrx_word' id='word_1_642' title='bbox 3263 3349 3342 3404; x_wconf 88' lang='lat' dir='ltr'>ita</span> <span class='ocrx_word' id='word_1_643' title='bbox 3373 3347 3612 3417; x_wconf 88' lang='lat' dir='ltr'>sentire,</span> 
     </span>
    </p>
   </div>
   <div class='ocr_carea' id='block_1_82' title="bbox 1972 3429 3617 3507">
    <p class='ocr_par' dir='ltr' id='par_1_82' title="bbox 1972 3429 3617 3507">
     <span class='ocr_line' id='line_1_82' title="bbox 1972 3429 3617 3507; baseline -0.004 -17"><span class='ocrx_word' id='word_1_644' title='bbox 1972 3436 2188 3507; x_wconf 90' lang='lat' dir='ltr'>quibus</span> <span class='ocrx_word' id='word_1_645' title='bbox 2223 3451 2329 3489; x_wconf 88' lang='lat' dir='ltr'>nos</span> <span class='ocrx_word' id='word_1_646' title='bbox 2360 3438 2418 3488; x_wconf 89' lang='lat' dir='ltr'>et</span> <span class='ocrx_word' id='word_1_647' title='bbox 2447 3433 2588 3488; x_wconf 88' lang='lat' dir='ltr'>Filio</span> <span class='ocrx_word' id='word_1_648' title='bbox 2619 3432 2874 3487; x_wconf 90' lang='lat' dir='ltr'>audeant</span> <span class='ocrx_word' id='word_1_649' title='bbox 2904 3429 3179 3501; x_wconf 88' lang='lat' dir='ltr'>proferre,</span> <span class='ocrx_word' id='word_1_650' title='bbox 3225 3433 3283 3484; x_wconf 90' lang='lat' dir='ltr'>et</span> <span class='ocrx_word' id='word_1_651' title='bbox 3331 3429 3482 3483; x_wconf 88' lang='lat' dir='ltr'>Patri</span> <span class='ocrx_word' id='word_1_652' title='bbox 3517 3444 3617 3483; x_wconf 91' lang='lat' dir='ltr'>co-</span> 
     </span>
    </p>
   </div>
   <div class='ocr_carea' id='block_1_83' title="bbox 1961 3517 3621 3606">
    <p class='ocr_par' dir='ltr' id='par_1_83' title="bbox 1961 3517 3621 3606">
     <span class='ocr_line' id='line_1_83' title="bbox 1961 3517 3621 3606; baseline -0.004 -26"><span class='ocrx_word' id='word_1_653' title='bbox 1961 3529 2190 3606; x_wconf 42' lang='lat' dir='ltr'>,nentur</span> <span class='ocrx_word' id='word_1_654' title='bbox 2217 3539 2467 3595; x_wconf 69' lang='lat' dir='ltr'>aequare.</span> <span class='ocrx_word' id='word_1_655' title='bbox 2491 3522 2580 3576; x_wconf 92' lang='lat' dir='ltr'>Sic</span> <span class='ocrx_word' id='word_1_656' title='bbox 2601 3526 2787 3576; x_wconf 91' lang='lat' dir='ltr'>totum</span> <span class='ocrx_word' id='word_1_657' title='bbox 2810 3519 3182 3575; x_wconf 82' lang='lat' dir='ltr'>confundunt</span> <span class='ocrx_word' id='word_1_658' title='bbox 3200 3517 3355 3590; x_wconf 88' lang='lat' dir='ltr'>quia</span> <span class='ocrx_word' id='word_1_659' title='bbox 3381 3517 3621 3573; x_wconf 88' lang='lat' dir='ltr'>veritate</span> 
     </span>
    </p>
   </div>
   <div class='ocr_carea' id='block_1_84' title="bbox 1974 3606 3620 3684">
    <p class='ocr_par' dir='ltr' id='par_1_84' title="bbox 1974 3606 3620 3684">
     <span class='ocr_line' id='line_1_84' title="bbox 1974 3606 3620 3684; baseline -0.005 -14"><span class='ocrx_word' id='word_1_660' title='bbox 1974 3613 2505 3670; x_wconf 88' lang='lat' dir='ltr'>dissentiunt.Ecce</span> <span class='ocrx_word' id='word_1_661' title='bbox 2526 3611 2743 3684; x_wconf 89' lang='lat' dir='ltr'>quibus</span> <span class='ocrx_word' id='word_1_662' title='bbox 2757 3609 3063 3666; x_wconf 88' lang='lat' dir='ltr'>sententiis</span> <span class='ocrx_word' id='word_1_663' title='bbox 3080 3625 3242 3664; x_wconf 90' lang='lat' dir='ltr'>error</span> <span class='ocrx_word' id='word_1_664' title='bbox 3259 3606 3513 3663; x_wconf 84' lang='lat' dir='ltr'>inﬁdelis</span> <span class='ocrx_word' id='word_1_665' title='bbox 3527 3623 3620 3662; x_wconf 87' lang='lat' dir='ltr'>as-</span> 
     </span>
    </p>
   </div>
   <div class='ocr_carea' id='block_1_85' title="bbox 1974 3695 3626 3774">
    <p class='ocr_par' dir='ltr' id='par_1_85' title="bbox 1974 3695 3626 3774">
     <span class='ocr_line' id='line_1_85' title="bbox 1974 3695 3626 3774; baseline -0.004 -16"><span class='ocrx_word' id='word_1_666' title='bbox 1974 3705 2205 3759; x_wconf 82' lang='lat' dir='ltr'>seritur.</span> <span class='ocrx_word' id='word_1_667' title='bbox 2220 3703 2360 3758; x_wconf 85' lang='lat' dir='ltr'>Ecce</span> <span class='ocrx_word' id='word_1_668' title='bbox 2381 3701 2596 3774; x_wconf 90' lang='lat' dir='ltr'>quibus</span> <span class='ocrx_word' id='word_1_669' title='bbox 2621 3698 3140 3756; x_wconf 88' lang='lat' dir='ltr'>adinventionibus</span> <span class='ocrx_word' id='word_1_670' title='bbox 3157 3697 3288 3753; x_wconf 81' lang='lat' dir='ltr'>fidei</span> <span class='ocrx_word' id='word_1_671' title='bbox 3307 3697 3518 3753; x_wconf 88' lang='lat' dir='ltr'>veritas</span> <span class='ocrx_word' id='word_1_672' title='bbox 3535 3695 3626 3751; x_wconf 90' lang='lat' dir='ltr'>im-</span> 
     </span>
    </p>
   </div>
   <div class='ocr_carea' id='block_1_86' title="bbox 1975 3797 2297 3866">
    <p class='ocr_par' dir='ltr' id='par_1_86' title="bbox 1975 3797 2297 3866">
     <span class='ocr_line' id='line_1_86' title="bbox 1975 3797 2297 3866; baseline -0.003 -18"><span class='ocrx_word' id='word_1_673' title='bbox 1975 3797 2297 3866; x_wconf 89' lang='lat' dir='ltr'>pugnatur.</span> 
     </span>
    </p>
   </div>
   <div class='ocr_carea' id='block_1_87' title="bbox 1977 3903 3627 3984">
    <p class='ocr_par' dir='ltr' id='par_1_87' title="bbox 1977 3903 3627 3984">
     <span class='ocr_line' id='line_1_87' title="bbox 1977 3903 3627 3984; baseline -0.004 -19"><span class='ocrx_word' id='word_1_674' title='bbox 1977 3907 2544 3984; x_wconf 68' lang='lat' dir='ltr'>CApurivDixeruot</span> <span class='ocrx_word' id='word_1_675' title='bbox 2563 3906 2709 3979; x_wconf 86' lang='lat' dir='ltr'>apud</span> <span class='ocrx_word' id='word_1_676' title='bbox 2739 3905 3125 3984; x_wconf 76' lang='lat' dir='ltr'>se_cogitantes</span> <span class='ocrx_word' id='word_1_677' title='bbox 3142 3921 3254 3984; x_wconf 86' lang='lat' dir='ltr'>_non</span> <span class='ocrx_word' id='word_1_678' title='bbox 3280 3913 3444 3984; x_wconf 49' lang='lat' dir='ltr'>recte.</span> 
     </span>
    </p>
   </div>
   <div class='ocr_carea' id='block_1_88' title="bbox 2046 3976 3630 4050">
    <p class='ocr_par' dir='ltr' id='par_1_88' title="bbox 2046 3976 3630 4050">
     <span class='ocr_line' id='line_1_88' title="bbox 2046 3976 3630 4050; baseline -0.004 -14"><span class='ocrx_word' id='word_1_679' title='bbox 2046 3998 2103 4036; x_wconf 75' lang='lat' dir='ltr'>se</span> <span class='ocrx_word' id='word_1_680' title='bbox 2133 3982 2337 4049; x_wconf 87' lang='lat' dir='ltr'>dicere,</span> <span class='ocrx_word' id='word_1_681' title='bbox 2372 3989 2450 4034; x_wconf 77' lang='lat' dir='ltr'>est</span> <span class='ocrx_word' id='word_1_682' title='bbox 2477 3976 2623 4034; x_wconf 71' lang='lat' dir='ltr'>idem</span> <span class='ocrx_word' id='word_1_683' title='bbox 2675 3978 2814 4050; x_wconf 85' lang='lat' dir='ltr'>quod</span> <span class='ocrx_word' id='word_1_684' title='bbox 2844 3976 2997 4034; x_wconf 76' lang='lat' dir='ltr'>intra</span> <span class='ocrx_word' id='word_1_685' title='bbox 3018 3995 3082 4050; x_wconf 12' lang='lat' dir='ltr'>ise</span> <span class='ocrx_word' id='word_1_686' title='bbox 3120 3976 3630 4050; x_wconf 15' lang='lat' dir='ltr'>dicere.7$imitz_&#39;ter</span> 
     </span>
    </p>
   </div>
   <div class='ocr_carea' id='block_1_89' title="bbox 2039 4047 3629 4119">
    <p class='ocr_par' dir='ltr' id='par_1_89' title="bbox 2039 4047 3629 4119">
     <span class='ocr_line' id='line_1_89' title="bbox 2039 4047 3629 4119; baseline -0.004 -11"><span class='ocrx_word' id='word_1_687' title='bbox 2039 4053 2180 4108; x_wconf 82' lang='lat' dir='ltr'>idem</span> <span class='ocrx_word' id='word_1_688' title='bbox 2213 4062 2291 4108; x_wconf 79' lang='lat' dir='ltr'>est</span> <span class='ocrx_word' id='word_1_689' title='bbox 2321 4047 2504 4106; x_wconf 78' lang='lat' dir='ltr'>dicere</span> <span class='ocrx_word' id='word_1_690' title='bbox 2534 4047 2794 4116; x_wconf 49' lang='lat' dir='ltr'>intra&#39;se,</span> <span class='ocrx_word' id='word_1_691' title='bbox 2823 4059 2874 4105; x_wconf 82' lang='lat' dir='ltr'>et</span> <span class='ocrx_word' id='word_1_692' title='bbox 2905 4049 3153 4119; x_wconf 85' lang='lat' dir='ltr'>cogitare</span> <span class='ocrx_word' id='word_1_693' title='bbox 3193 4049 3340 4119; x_wconf 87' lang='lat' dir='ltr'>apud</span> <span class='ocrx_word' id='word_1_694' title='bbox 3369 4065 3444 4104; x_wconf 76' lang='lat' dir='ltr'>se.</span> <span class='ocrx_word' id='word_1_695' title='bbox 3477 4047 3629 4102; x_wconf 84' lang='lat' dir='ltr'>Idem</span> 
     </span>
    </p>
   </div>
   <div class='ocr_carea' id='block_1_90' title="bbox 2047 4119 3624 4196">
    <p class='ocr_par' dir='ltr' id='par_1_90' title="bbox 2047 4119 3624 4196">
     <span class='ocr_line' id='line_1_90' title="bbox 2047 4119 3624 4196; baseline -0.005 -17"><span class='ocrx_word' id='word_1_696' title='bbox 2047 4124 2286 4196; x_wconf 85' lang='lat' dir='ltr'>denique</span> <span class='ocrx_word' id='word_1_697' title='bbox 2305 4133 2380 4178; x_wconf 81' lang='lat' dir='ltr'>est</span> <span class='ocrx_word' id='word_1_698' title='bbox 2391 4127 2542 4194; x_wconf 83' lang='lat' dir='ltr'>apud</span> <span class='ocrx_word' id='word_1_699' title='bbox 2562 4139 2618 4178; x_wconf 79' lang='lat' dir='ltr'>se</span> <span class='ocrx_word' id='word_1_700' title='bbox 2633 4123 2880 4192; x_wconf 75' lang='lat' dir='ltr'>cogitare</span> <span class='ocrx_word' id='word_1_701' title='bbox 2903 4131 2956 4177; x_wconf 78' lang='lat' dir='ltr'>et</span> <span class='ocrx_word' id='word_1_702' title='bbox 2973 4124 3216 4191; x_wconf 86' lang='lat' dir='ltr'>cogitare</span> <span class='ocrx_word' id='word_1_703' title='bbox 3237 4120 3294 4175; x_wconf 84' lang='lat' dir='ltr'>in</span> <span class='ocrx_word' id='word_1_704' title='bbox 3318 4119 3482 4174; x_wconf 87' lang='lat' dir='ltr'>corde</span> <span class='ocrx_word' id='word_1_705' title='bbox 3504 4134 3624 4174; x_wconf 74' lang='lat' dir='ltr'>suo.</span> 
     </span>
    </p>
   </div>
   <div class='ocr_carea' id='block_1_91' title="bbox 2045 4233 3632 4311">
    <p class='ocr_par' dir='ltr' id='par_1_91' title="bbox 2045 4233 3632 4311">
     <span class='ocr_line' id='line_1_91' title="bbox 2045 4233 3632 4311; baseline -0.004 -17"><span class='ocrx_word' id='word_1_706' title='bbox 2045 4240 2157 4295; x_wconf 88' lang='lat' dir='ltr'>Sed</span> <span class='ocrx_word' id='word_1_707' title='bbox 2186 4238 2549 4311; x_wconf 87' lang='lat' dir='ltr'>quibuslibet</span> <span class='ocrx_word' id='word_1_708' title='bbox 2579 4238 2861 4293; x_wconf 88' lang='lat' dir='ltr'>arietibus</span> <span class='ocrx_word' id='word_1_709' title='bbox 2885 4235 3203 4292; x_wconf 87' lang='lat' dir='ltr'>Ecclesiam</span> <span class='ocrx_word' id='word_1_710' title='bbox 3229 4239 3495 4292; x_wconf 88' lang='lat' dir='ltr'>sanctam</span> <span class='ocrx_word' id='word_1_711' title='bbox 3518 4233 3632 4289; x_wconf 73' lang='lat' dir='ltr'>ha:-</span> 
     </span>
    </p>
   </div>
   <div class='ocr_carea' id='block_1_92' title="bbox 1977 4324 3628 4401">
    <p class='ocr_par' dir='ltr' id='par_1_92' title="bbox 1977 4324 3628 4401">
     <span class='ocr_line' id='line_1_92' title="bbox 1977 4324 3628 4401; baseline -0.004 -14"><span class='ocrx_word' id='word_1_712' title='bbox 1977 4331 2139 4388; x_wconf 87' lang='lat' dir='ltr'>retici</span> <span class='ocrx_word' id='word_1_713' title='bbox 2170 4334 2410 4401; x_wconf 89' lang='lat' dir='ltr'>quatere</span> <span class='ocrx_word' id='word_1_714' title='bbox 2441 4329 2726 4394; x_wconf 87' lang='lat' dir='ltr'>nitantur,</span> <span class='ocrx_word' id='word_1_715' title='bbox 2746 4327 2888 4383; x_wconf 91' lang='lat' dir='ltr'>certi</span> <span class='ocrx_word' id='word_1_716' title='bbox 2911 4343 3118 4382; x_wconf 84' lang='lat' dir='ltr'>sumus</span> <span class='ocrx_word' id='word_1_717' title='bbox 3139 4327 3211 4381; x_wconf 92' lang='lat' dir='ltr'>de</span> <span class='ocrx_word' id='word_1_718' title='bbox 3246 4324 3487 4381; x_wconf 90' lang='lat' dir='ltr'>Domino</span> <span class='ocrx_word' id='word_1_719' title='bbox 3514 4329 3628 4380; x_wconf 90' lang='lat' dir='ltr'>Deo</span> 
     </span>
    </p>
   </div>
   <div class='ocr_carea' id='block_1_93' title="bbox 1978 4413 3630 4490">
    <p class='ocr_par' dir='ltr' id='par_1_93' title="bbox 1978 4413 3630 4490">
     <span class='ocr_line' id='line_1_93' title="bbox 1978 4413 3630 4490; baseline -0.005 -14"><span class='ocrx_word' id='word_1_720' title='bbox 1978 4424 2200 4487; x_wconf 85' lang='lat' dir='ltr'>nostro,</span> <span class='ocrx_word' id='word_1_721' title='bbox 2220 4418 2500 4490; x_wconf 87' lang='lat' dir='ltr'>quoniam</span> <span class='ocrx_word' id='word_1_722' title='bbox 2521 4417 2814 4472; x_wconf 87' lang='lat' dir='ltr'>civitatem</span> <span class='ocrx_word' id='word_1_723' title='bbox 2837 4432 3016 4487; x_wconf 89' lang='lat' dir='ltr'>supra</span> <span class='ocrx_word' id='word_1_724' title='bbox 3040 4419 3300 4470; x_wconf 85' lang='lat' dir='ltr'>montem</span> <span class='ocrx_word' id='word_1_725' title='bbox 3344 4413 3630 4468; x_wconf 88' lang='lat' dir='ltr'>constitu-</span> 
     </span>
    </p>
   </div>
   <div class='ocr_carea' id='block_1_94' title="bbox 1977 4502 3631 4574">
    <p class='ocr_par' dir='ltr' id='par_1_94' title="bbox 1977 4502 3631 4574">
     <span class='ocr_line' id='line_1_94' title="bbox 1977 4502 3631 4574; baseline -0.004 -9"><span class='ocrx_word' id='word_1_726' title='bbox 1977 4515 2098 4565; x_wconf 88' lang='lat' dir='ltr'>tam</span> <span class='ocrx_word' id='word_1_727' title='bbox 2132 4509 2467 4564; x_wconf 88' lang='lat' dir='ltr'>subvertere</span> <span class='ocrx_word' id='word_1_728' title='bbox 2499 4522 2612 4560; x_wconf 91' lang='lat' dir='ltr'>non</span> <span class='ocrx_word' id='word_1_729' title='bbox 2645 4504 2942 4559; x_wconf 87' lang='lat' dir='ltr'>valebunt.</span> <span class='ocrx_word' id='word_1_730' title='bbox 2979 4504 3100 4558; x_wconf 92' lang='lat' dir='ltr'>Imo</span> <span class='ocrx_word' id='word_1_731' title='bbox 3125 4502 3353 4574; x_wconf 89' lang='lat' dir='ltr'>seipsos</span> <span class='ocrx_word' id='word_1_732' title='bbox 3386 4518 3631 4574; x_wconf 86' lang='lat' dir='ltr'>prorsus</span> 
     </span>
    </p>
   </div>
   <div class='ocr_carea' id='block_1_95' title="bbox 204 4591 3635 4676">
    <p class='ocr_par' dir='ltr' id='par_1_95' title="bbox 204 4591 3635 4676">
     <span class='ocr_line' id='line_1_95' title="bbox 204 4591 3635 4676; baseline -0.003 -18"><span class='ocrx_word' id='word_1_733' title='bbox 204 4605 354 4675; x_wconf 82' lang='lat' dir='ltr'>quid</span> <span class='ocrx_word' id='word_1_734' title='bbox 374 4605 460 4662; x_wconf 90' lang='lat' dir='ltr'>illi</span> <span class='ocrx_word' id='word_1_735' title='bbox 474 4603 835 4676; x_wconf 85' lang='lat' dir='ltr'>disputatori</span> <span class='ocrx_word' id='word_1_736' title='bbox 853 4602 1219 4675; x_wconf 88' lang='lat' dir='ltr'>peritissimo</span> <span class='ocrx_word' id='word_1_737' title='bbox 1237 4602 1566 4668; x_wconf 89' lang='lat' dir='ltr'>restat,nisi</span> <span class='ocrx_word' id='word_1_738' title='bbox 1584 4606 1648 4657; x_wconf 89' lang='lat' dir='ltr'>ut</span> <span class='ocrx_word' id='word_1_739' title='bbox 1665 4619 1768 4658; x_wconf 89' lang='lat' dir='ltr'>nos</span> <span class='ocrx_word' id='word_1_740' title='bbox 1781 4619 1878 4674; x_wconf 91' lang='lat' dir='ltr'>po-</span> <span class='ocrx_word' id='word_1_741' title='bbox 1906 4605 1952 4668; x_wconf 80' lang='grc' dir='ltr'>Ι)</span> <span class='ocrx_word' id='word_1_742' title='bbox 1982 4599 2333 4656; x_wconf 90' lang='lat' dir='ltr'>subvertunt</span> <span class='ocrx_word' id='word_1_743' title='bbox 2350 4601 2408 4651; x_wconf 92' lang='lat' dir='ltr'>et</span> <span class='ocrx_word' id='word_1_744' title='bbox 2426 4593 2941 4664; x_wconf 85' lang='lat' dir='ltr'>exterminant,qui</span> <span class='ocrx_word' id='word_1_745' title='bbox 2963 4598 3140 4648; x_wconf 91' lang='lat' dir='ltr'>Deum</span> <span class='ocrx_word' id='word_1_746' title='bbox 3164 4609 3365 4648; x_wconf 91' lang='lat' dir='ltr'>verum</span> <span class='ocrx_word' id='word_1_747' title='bbox 3385 4591 3488 4648; x_wconf 93' lang='lat' dir='ltr'>Dei</span> <span class='ocrx_word' id='word_1_748' title='bbox 3508 4591 3635 4646; x_wconf 92' lang='lat' dir='ltr'>uni-</span> 
     </span>
    </p>
   </div>
   <div class='ocr_carea' id='block_1_96' title="bbox 207 4693 1868 4765">
    <p class='ocr_par' dir='ltr' id='par_1_96' title="bbox 207 4693 1868 4765">
     <span class='ocr_line' id='line_1_96' title="bbox 207 4693 1868 4765; baseline 0.001 -18"><span class='ocrx_word' id='word_1_749' title='bbox 207 4694 396 4751; x_wconf 85' lang='lat' dir='ltr'>tiores</span> <span class='ocrx_word' id='word_1_750' title='bbox 425 4696 566 4752; x_wconf 83' lang='lat' dir='ltr'>Filio</span> <span class='ocrx_word' id='word_1_751' title='bbox 599 4695 704 4752; x_wconf 88' lang='lat' dir='ltr'>Dei</span> <span class='ocrx_word' id='word_1_752' title='bbox 736 4712 868 4751; x_wconf 88' lang='lat' dir='ltr'>esse</span> <span class='ocrx_word' id='word_1_753' title='bbox 895 4693 1254 4750; x_wconf 83' lang='lat' dir='ltr'>contendat?</span> <span class='ocrx_word' id='word_1_754' title='bbox 1283 4693 1435 4748; x_wconf 90' lang='lat' dir='ltr'>Dicit</span> <span class='ocrx_word' id='word_1_755' title='bbox 1462 4693 1682 4765; x_wconf 82' lang='lat' dir='ltr'>quippe</span> <span class='ocrx_word' id='word_1_756' title='bbox 1713 4699 1868 4765; x_wconf 87' lang='lat' dir='ltr'>Apo-</span> 
     </span>
    </p>
   </div>
   <div class='ocr_carea' id='block_1_97' title="bbox 217 4782 1872 4854">
    <p class='ocr_par' dir='ltr' id='par_1_97' title="bbox 217 4782 1872 4854">
     <span class='ocr_line' id='line_1_97' title="bbox 217 4782 1872 4854; baseline 0.001 -19"><span class='ocrx_word' id='word_1_757' title='bbox 217 4784 416 4840; x_wconf 87' lang='lat' dir='ltr'>stolus</span> <span class='ocrx_word' id='word_1_758' title='bbox 444 4785 513 4841; x_wconf 91' lang='lat' dir='ltr'>de</span> <span class='ocrx_word' id='word_1_759' title='bbox 543 4785 698 4841; x_wconf 89' lang='lat' dir='ltr'>Deo:</span> <span class='ocrx_word' id='word_1_760' title='bbox 759 4783 908 4854; x_wconf 81' lang='lat' dir='ltr'>Quia</span> <span class='ocrx_word' id='word_1_761' title='bbox 940 4783 1000 4838; x_wconf 85' lang='lat' dir='ltr'>in</span> <span class='ocrx_word' id='word_1_762' title='bbox 1031 4782 1150 4854; x_wconf 74' lang='lat' dir='ltr'>ipso</span> <span class='ocrx_word' id='word_1_763' title='bbox 1176 4783 1413 4837; x_wconf 78' lang='lat' dir='ltr'>vivimus</span> <span class='ocrx_word' id='word_1_764' title='bbox 1441 4785 1492 4836; x_wconf 88' lang='lat' dir='ltr'>et</span> <span class='ocrx_word' id='word_1_765' title='bbox 1525 4790 1784 4852; x_wconf 80' lang='lat' dir='ltr'>movetur,</span> <span class='ocrx_word' id='word_1_766' title='bbox 1820 4786 1872 4838; x_wconf 87' lang='lat' dir='ltr'>et</span> 
     </span>
    </p>
   </div>
   <div class='ocr_carea' id='block_1_98' title="bbox 217 4871 1870 4946">
    <p class='ocr_par' dir='ltr' id='par_1_98' title="bbox 217 4871 1870 4946">
     <span class='ocr_line' id='line_1_98' title="bbox 217 4871 1870 4946; baseline 0.001 -21"><span class='ocrx_word' id='word_1_767' title='bbox 217 4887 413 4930; x_wconf 69' lang='lat' dir='ltr'>sumus</span> <span class='ocrx_word' id='word_1_768' title='bbox 440 4876 577 4946; x_wconf 78' lang='lat' dir='ltr'>(Act.</span> <span class='ocrx_word' id='word_1_769' title='bbox 611 4891 752 4941; x_wconf 82' lang='lat' dir='ltr'>xvn,</span> <span class='ocrx_word' id='word_1_770' title='bbox 777 4873 893 4943; x_wconf 87' lang='lat'>28).</span> <span class='ocrx_word' id='word_1_771' title='bbox 929 4873 996 4928; x_wconf 88' lang='lat' dir='ltr'>Et</span> <span class='ocrx_word' id='word_1_772' title='bbox 1016 4872 1130 4928; x_wconf 91' lang='lat' dir='ltr'>alio</span> <span class='ocrx_word' id='word_1_773' title='bbox 1159 4871 1283 4927; x_wconf 90' lang='lat' dir='ltr'>loco</span> <span class='ocrx_word' id='word_1_774' title='bbox 1308 4887 1321 4925; x_wconf 91' lang='lat'>:</span> <span class='ocrx_word' id='word_1_775' title='bbox 1349 4872 1494 4928; x_wconf 82' lang='lat' dir='ltr'>Unus</span> <span class='ocrx_word' id='word_1_776' title='bbox 1515 4873 1657 4927; x_wconf 77' lang='lat' dir='ltr'>Deus</span> <span class='ocrx_word' id='word_1_777' title='bbox 1682 4877 1870 4938; x_wconf 84' lang='lat' dir='ltr'>Pater,</span> 
     </span>
    </p>
   </div>
   <div class='ocr_carea' id='block_1_99' title="bbox 219 4961 1870 5034">
    <p class='ocr_par' dir='ltr' id='par_1_99' title="bbox 219 4961 1870 5034">
     <span class='ocr_line' id='line_1_99' title="bbox 219 4961 1870 5034; baseline 0 -19"><span class='ocrx_word' id='word_1_778' title='bbox 219 4974 292 5015; x_wconf 71' lang='lat' dir='ltr'>ea:</span> <span class='ocrx_word' id='word_1_779' title='bbox 319 4979 424 5034; x_wconf 80' lang='lat' dir='ltr'>quo</span> <span class='ocrx_word' id='word_1_780' title='bbox 451 4965 663 5028; x_wconf 85' lang='lat' dir='ltr'>omnia,</span> <span class='ocrx_word' id='word_1_781' title='bbox 687 4968 742 5019; x_wconf 79' lang='lat' dir='ltr'>et</span> <span class='ocrx_word' id='word_1_782' title='bbox 762 4978 864 5018; x_wconf 71' lang='lat' dir='ltr'>nos</span> <span class='ocrx_word' id='word_1_783' title='bbox 889 4964 948 5018; x_wconf 84' lang='lat' dir='ltr'>in</span> <span class='ocrx_word' id='word_1_784' title='bbox 971 4963 1084 5031; x_wconf 81' lang='lat' dir='ltr'>ipso</span> <span class='ocrx_word' id='word_1_785' title='bbox 1109 4962 1154 5028; x_wconf 86' lang='grc' dir='ltr'>(ι</span> <span class='ocrx_word' id='word_1_786' title='bbox 1174 4963 1306 5016; x_wconf 84' lang='lat' dir='ltr'>Cor.</span> <span class='ocrx_word' id='word_1_787' title='bbox 1329 4976 1449 5027; x_wconf 88' lang='lat' dir='ltr'>vm,</span> <span class='ocrx_word' id='word_1_788' title='bbox 1471 4961 1547 5029; x_wconf 90' lang='lat'>6).</span> <span class='ocrx_word' id='word_1_789' title='bbox 1566 4964 1732 5016; x_wconf 87' lang='lat' dir='ltr'>Nunc</span> <span class='ocrx_word' id='word_1_790' title='bbox 1746 4963 1870 5032; x_wconf 86' lang='lat' dir='ltr'>jam</span> 
     </span>
    </p>
   </div>
   <div class='ocr_carea' id='block_1_100' title="bbox 219 5048 1873 5124">
    <p class='ocr_par' dir='ltr' id='par_1_100' title="bbox 219 5048 1873 5124">
     <span class='ocr_line' id='line_1_100' title="bbox 219 5048 1873 5124; baseline 0.001 -19"><span class='ocrx_word' id='word_1_791' title='bbox 219 5053 483 5124; x_wconf 87' lang='lat' dir='ltr'>quisquis</span> <span class='ocrx_word' id='word_1_792' title='bbox 513 5054 611 5109; x_wconf 89' lang='lat' dir='ltr'>ille</span> <span class='ocrx_word' id='word_1_793' title='bbox 633 5059 723 5108; x_wconf 89' lang='lat' dir='ltr'>est</span> <span class='ocrx_word' id='word_1_794' title='bbox 749 5051 849 5124; x_wconf 91' lang='lat' dir='ltr'>qui</span> <span class='ocrx_word' id='word_1_795' title='bbox 876 5050 985 5107; x_wconf 88' lang='lat' dir='ltr'>sub</span> <span class='ocrx_word' id='word_1_796' title='bbox 1009 5048 1339 5106; x_wconf 83' lang='lat' dir='ltr'>Christiano</span> <span class='ocrx_word' id='word_1_797' title='bbox 1361 5049 1598 5105; x_wconf 91' lang='lat' dir='ltr'>nomine</span> <span class='ocrx_word' id='word_1_798' title='bbox 1615 5065 1730 5105; x_wconf 88' lang='lat' dir='ltr'>non</span> <span class='ocrx_word' id='word_1_799' title='bbox 1761 5067 1873 5107; x_wconf 86' lang='lat' dir='ltr'>me-</span> 
     </span>
    </p>
   </div>
   <div class='ocr_carea' id='block_1_101' title="bbox 217 5137 1870 5210">
    <p class='ocr_par' dir='ltr' id='par_1_101' title="bbox 217 5137 1870 5210">
     <span class='ocr_line' id='line_1_101' title="bbox 217 5137 1870 5210; baseline 0.001 -18"><span class='ocrx_word' id='word_1_800' title='bbox 217 5140 332 5195; x_wconf 82' lang='lat' dir='ltr'>tuit</span> <span class='ocrx_word' id='word_1_801' title='bbox 361 5143 642 5198; x_wconf 83' lang='lat' dir='ltr'>adversus</span> <span class='ocrx_word' id='word_1_802' title='bbox 663 5141 965 5198; x_wconf 88' lang='lat' dir='ltr'>Christum</span> <span class='ocrx_word' id='word_1_803' title='bbox 999 5143 1121 5194; x_wconf 87' lang='lat' dir='ltr'>tam</span> <span class='ocrx_word' id='word_1_804' title='bbox 1149 5143 1370 5194; x_wconf 88' lang='lat' dir='ltr'>temere</span> <span class='ocrx_word' id='word_1_805' title='bbox 1391 5137 1712 5210; x_wconf 87' lang='lat' dir='ltr'>disputare,</span> <span class='ocrx_word' id='word_1_806' title='bbox 1734 5155 1870 5194; x_wconf 91' lang='lat' dir='ltr'>cum</span> 
     </span>
    </p>
   </div>
   <div class='ocr_carea' id='block_1_102' title="bbox 221 5229 1868 5301">
    <p class='ocr_par' dir='ltr' id='par_1_102' title="bbox 221 5229 1868 5301">
     <span class='ocr_line' id='line_1_102' title="bbox 221 5229 1868 5301; baseline 0.002 -19"><span class='ocrx_word' id='word_1_807' title='bbox 221 5230 384 5286; x_wconf 79' lang='lat' dir='ltr'>audit</span> <span class='ocrx_word' id='word_1_808' title='bbox 420 5232 643 5289; x_wconf 76' lang='lat' dir='ltr'>Verbum</span> <span class='ocrx_word' id='word_1_809' title='bbox 670 5247 786 5287; x_wconf 71' lang='lat' dir='ltr'>esse</span> <span class='ocrx_word' id='word_1_810' title='bbox 812 5229 966 5301; x_wconf 79' lang='lat' dir='ltr'>apud</span> <span class='ocrx_word' id='word_1_811' title='bbox 1010 5230 1182 5284; x_wconf 87' lang='lat' dir='ltr'>Deum</span> <span class='ocrx_word' id='word_1_812' title='bbox 1209 5231 1261 5284; x_wconf 89' lang='lat' dir='ltr'>et</span> <span class='ocrx_word' id='word_1_813' title='bbox 1291 5244 1394 5282; x_wconf 73' lang='lat' dir='ltr'>nos</span> <span class='ocrx_word' id='word_1_814' title='bbox 1426 5229 1618 5284; x_wconf 74' lang='lat' dir='ltr'>essein</span> <span class='ocrx_word' id='word_1_815' title='bbox 1653 5233 1784 5296; x_wconf 89' lang='lat' dir='ltr'>Deo,</span> <span class='ocrx_word' id='word_1_816' title='bbox 1817 5230 1868 5285; x_wconf 93' lang='lat' dir='ltr'>si</span> 
     </span>
    </p>
   </div>
   <div class='ocr_carea' id='block_1_103' title="bbox 219 5316 1869 5385">
    <p class='ocr_par' dir='ltr' id='par_1_103' title="bbox 219 5316 1869 5385">
     <span class='ocr_line' id='line_1_103' title="bbox 219 5316 1869 5385; baseline 0.001 -14"><span class='ocrx_word' id='word_1_817' title='bbox 219 5319 414 5385; x_wconf 83' lang='lat' dir='ltr'>audet,</span> <span class='ocrx_word' id='word_1_818' title='bbox 443 5321 599 5377; x_wconf 85' lang='lat' dir='ltr'>dicat</span> <span class='ocrx_word' id='word_1_819' title='bbox 625 5320 880 5376; x_wconf 88' lang='lat' dir='ltr'>Verbum</span> <span class='ocrx_word' id='word_1_820' title='bbox 915 5333 1040 5374; x_wconf 84' lang='lat' dir='ltr'>esse</span> <span class='ocrx_word' id='word_1_821' title='bbox 1069 5317 1349 5385; x_wconf 85' lang='lat' dir='ltr'>exterius,</span> <span class='ocrx_word' id='word_1_822' title='bbox 1377 5323 1434 5372; x_wconf 91' lang='lat' dir='ltr'>et</span> <span class='ocrx_word' id='word_1_823' title='bbox 1463 5333 1571 5372; x_wconf 87' lang='lat' dir='ltr'>nos</span> <span class='ocrx_word' id='word_1_824' title='bbox 1597 5316 1869 5374; x_wconf 90' lang='lat' dir='ltr'>interius.</span> 
     </span>
    </p>
   </div>
   <div class='ocr_carea' id='block_1_104' title="bbox 224 5405 1875 5479">
    <p class='ocr_par' dir='ltr' id='par_1_104' title="bbox 224 5405 1875 5479">
     <span class='ocr_line' id='line_1_104' title="bbox 224 5405 1875 5479; baseline 0 -17"><span class='ocrx_word' id='word_1_825' title='bbox 224 5405 388 5470; x_wconf 86' lang='lat' dir='ltr'>Quod</span> <span class='ocrx_word' id='word_1_826' title='bbox 412 5411 459 5467; x_wconf 85' lang='lat' dir='ltr'>si</span> <span class='ocrx_word' id='word_1_827' title='bbox 489 5409 806 5466; x_wconf 88' lang='lat' dir='ltr'>dicendum</span> <span class='ocrx_word' id='word_1_828' title='bbox 839 5407 1157 5476; x_wconf 85' lang='lat' dir='ltr'>existimat,</span> <span class='ocrx_word' id='word_1_829' title='bbox 1183 5407 1310 5479; x_wconf 89' lang='lat' dir='ltr'>ipse</span> <span class='ocrx_word' id='word_1_830' title='bbox 1342 5407 1414 5462; x_wconf 92' lang='lat' dir='ltr'>de</span> <span class='ocrx_word' id='word_1_831' title='bbox 1443 5405 1570 5463; x_wconf 88' lang='lat' dir='ltr'>suis</span> <span class='ocrx_word' id='word_1_832' title='bbox 1591 5407 1875 5478; x_wconf 89' lang='lat' dir='ltr'>dictisju-</span> 
     </span>
    </p>
   </div>
   <div class='ocr_carea' id='block_1_105' title="bbox 225 5495 1874 5568">
    <p class='ocr_par' dir='ltr' id='par_1_105' title="bbox 225 5495 1874 5568">
     <span class='ocr_line' id='line_1_105' title="bbox 225 5495 1874 5568; baseline 0.002 -20"><span class='ocrx_word' id='word_1_833' title='bbox 225 5495 442 5554; x_wconf 88' lang='lat' dir='ltr'>dicium</span> <span class='ocrx_word' id='word_1_834' title='bbox 488 5501 676 5567; x_wconf 82' lang='lat' dir='ltr'>ferat;</span> <span class='ocrx_word' id='word_1_835' title='bbox 736 5513 927 5568; x_wconf 90' lang='lat' dir='ltr'>neque</span> <span class='ocrx_word' id='word_1_836' title='bbox 971 5497 1129 5552; x_wconf 90' lang='lat' dir='ltr'>enim</span> <span class='ocrx_word' id='word_1_837' title='bbox 1161 5497 1220 5552; x_wconf 91' lang='lat' dir='ltr'>in</span> <span class='ocrx_word' id='word_1_838' title='bbox 1252 5496 1355 5551; x_wconf 88' lang='lat' dir='ltr'>tali</span> <span class='ocrx_word' id='word_1_839' title='bbox 1386 5513 1656 5552; x_wconf 89' lang='lat' dir='ltr'>sermone</span> <span class='ocrx_word' id='word_1_840' title='bbox 1687 5498 1874 5566; x_wconf 88' lang='lat' dir='ltr'>judex</span> 
     </span>
    </p>
   </div>
   <div class='ocr_carea' id='block_1_106' title="bbox 227 5587 1873 5659">
    <p class='ocr_par' dir='ltr' id='par_1_106' title="bbox 227 5587 1873 5659">
     <span class='ocr_line' id='line_1_106' title="bbox 227 5587 1873 5659; baseline 0.002 -20"><span class='ocrx_word' id='word_1_841' title='bbox 227 5590 568 5655; x_wconf 65' lang='lat' dir='ltr'>quaerendus</span> <span class='ocrx_word' id='word_1_842' title='bbox 594 5593 686 5645; x_wconf 89' lang='lat' dir='ltr'>est</span> <span class='ocrx_word' id='word_1_843' title='bbox 717 5587 892 5653; x_wconf 89' lang='lat' dir='ltr'>alius,</span> <span class='ocrx_word' id='word_1_844' title='bbox 948 5589 1182 5659; x_wconf 88' lang='lat' dir='ltr'>quando</span> <span class='ocrx_word' id='word_1_845' title='bbox 1213 5587 1343 5657; x_wconf 90' lang='lat' dir='ltr'>ipse</span> <span class='ocrx_word' id='word_1_846' title='bbox 1374 5587 1474 5657; x_wconf 92' lang='lat' dir='ltr'>qui</span> <span class='ocrx_word' id='word_1_847' title='bbox 1505 5587 1615 5642; x_wconf 89' lang='lat' dir='ltr'>hoc</span> <span class='ocrx_word' id='word_1_848' title='bbox 1663 5589 1806 5642; x_wconf 91' lang='lat' dir='ltr'>dicit</span> <span class='ocrx_word' id='word_1_849' title='bbox 1838 5604 1873 5642; x_wconf 89' lang='lat' dir='ltr'>a</span> 
     </span>
    </p>
   </div>
   <div class='ocr_carea' id='block_1_107' title="bbox 225 5674 1871 5750">
    <p class='ocr_par' dir='ltr' id='par_1_107' title="bbox 225 5674 1871 5750">
     <span class='ocr_line' id='line_1_107' title="bbox 225 5674 1871 5750; baseline 0.002 -23"><span class='ocrx_word' id='word_1_850' title='bbox 225 5677 414 5745; x_wconf 82' lang='lat' dir='ltr'>seipse</span> <span class='ocrx_word' id='word_1_851' title='bbox 442 5679 516 5733; x_wconf 85' lang='lat' dir='ltr'>sit</span> <span class='ocrx_word' id='word_1_852' title='bbox 549 5678 810 5750; x_wconf 77' lang='lat' dir='ltr'>profecto</span> <span class='ocrx_word' id='word_1_853' title='bbox 833 5674 1186 5748; x_wconf 82' lang='lat' dir='ltr'>culpandus.</span> <span class='ocrx_word' id='word_1_854' title='bbox 1215 5674 1370 5742; x_wconf 88' lang='lat' dir='ltr'>Quid</span> <span class='ocrx_word' id='word_1_855' title='bbox 1391 5675 1605 5732; x_wconf 91' lang='lat' dir='ltr'>iterum</span> <span class='ocrx_word' id='word_1_856' title='bbox 1634 5693 1871 5749; x_wconf 89' lang='lat' dir='ltr'>respon-</span> 
     </span>
    </p>
   </div>
   <div class='ocr_carea' id='block_1_108' title="bbox 236 5761 1868 5835">
    <p class='ocr_par' dir='ltr' id='par_1_108' title="bbox 236 5761 1868 5835">
     <span class='ocr_line' id='line_1_108' title="bbox 236 5761 1868 5835; baseline 0.004 -19"><span class='ocrx_word' id='word_1_857' title='bbox 236 5761 682 5824; x_wconf 85' lang='lat' dir='ltr'>debitadversus</span> <span class='ocrx_word' id='word_1_858' title='bbox 697 5764 861 5820; x_wconf 89' lang='lat' dir='ltr'>illam</span> <span class='ocrx_word' id='word_1_859' title='bbox 877 5765 1138 5835; x_wconf 87' lang='lat' dir='ltr'>ejusdem</span> <span class='ocrx_word' id='word_1_860' title='bbox 1155 5765 1308 5823; x_wconf 85' lang='lat' dir='ltr'>beati</span> <span class='ocrx_word' id='word_1_861' title='bbox 1327 5765 1484 5820; x_wconf 82' lang='lat' dir='ltr'>Pauli</span> <span class='ocrx_word' id='word_1_862' title='bbox 1502 5767 1868 5834; x_wconf 83' lang='lat' dir='ltr'>sententiam,</span> 
     </span>
    </p>
   </div>
   <div class='ocr_carea' id='block_1_109' title="bbox 1979 4681 3630 4743">
    <p class='ocr_par' dir='ltr' id='par_1_109' title="bbox 1979 4681 3630 4743">
     <span class='ocr_line' id='line_1_109' title="bbox 1979 4681 3630 4743; baseline -0.003 0"><span class='ocrx_word' id='word_1_863' title='bbox 1979 4704 2112 4743; x_wconf 91' lang='lat' dir='ltr'>cum</span> <span class='ocrx_word' id='word_1_864' title='bbox 2132 4685 2340 4740; x_wconf 88' lang='lat' dir='ltr'>Filium</span> <span class='ocrx_word' id='word_1_865' title='bbox 2356 4682 2794 4740; x_wconf 89' lang='lat' dir='ltr'>contumeliosis</span> <span class='ocrx_word' id='word_1_866' title='bbox 2812 4682 3242 4738; x_wconf 90' lang='lat' dir='ltr'>assertionibus</span> <span class='ocrx_word' id='word_1_867' title='bbox 3257 4681 3630 4739; x_wconf 86' lang='lat' dir='ltr'>exacerbant.</span> 
     </span>
    </p>
   </div>
   <div class='ocr_carea' id='block_1_110' title="bbox 1978 4771 3636 4844">
    <p class='ocr_par' dir='ltr' id='par_1_110' title="bbox 1978 4771 3636 4844">
     <span class='ocr_line' id='line_1_110' title="bbox 1978 4771 3636 4844; baseline -0.004 -12"><span class='ocrx_word' id='word_1_868' title='bbox 1978 4776 2092 4832; x_wconf 92' lang='lat' dir='ltr'>Nec</span> <span class='ocrx_word' id='word_1_869' title='bbox 2121 4776 2193 4830; x_wconf 91' lang='lat' dir='ltr'>ab</span> <span class='ocrx_word' id='word_1_870' title='bbox 2223 4774 2440 4844; x_wconf 90' lang='lat' dir='ltr'>injuria</span> <span class='ocrx_word' id='word_1_871' title='bbox 2456 4776 2785 4844; x_wconf 89' lang='lat' dir='ltr'>temperant</span> <span class='ocrx_word' id='word_1_872' title='bbox 2805 4772 2979 4827; x_wconf 87' lang='lat' dir='ltr'>etiam</span> <span class='ocrx_word' id='word_1_873' title='bbox 3003 4771 3214 4838; x_wconf 86' lang='lat' dir='ltr'>Patris,</span> <span class='ocrx_word' id='word_1_874' title='bbox 3233 4773 3375 4827; x_wconf 91' lang='lat' dir='ltr'>dum</span> <span class='ocrx_word' id='word_1_875' title='bbox 3393 4771 3636 4843; x_wconf 89' lang='lat' dir='ltr'>ingrati-</span> 
     </span>
    </p>
   </div>
   <div class='ocr_carea' id='block_1_111' title="bbox 1980 4861 3636 4935">
    <p class='ocr_par' dir='ltr' id='par_1_111' title="bbox 1980 4861 3636 4935">
     <span class='ocr_line' id='line_1_111' title="bbox 1980 4861 3636 4935; baseline -0.002 -13"><span class='ocrx_word' id='word_1_876' title='bbox 1980 4866 2278 4922; x_wconf 85' lang='lat' dir='ltr'>licentiam</span> <span class='ocrx_word' id='word_1_877' title='bbox 2293 4863 2546 4920; x_wconf 90' lang='lat' dir='ltr'>reddunt</span> <span class='ocrx_word' id='word_1_878' title='bbox 2559 4863 2759 4935; x_wconf 67' lang='lat' dir='ltr'>gratia:</span> <span class='ocrx_word' id='word_1_879' title='bbox 2772 4861 3106 4918; x_wconf 89' lang='lat' dir='ltr'>Salvatoris.</span> <span class='ocrx_word' id='word_1_880' title='bbox 3120 4865 3488 4934; x_wconf 84' lang='lat' dir='ltr'>Quapropter</span> <span class='ocrx_word' id='word_1_881' title='bbox 3503 4878 3636 4918; x_wconf 90' lang='lat' dir='ltr'>con-</span> 
     </span>
    </p>
   </div>
   <div class='ocr_carea' id='block_1_112' title="bbox 1980 4950 3632 5029">
    <p class='ocr_par' dir='ltr' id='par_1_112' title="bbox 1980 4950 3632 5029">
     <span class='ocr_line' id='line_1_112' title="bbox 1980 4950 3632 5029; baseline -0.005 -17"><span class='ocrx_word' id='word_1_882' title='bbox 1980 4972 2198 5029; x_wconf 89' lang='lat' dir='ltr'>gruum</span> <span class='ocrx_word' id='word_1_883' title='bbox 2230 4954 2465 5010; x_wconf 87' lang='lat' dir='ltr'>videtur</span> <span class='ocrx_word' id='word_1_884' title='bbox 2488 4958 2551 5008; x_wconf 90' lang='lat' dir='ltr'>ut</span> <span class='ocrx_word' id='word_1_885' title='bbox 2577 4969 2646 5009; x_wconf 89' lang='lat' dir='ltr'>ex</span> <span class='ocrx_word' id='word_1_886' title='bbox 2677 4951 2806 5008; x_wconf 91' lang='lat' dir='ltr'>aliis</span> <span class='ocrx_word' id='word_1_887' title='bbox 2836 4951 3275 5024; x_wconf 87' lang='lat' dir='ltr'>Scripturarum</span> <span class='ocrx_word' id='word_1_888' title='bbox 3312 4951 3453 5006; x_wconf 88' lang='lat' dir='ltr'>locis</span> <span class='ocrx_word' id='word_1_889' title='bbox 3472 4950 3632 5006; x_wconf 92' lang='lat' dir='ltr'>verbi</span> 
     </span>
    </p>
   </div>
   <div class='ocr_carea' id='block_1_113' title="bbox 1981 5042 3633 5116">
    <p class='ocr_par' dir='ltr' id='par_1_113' title="bbox 1981 5042 3633 5116">
     <span class='ocr_line' id='line_1_113' title="bbox 1981 5042 3633 5116; baseline -0.004 -17"><span class='ocrx_word' id='word_1_890' title='bbox 1981 5046 2161 5116; x_wconf 87' lang='lat' dir='ltr'>hujus</span> <span class='ocrx_word' id='word_1_891' title='bbox 2191 5043 2581 5115; x_wconf 89' lang='lat' dir='ltr'>intelligentia</span> <span class='ocrx_word' id='word_1_892' title='bbox 2614 5042 2969 5114; x_wconf 89' lang='lat' dir='ltr'>requiratur,</span> <span class='ocrx_word' id='word_1_893' title='bbox 3004 5046 3068 5096; x_wconf 91' lang='lat' dir='ltr'>ut</span> <span class='ocrx_word' id='word_1_894' title='bbox 3097 5043 3396 5112; x_wconf 88' lang='lat' dir='ltr'>appareat,</span> <span class='ocrx_word' id='word_1_895' title='bbox 3433 5042 3633 5093; x_wconf 89' lang='lat' dir='ltr'>utrum</span> 
     </span>
    </p>
   </div>
   <div class='ocr_carea' id='block_1_114' title="bbox 1981 5129 3637 5208">
    <p class='ocr_par' dir='ltr' id='par_1_114' title="bbox 1981 5129 3637 5208">
     <span class='ocr_line' id='line_1_114' title="bbox 1981 5129 3637 5208; baseline -0.005 -17"><span class='ocrx_word' id='word_1_896' title='bbox 1981 5134 2262 5208; x_wconf 89' lang='lat' dir='ltr'>quidquid</span> <span class='ocrx_word' id='word_1_897' title='bbox 2279 5135 2431 5206; x_wconf 87' lang='lat' dir='ltr'>apud</span> <span class='ocrx_word' id='word_1_898' title='bbox 2447 5132 2692 5203; x_wconf 87' lang='lat' dir='ltr'>aliquem</span> <span class='ocrx_word' id='word_1_899' title='bbox 2705 5129 3637 5202; x_wconf 59' lang='lat' dir='ltr'>essejdicitur,debeamus,secun—</span> 
     </span>
    </p>
   </div>
   <div class='ocr_carea' id='block_1_115' title="bbox 1982 5217 3629 5290">
    <p class='ocr_par' dir='ltr' id='par_1_115' title="bbox 1982 5217 3629 5290">
     <span class='ocr_line' id='line_1_115' title="bbox 1982 5217 3629 5290; baseline -0.008 -9"><span class='ocrx_word' id='word_1_900' title='bbox 1982 5227 2120 5281; x_wconf 87' lang='lat' dir='ltr'>dum</span> <span class='ocrx_word' id='word_1_901' title='bbox 2151 5224 2386 5280; x_wconf 90' lang='lat' dir='ltr'>illorum</span> <span class='ocrx_word' id='word_1_902' title='bbox 2409 5222 3024 5290; x_wconf 87' lang='lat' dir='ltr'>sententiam,semper</span> <span class='ocrx_word' id='word_1_903' title='bbox 3048 5218 3302 5274; x_wconf 88' lang='lat' dir='ltr'>exterius</span> <span class='ocrx_word' id='word_1_904' title='bbox 3321 5217 3629 5272; x_wconf 68' lang='lat' dir='ltr'>aestimare.</span> 
     </span>
    </p>
   </div>
   <div class='ocr_carea' id='block_1_116' title="bbox 1983 5305 3629 5384">
    <p class='ocr_par' dir='ltr' id='par_1_116' title="bbox 1983 5305 3629 5384">
     <span class='ocr_line' id='line_1_116' title="bbox 1983 5305 3629 5384; baseline -0.005 -14"><span class='ocrx_word' id='word_1_905' title='bbox 1983 5315 2045 5370; x_wconf 89' lang='lat' dir='ltr'>In</span> <span class='ocrx_word' id='word_1_906' title='bbox 2071 5313 2221 5370; x_wconf 90' lang='lat' dir='ltr'>libro</span> <span class='ocrx_word' id='word_1_907' title='bbox 2249 5312 2566 5384; x_wconf 67' lang='lat' dir='ltr'>Sapientiae</span> <span class='ocrx_word' id='word_1_908' title='bbox 2597 5309 2847 5380; x_wconf 86' lang='lat' dir='ltr'>legimus</span> <span class='ocrx_word' id='word_1_909' title='bbox 2876 5309 3098 5362; x_wconf 89' lang='lat' dir='ltr'>dictum</span> <span class='ocrx_word' id='word_1_910' title='bbox 3131 5307 3200 5361; x_wconf 91' lang='lat' dir='ltr'>de</span> <span class='ocrx_word' id='word_1_911' title='bbox 3231 5305 3629 5376; x_wconf 89' lang='lat' dir='ltr'>quibusdam:</span> 
     </span>
    </p>
   </div>
   <div class='ocr_carea' id='block_1_117' title="bbox 1981 5394 3632 5472">
    <p class='ocr_par' dir='ltr' id='par_1_117' title="bbox 1981 5394 3632 5472">
     <span class='ocr_line' id='line_1_117' title="bbox 1981 5394 3632 5472; baseline -0.008 -11"><span class='ocrx_word' id='word_1_912' title='bbox 1981 5406 2252 5460; x_wconf 73' lang='lat' dir='ltr'>Dixerunt</span> <span class='ocrx_word' id='word_1_913' title='bbox 2285 5402 2430 5472; x_wconf 84' lang='lat' dir='ltr'>apud</span> <span class='ocrx_word' id='word_1_914' title='bbox 2484 5417 2541 5456; x_wconf 85' lang='lat' dir='ltr'>se</span> <span class='ocrx_word' id='word_1_915' title='bbox 2593 5401 2897 5470; x_wconf 80' lang='lat' dir='ltr'>cogitantes</span> <span class='ocrx_word' id='word_1_916' title='bbox 2946 5413 3057 5452; x_wconf 84' lang='lat' dir='ltr'>non</span> <span class='ocrx_word' id='word_1_917' title='bbox 3088 5405 3227 5452; x_wconf 84' lang='lat' dir='ltr'>recte</span> <span class='ocrx_word' id='word_1_918' title='bbox 3257 5395 3403 5467; x_wconf 88' lang='lat' dir='ltr'>(Sap.</span> <span class='ocrx_word' id='word_1_919' title='bbox 3432 5411 3494 5460; x_wconf 89' lang='grc' dir='ltr'>ιι,</span> <span class='ocrx_word' id='word_1_920' title='bbox 3527 5394 3584 5467; x_wconf 76' lang='grc'>4)</span> <span class='ocrx_word' id='word_1_921' title='bbox 3617 5419 3632 5462; x_wconf 84' lang='lat'><strong>;</strong></span> 
     </span>
    </p>
   </div>
   <div class='ocr_carea' id='block_1_118' title="bbox 1985 5484 3634 5564">
    <p class='ocr_par' dir='ltr' id='par_1_118' title="bbox 1985 5484 3634 5564">
     <span class='ocr_line' id='line_1_118' title="bbox 1985 5484 3634 5564; baseline -0.007 -14"><span class='ocrx_word' id='word_1_922' title='bbox 1985 5495 2160 5564; x_wconf 88' lang='lat' dir='ltr'>hujus</span> <span class='ocrx_word' id='word_1_923' title='bbox 2192 5492 2301 5548; x_wconf 90' lang='lat' dir='ltr'>loci</span> <span class='ocrx_word' id='word_1_924' title='bbox 2323 5492 2394 5545; x_wconf 87' lang='lat' dir='ltr'>ab</span> <span class='ocrx_word' id='word_1_925' title='bbox 2414 5488 2650 5544; x_wconf 82' lang='lat' dir='ltr'>Arianis</span> <span class='ocrx_word' id='word_1_926' title='bbox 2673 5487 2966 5558; x_wconf 85' lang='lat' dir='ltr'>exigimus</span> <span class='ocrx_word' id='word_1_927' title='bbox 2988 5486 3501 5555; x_wconf 87' lang='lat' dir='ltr'>rationem,utrum</span> <span class='ocrx_word' id='word_1_928' title='bbox 3532 5484 3634 5555; x_wconf 89' lang='lat' dir='ltr'>qui</span> 
     </span>
    </p>
   </div>
   <div class='ocr_carea' id='block_1_119' title="bbox 1981 5574 3632 5656">
    <p class='ocr_par' dir='ltr' id='par_1_119' title="bbox 1981 5574 3632 5656">
     <span class='ocr_line' id='line_1_119' title="bbox 1981 5574 3632 5656; baseline -0.008 -16"><span class='ocrx_word' id='word_1_929' title='bbox 1981 5584 2136 5656; x_wconf 89' lang='lat' dir='ltr'>apud</span> <span class='ocrx_word' id='word_1_930' title='bbox 2164 5598 2226 5638; x_wconf 88' lang='lat' dir='ltr'>se</span> <span class='ocrx_word' id='word_1_931' title='bbox 2252 5579 2488 5650; x_wconf 88' lang='lat' dir='ltr'>cogitat,</span> <span class='ocrx_word' id='word_1_932' title='bbox 2521 5577 2676 5631; x_wconf 89' lang='lat' dir='ltr'>intra</span> <span class='ocrx_word' id='word_1_933' title='bbox 2709 5592 2772 5631; x_wconf 89' lang='lat' dir='ltr'>se</span> <span class='ocrx_word' id='word_1_934' title='bbox 2804 5591 2878 5629; x_wconf 90' lang='lat' dir='ltr'>an</span> <span class='ocrx_word' id='word_1_935' title='bbox 2910 5579 3073 5630; x_wconf 87' lang='lat' dir='ltr'>extra</span> <span class='ocrx_word' id='word_1_936' title='bbox 3104 5592 3166 5630; x_wconf 89' lang='lat' dir='ltr'>se</span> <span class='ocrx_word' id='word_1_937' title='bbox 3197 5575 3414 5645; x_wconf 87' lang='lat' dir='ltr'>cogitet</span> <span class='ocrx_word' id='word_1_938' title='bbox 3443 5574 3471 5628; x_wconf 75' lang='lat' dir='ltr'>‘I</span> <span class='ocrx_word' id='word_1_939' title='bbox 3495 5588 3632 5628; x_wconf 90' lang='lat' dir='ltr'>cum</span> 
     </span>
    </p>
   </div>
   <div class='ocr_carea' id='block_1_120' title="bbox 1980 5661 3633 5739">
    <p class='ocr_par' dir='ltr' id='par_1_120' title="bbox 1980 5661 3633 5739">
     <span class='ocr_line' id='line_1_120' title="bbox 1980 5661 3633 5739; baseline -0.008 -11"><span class='ocrx_word' id='word_1_940' title='bbox 1980 5671 2239 5728; x_wconf 90' lang='lat' dir='ltr'>hominis</span> <span class='ocrx_word' id='word_1_941' title='bbox 2269 5667 2542 5739; x_wconf 89' lang='lat' dir='ltr'>cogitatio</span> <span class='ocrx_word' id='word_1_942' title='bbox 2576 5682 2691 5721; x_wconf 89' lang='lat' dir='ltr'>non</span> <span class='ocrx_word' id='word_1_943' title='bbox 2718 5663 2910 5720; x_wconf 84' lang='lat' dir='ltr'>solum</span> <span class='ocrx_word' id='word_1_944' title='bbox 2943 5668 3106 5719; x_wconf 85' lang='lat' dir='ltr'>extra</span> <span class='ocrx_word' id='word_1_945' title='bbox 3137 5680 3352 5734; x_wconf 91' lang='lat' dir='ltr'>corpus</span> <span class='ocrx_word' id='word_1_946' title='bbox 3374 5661 3633 5717; x_wconf 90' lang='lat' dir='ltr'>hominis</span> 
     </span>
    </p>
   </div>
   <div class='ocr_carea' id='block_1_121' title="bbox 1983 5749 3630 5828">
    <p class='ocr_par' dir='ltr' id='par_1_121' title="bbox 1983 5749 3630 5828">
     <span class='ocr_line' id='line_1_121' title="bbox 1983 5749 3630 5828; baseline -0.01 -9"><span class='ocrx_word' id='word_1_947' title='bbox 1983 5780 2097 5819; x_wconf 92' lang='lat' dir='ltr'>non</span> <span class='ocrx_word' id='word_1_948' title='bbox 2129 5761 2226 5828; x_wconf 91' lang='lat' dir='ltr'>sit,</span> <span class='ocrx_word' id='word_1_949' title='bbox 2287 5758 2389 5814; x_wconf 88' lang='lat' dir='ltr'>sed</span> <span class='ocrx_word' id='word_1_950' title='bbox 2420 5773 2526 5812; x_wconf 89' lang='lat' dir='ltr'>nec</span> <span class='ocrx_word' id='word_1_951' title='bbox 2559 5752 2820 5826; x_wconf 89' lang='lat' dir='ltr'>corporis</span> <span class='ocrx_word' id='word_1_952' title='bbox 2853 5755 3004 5811; x_wconf 85' lang='lat' dir='ltr'>actio</span> <span class='ocrx_word' id='word_1_953' title='bbox 3034 5755 3128 5811; x_wconf 84' lang='lat' dir='ltr'>sit.</span> <span class='ocrx_word' id='word_1_954' title='bbox 3193 5753 3363 5809; x_wconf 88' lang='lat' dir='ltr'>Enim</span> <span class='ocrx_word' id='word_1_955' title='bbox 3397 5749 3537 5822; x_wconf 90' lang='lat' dir='ltr'>quia</span> <span class='ocrx_word' id='word_1_956' title='bbox 3570 5749 3630 5804; x_wconf 89' lang='lat' dir='ltr'>id</span> 
     </span>
    </p>
   </div>
  </div>
