3886 6358
433 362 549 421 199
1430 358 1494 415 S.
1544 353 1961 414 FULGENTI]
2010 352 2362 412 EPISCOPI
2409 351 2841 415 RUSPENSIS
3651 373 3736 434 200

429 497 626 566 ipsum
657 493 806 564 quod
838 491 1109 563 cogitatio
1142 489 1360 544 dicitur
1391 505 1505 542 non
1539 486 1730 542 solum
1765 503 1879 540 non
1912 489 2075 540 extra
2105 485 2154 550 Α
2188 487 2344 542 aliud
2369 487 2520 550 esse,
2551 489 2702 558 apud
2741 505 2804 544 se
2834 487 3048 553 dicere,
3083 488 3196 544 nisi
3226 488 3284 543 in
3325 492 3478 548 corde
3503 496 3735 562 dicere.Ait

427 588 744 648 hominem,
779 582 881 638 sed
914 599 1019 636 nec
1045 583 1100 636 in
1135 583 1260 652 ipso
1293 595 1534 649 corpore
1569 578 1830 632 hominis
1857 576 2082 631 inveni—
2189 577 2369 633 enim:
2405 579 2532 643 Qua:
2561 577 2748 631 dicitis
2780 580 2837 632 in
2882 578 3138 633 cordibus
3190 580 3385 634 vestris
3434 583 3576 650 (Psal.
3605 595 3737 664 1v,5).

423 675 680 745 tur,quis
701 691 810 727 non
835 672 1024 725 videat
1046 670 1457 739 cogitationem
1482 667 1670 721 solius
1690 684 1819 720 esse
1843 667 2078 732 animas,
2187 668 2348 732 Quod
2376 667 2423 721 si
2455 667 2625 722 aliter
2652 667 3018 737 distinguere
3041 667 3351 730 voluerint,
3379 675 3434 724 ut
3453 671 3609 742 ipsum
3625 685 3736 750 apud

425 763 516 819 cui
553 780 652 834 per
677 760 1015 815 rationalem
1049 758 1324 811 virtutem
1354 757 1640 810 divinitus
1662 757 1866 809 datum
1891 761 1976 808 est
1993 771 2083 808 co—
2187 773 2392 820 se,non
2414 757 2756 826 praecedenti
2782 757 3166 819 sermoni,sed
3188 759 3544 829 subsequenti
3563 769 3745 836 conjun.

423 851 635 924 gitare?
668 852 729 904 In
756 848 990 903 homine
1017 847 1233 917 quippe
1260 846 1571 916 cogitando
1597 844 1940 898 dominatur
1963 844 2084 896 ani-
2187 849 2346 913 gant,
2384 849 2447 897 ut
2480 845 2899 914 praemittentes
2929 845 3225 912 dixerunt,
3250 847 3524 918 interjecto
3544 853 3736 925 silentio,

427 959 577 1010 mus,
611 937 903 1010 cperando
927 943 1122 991 autem
1158 936 1462 990 servitium
1490 934 1728 989 exhibet
1751 932 2080 1004 corpus.lbi
2189 935 2560 1001 postmodum
2589 934 2841 988 inferant
2864 933 3008 988 illud
3043 934 3200 1004 quod
3233 935 3442 990 dictum
3471 944 3688 1012 est,Apud
3705 963 3746 1002 se

422 1037 511 1086 est
536 1029 690 1084 enim
716 1027 936 1081 homini
963 1025 1097 1079 data
1121 1024 1416 1096 cogitatio,
1443 1024 1540 1077 ubi
1570 1029 1654 1078 est
1678 1023 1899 1077 inserta
1943 1020 2079 1076 boni
2184 1020 2484 1088 cogitantes
2515 1038 2621 1075 non
2645 1025 2787 1077 recte
2817 1022 2967 1092 (Sap.
3005 1039 3069 1086 ιι,
3104 1027 3178 1088 l),
3203 1023 3377 1078 etiam
3409 1024 3527 1081 hinc
3548 1030 3746 1102 increpa-

426 1118 680 1189 malique
712 1116 1007 1170 discretio.
1043 1113 1492 1183 Interiorigitur
1516 1112 1686 1166 homo
1708 1111 2076 1181 cogitationis
2184 1109 2400 1163 tionem
2417 1109 3082 1176 Salvatorisaudiant,et
3101 1113 3295 1166 cordis
3311 1117 3749 1186 essecogitationes

419 1207 678 1264 ofﬁcium
708 1204 878 1276 gerit,
943 1203 1043 1273 qui
1077 1202 1253 1256 etiam
1289 1201 1657 1265 intelligendi
1692 1200 1969 1254 virtutem
2004 1198 2076 1252 ad
2185 1205 2526 1269 agnoscant;
2562 1200 2644 1253 ait
2669 1199 3010 1268 enimzouid
3039 1201 3290 1268 cogitatis
3319 1202 3459 1257 mula
3480 1206 3530 1258 in
3554 1208 3749 1266 cordibus

415 1295 732 1367 imaginem
767 1293 865 1346 Dei
903 1297 1133 1346 creatus
1167 1289 1410 1358 accepit.
1471 1289 1616 1342 Cum
1651 1304 1788 1359 ergo
1821 1287 1978 1358 apud
2012 1303 2073 1341 se
2181 1289 2372 1342 vestris
2402 1288 2552 1356 (Luc.
2587 1305 2640 1346 v.
2662 1288 2783 1358 22)?
2813 1289 2938 1343 Alio
2963 1305 3196 1360 quoque
3223 1289 3348 1345 loco
3374 1289 3512 1346 idem
3532 1293 3753 1354 Dominus

415 1384 591 1438 homo
623 1382 858 1454 cogitat,
894 1397 1006 1435 non
1027 1385 1189 1434 extra
1213 1396 1297 1444 se,
1321 1380 1419 1433 sed
1452 1379 1604 1432 intra
1625 1395 1686 1432 se
1711 1377 1948 1448 cogitat,
1975 1391 2070 1446 qui

417 1488 531 1526 non
563 1478 724 1525 extra
740 1487 802 1525 se
824 1472 1126 1540 cogitaret,
1153 1468 1388 1523 etiamsi
1413 1467 1485 1521 ad
1509 1467 1854 1521 exteriorem
1881 1466 2069 1520 homi-

421 1575 553 1614 nem
587 1559 861 1630 cogitatio
893 1557 1229 1629 pertineret.
1272 1558 1503 1621 Quanto
1536 1555 1724 1626 magis
1752 1572 1884 1620 ergo
1918 1555 2072 1609 intra

419 1668 480 1706 sc
513 1651 748 1720 cogitat,
811 1646 1284 1718 quandoquidem
1318 1662 1430 1700 non
1466 1647 1714 1700 exterior
1744 1645 1934 1709 homo,
1966 1644 2070 1699 sed

417 1739 659 1794 interior
686 1737 919 1808 cogitat.
946 1736 1052 1801 Qui
1078 1743 1272 1789 tamen
1307 1735 1630 1789 secundum
1655 1734 1968 1805 Scriptura:
1992 1738 2069 1787 te-

2180 1378 2367 1430 docet:
2403 1376 2542 1443 Quia
2571 1375 2634 1431 de
2654 1377 2813 1430 corde
2833 1385 3036 1431 exeunt
3056 1376 3412 1443 cogitationes
3430 1382 3574 1437 mater
3591 1385 3751 1452 (Matth.

2180 1480 2269 1530 xv,
2306 1465 2415 1535 19).
2451 1465 2518 1519 Et
2547 1466 2738 1519 denuo
2770 1465 2912 1520 dicit
2945 1481 2958 1519 :
3019 1467 3169 1536 Quia
3201 1467 3371 1520 bonus
3399 1467 3544 1523 homo
3569 1470 3623 1523 de
3650 1472 3749 1528 bona

2176 1554 2429 1617 thesauro
2460 1554 2645 1608 cordis
2664 1553 2754 1608 sui
2783 1553 2996 1626 profert
3030 1555 3172 1610 bona
3207 1571 3220 1609 ε
3262 1561 3315 1609 et
3365 1556 3537 1612 malus
3565 1558 3691 1614 homo
3711 1562 3760 1616 de

2173 1643 2319 1696 malo
2350 1643 2609 1697 thesauro
2641 1644 2821 1697 cordis
2843 1642 2936 1696 sui
2957 1647 3160 1711 pro/ert
3195 1644 3344 1697 mata
3364 1647 3569 1711 (Matth.
3589 1651 3756 1720 x1135).

2172 1733 2382 1788 Jamne
2413 1737 2776 1803 cognoscunt
2812 1732 2868 1786 in
2903 1738 3126 1803 quanto
3157 1749 3355 1788 errore
3384 1741 3656 1792 versentur
3688 1741 3760 1809 qui

411 1827 749 1882 alimonium
772 1825 928 1896 apud
944 1841 1005 1878 se
1023 1823 1280 1895 cogitare
1300 1823 1533 1891 dicitur,
1551 1823 1704 1892 quod
1731 1823 1932 1893 utique
1953 1839 2064 1876 non
2104 1853 2146 1914 Β
2177 1821 2429 1876 Verbum
2454 1823 2608 1892 apud
2635 1821 2963 1890 Deum,non
2989 1822 3368 1888 interius,sed
3392 1825 3622 1880 exterius
3643 1844 3760 1882 asse-

410 1914 469 1968 in
484 1911 919 1977 exterioris,sed
941 1910 1236 1965 interioris
1253 1909 1508 1965 hominis
1536 1910 1727 1965 ofﬁcio
1747 1911 2057 1982 reperitur.

411 2004 513 2057 Ait
545 2002 699 2056 enim
733 2001 1058 2072 Scriptura,
1093 1999 1244 2053 sicut
1274 2017 1454 2070 supra
1477 2000 1601 2068 jam
1637 1999 1892 2068 positum
1926 2005 2054 2052 est:

413 2090 685 2146 Dixerunt
707 2096 851 2160 apud
871 2106 928 2144 se
943 2091 1241 2158 cogitantes
1262 2103 1372 2142 non
1395 2097 1558 2142 recte.
1578 2087 1722 2150 Quid
1748 2091 1836 2142 est
1859 2092 2055 2141 autem

413 2179 567 2249 apud
599 2197 658 2233 se
690 2179 903 2246 dicere,
939 2175 1051 2230 nisi
1082 2176 1139 2230 in
1175 2176 1346 2230 corde
1379 2192 1485 2230 suo
1527 2175 1765 2230 dicere?
1823 2179 2060 2246 Propter

407 2269 560 2334 quod
584 2267 721 2322 alibi
739 2266 972 2320 dicitur:
994 2265 1129 2332 Quae
1145 2263 1331 2318 dicitis
1347 2265 1404 2318 in
1425 2263 1962 2330 cordibus,vestrisct
1995 2265 2055 2320 in

409 2356 690 2411 cubitibus
729 2357 926 2410 vestris
956 2353 1405 2420 compungimini
1431 2353 1606 2423 (Psul.
1641 2369 1716 2422 ιν,
1747 2353 1822 2423 5).

478 2445 594 2500 Hoc
625 2449 881 2514 estergo
917 2443 1070 2513 apud
1103 2458 1164 2496 se
1197 2442 1409 2508 dicere,
1433 2442 1588 2512 quod
1609 2447 1699 2495 est
1725 2443 1874 2495 intra
1897 2455 1958 2495 se
1976 2439 2058 2493 di-

404 2553 553 2591 cere.
581 2535 740 2590 Unde
760 2540 816 2588 et
840 2533 1164 2589 Pharisazus
1188 2532 1285 2586 ille
1309 2533 1407 2603 qui
1445 2531 1751 2586 Dominum
1780 2547 2056 2602 poposce-

404 2632 494 2679 rat
542 2627 611 2678 ad
646 2624 1020 2684 vescendum,
1054 2638 1187 2675 cum
1225 2622 1490 2692 ingressa
1523 2619 1730 2675 mulier
1764 2619 2053 2691 peccatrix

400 2715 675 2783 lacrymis
697 2716 992 2784 rigaret,et
1013 2707 1241 2779 capillis
1259 2712 1428 2777 pedes
1451 2715 1700 2779 tergeret
1714 2709 2052 2773 Saivatoris,

402 2804 502 2873 qui
536 2804 687 2856 intra
718 2819 778 2856 se
811 2803 1124 2871 cogitabat,
1160 2797 1309 2851 intra
1337 2815 1398 2852 se
1423 2799 1623 2868 utique
1647 2799 1876 2852 dicebat
1897 2797 2052 2866 quod

403 2891 712 2961 cogitando
745 2890 996 2945 dicebat.
1056 2887 1149 2941 Ait
1194 2889 1348 2940 enim
1382 2887 1744 2957 evangelista
1778 2903 1790 2940 :
1861 2887 2052 2941 Videas

401 2987 584 3035 autem
617 2979 952 3043 Phariswus,
986 2980 1081 3048 qui
1105 2981 1386 3031 rocaverat
1416 2993 1569 3038 eum,
1595 2976 1673 3029 ait
1696 2978 1846 3030 intra
1877 2992 1931 3030 se
1953 2976 2037 3029 di-

395 3076 522 3115 cens
551 3061 703 3130 (Luc.
761 3076 856 3126 vn,
914 3059 1022 3128 39).
1059 3057 1209 3120 Quid
1235 3063 1326 3110 est
1356 3057 1510 3110 enim
1546 3060 1626 3110 ait
1648 3056 1797 3111 intra
1817 3073 1891 3121 se,
1928 3056 2042 3110 nisi

393 3150 668 3217 cogitavit
698 3149 854 3203 intra
886 3165 947 3203 se
975 3147 1002 3202 ?
1027 3146 1443 3200 Verumtamen
1471 3146 1770 3213 Scriptura
1801 3147 2045 3200 docente

2178 1927 2301 1964 rere
2337 1910 2514 1965 molin
2529 1916 2626 1964 ntu
2641 1927 2666 1964 r
2683 1909 2710 1964 ‘t

2167 1999 2358 2053 CAPUT
2379 2016 2431 2054 v.
2461 1998 2613 2069 Apud
2645 2001 2811 2053 Deum
2831 2002 2960 2054 nota
2995 2008 3075 2054 est
3095 2005 3149 2053 et
3179 2001 3340 2070 apud
3362 2000 3590 2058 homines
3609 2021 3763 2058 memo-

2235 2073 2324 2124 ria
2351 2071 2486 2142 ejus.
2524 2073 2773 2124 Introibo
2795 2073 2867 2124 ad
2897 2087 3042 2135 eum,
3076 2074 3125 2124 et
3153 2075 3224 2125 ad
3256 2087 3385 2126 eum
3445 2077 3688 2130 veniemus
3731 2081 3768 2130 et

2237 2144 2576 2215 mansionem
2605 2142 2751 2210 apud
2773 2159 2898 2215 cum
2921 2144 3321 2215 [aciemiis.bit:
3348 2145 3570 2200 Verbum
3589 2153 3636 2200 et
3657 2151 3766 2215 aput

2243 2218 2412 2268 Deum
2437 2213 2564 2288 etin
2592 2218 2696 2268 Deo
2718 2213 3161 2288 est.§icidem_est
3187 2217 3249 2268 in
3273 2216 3456 2288 Deo,et
3476 2217 3608 2288 apud
3624 2213 3762 2272 Deum

2235 2289 2449 2360 nonest
2473 2285 2761 2360 iniquitas.
2802 2285 2947 2342 Unus
2977 2294 3030 2340 et
3058 2286 3205 2340 idem
3265 2285 3582 2358 spiritus'in
3608 2289 3762 2360 Moyse,

2236 2355 2410 2411 David
2440 2365 2494 2411 et
2525 2357 2728 2411 Paulo.

2234 2445 2460 2499 Rursus
2487 2447 2540 2498 in
2565 2446 2767 2500 eodem
2792 2444 2937 2499 libro
2960 2445 3247 2516 scriptum
3276 2447 3350 2501 de
3363 2447 3762 2520 sapientialegi-

2165 2549 2318 2587 mus:
2350 2532 2688 2589 Immortalis
2719 2535 2867 2588 enim
2895 2538 2972 2589 est
2994 2537 3266 2590 inemoI-ia
3291 2535 3461 2591 illius
3482 2538 3709 2608 quoniam
3727 2545 3763 2592 et

2159 2624 2302 2686 apud
2335 2623 2500 2676 Deum
2529 2627 2659 2676 nota
2697 2627 2805 2690 est.
2855 2632 2905 2676 et
2946 2623 3096 2691 apud
3143 2623 3400 2679 homines
3432 2625 3574 2695 (Sap.
3607 2643 3669 2689 iv,
3698 2627 3756 2694 ll.

2161 2709 2461 2772 Quomodo
2484 2718 2676 2765 autem
2702 2711 2856 2781 apud
2881 2711 3146 2766 homines
3171 2718 3316 2768 nota
3346 2716 3507 2781 est,si
3529 2730 3631 2768 non
3652 2717 3768 2768 intra

2161 2798 2557 2866 homines,sed
2582 2803 2742 2853 extra
2756 2799 3023 2854 homines
3046 2800 3164 2855 est?
3181 2800 3334 2856 Cum
3356 2803 3465 2857 nisi
3484 2803 3536 2856 in
3557 2804 3765 2857 animum

2159 2886 2413 2941 hominis
2436 2888 2757 2954 intraverit,
2780 2893 2918 2942 nota
2943 2888 3161 2944 homini
3199 2906 3335 2945 esse
3361 2909 3473 2946 non
3502 2893 3685 2963 possit.
3711 2896 3770 2945 De

2158 2974 2286 3044 ipsa
2315 2976 2530 3046 quippe
2548 2977 2631 3031 sic
2663 2976 2896 3041 dicitur,
2920 2988 2972 3032 et
2992 2993 3334 3048 permanens
3357 2979 3417 3034 in
3439 2996 3493 3036 se
3511 2983 3676 3034 omnia
3704 2983 3767 3030 in-

2157 3069 2340 3126 novat.
2374 3074 2423 3119 et
2450 3081 2549 3134 per
2582 3066 2830 3121 nationes
2854 3069 2910 3120 in
2943 3069 3167 3121 animas
3215 3073 3444 3123 sanctas
3472 3086 3528 3123 se
3555 3071 3773 3136 transfert

2158 3153 2309 3221 (Sap.
2345 3169 2446 3217 vu,
2476 3153 2584 3222 27).
2621 3157 2691 3207 Et
2726 3160 2787 3207 ut
2822 3171 2935 3208 non
2969 3155 3124 3209 aliud
3162 3164 3550 3223 agnoscatur,
3595 3157 3644 3210 in
3673 3156 3771 3209 ani-

396 3239 810 3308 cognoscimus
839 3236 978 3307 quia
1007 3235 1106 3306 qui
1131 3234 1516 3302 cogitatinira
1540 3251 1622 3298 εει
1647 3234 1864 3304 cogitat
1886 3235 2040 3302 apud
2075 3211 2116 3276 C
2159 3258 2284 3296 mas
2314 3258 2376 3296 se
2410 3245 2702 3304 trast'erre,
2763 3259 2938 3312 quam
2974 3245 3028 3298 in
3065 3246 3305 3300 animus
3331 3247 3574 3315 intrare,
3607 3261 3776 3300 rursus

394 3344 477 3381 se.
513 3328 647 3382 Ideo
681 3327 882 3396 utique
914 3325 1164 3380 dicitur:
1199 3324 1472 3376 Dixerunt
1497 3323 1640 3391 apud
1665 3325 2044 3391 se,cogitantes

396 3432 504 3471 non
537 3426 704 3470 recte.
739 3417 1005 3468 Attamen
1043 3429 1113 3467 ne
1145 3411 1253 3465 hoc
1283 3411 1434 3480 quod
1471 3413 1693 3466 dictum
1748 3417 1837 3465 est
1887 3411 2043 3481 apud

393 3523 475 3569 se,
503 3522 618 3560 non
647 3503 986 3574 praacedenti
1012 3499 1291 3561 sermoni.
1319 3501 1417 3554 sei
1443 3501 1827 3571 subsequenti
1863 3500 2042 3555 velint

387 3593 588 3649 Ariani
605 3593 980 3662 conjungere,
1005 3598 1069 3644 ut
1089 3607 1202 3643 non
1220 3589 1465 3652 dicatur,
1482 3591 1755 3643 dixerunt
1773 3590 1924 3659 apud
1947 3605 2034 3661 se,

389 3684 486 3736 sed
543 3683 791 3747 dicatur,
843 3681 1139 3742 dixerunt,
1190 3685 1246 3732 et
1299 3682 1672 3749 postmodum
1723 3679 2028 3744 inferatur,

388 3771 542 3840 apud
577 3787 640 3824 se
671 3769 1016 3840 cogitantes;
1049 3767 1290 3822 audiant
1321 3769 1496 3822 etiam
1533 3766 1670 3820 hinc
1701 3767 2034 3821 divinarum

383 3861 488 3913 46
509 3857 845 3912 testimonia
858 3855 1090 3924 Scriptu
1103 3863 1379 3921 rarum,et
1395 3860 1751 3925 cognoscant
1775 3857 1966 3910 ofﬁcia
1979 3873 2034 3910 m

385 3945 756 4017 cogitationis
787 3945 1079 4010 humanae,
1106 3960 1219 3999 non
1246 3947 1315 3999 ad
1341 3947 1706 4011 exteriorem,
1732 3946 1831 3998 sed
1858 3946 1926 3999 ad
1955 3947 2037 3999 in-

383 4035 656 4089 teriorem
682 4032 975 4087 hominem
1001 4031 1688 4102 pertinere.Evangelista
1713 4033 1872 4098 dicit;
1898 4034 2031 4104 quia

381 4139 517 4178 cum
549 4120 796 4176 Domino
821 4121 1175 4191 paralyticus
1200 4121 1526 4186 otl'erretur,
1550 4121 1740 4175 Videas
1769 4123 2030 4177 Dominus

379 4211 541 4281 ﬁdem
556 4208 909 4279 iitorum,qui
927 4225 1056 4263 eum
1077 4226 1176 4278 per
1196 4217 1322 4279 tegu
1336 4209 1418 4263 las
1432 4209 2027 4276 submiserant,di.cit:

381 4300 627 4369 Con/ide,
657 4299 763 4369 ﬁli,
797 4300 1156 4354 remittuntur
1185 4307 1410 4369 peccata
1439 4308 1539 4353 tua
1574 4316 1587 4363 ;
1647 4307 1696 4354 et
1746 4317 1863 4355 ecce
1911 4303 2031 4372 qui-

376 4386 502 4440 dam
532 4385 597 4440 de
647 4385 841 4439 scribis
871 4383 1141 4439 dixerunt
1172 4383 1325 4438 intra
1355 4399 1432 4438 se:
1454 4386 1552 4438 Hic
1576 4385 1934 4456 blasphemat.
1956 4391 2027 4442 Ιιι

373 4492 497 4529 cum
527 4474 756 4530 vidisset
785 4476 934 4530 Iesus
959 4477 1325 4546 cogitationes
1354 4490 1550 4528 eorum
1577 4474 1726 4530 dixit
1751 4492 1762 4528 :
1829 4477 2026 4548 thuid

2153 3331 2224 3385 de
2255 3330 2356 3384 illa
2386 3337 2581 3385 textus
2610 3331 2922 3402 Scriptura:
2955 3339 3171 3387 sanctae
3207 3335 3300 3388 sic
3333 3341 3650 3389 memorat:
3677 3334 3776 3388 H20

2152 3418 2635 3487 populumjustum
2648 3430 2701 3475 et
2728 3436 2906 3474 semen
2922 3423 3046 3475 sine
3059 3423 3291 3491 querela
3306 3425 3568 3478 liberavit
3583 3441 3613 3477 a
3633 3423 3778 3477 natio-

2150 3508 2311 3562 nibus
2336 3524 2462 3579 quze
2491 3510 2652 3564 illum
2681 3511 3136 3580 comprimebant.
3175 3513 3440 3567 Intravit
3471 3517 3527 3568 in
3574 3515 3779 3566 animam

2143 3603 2288 3654 servi
2321 3601 2613 3667 Domini,et
2641 3604 2791 3655 stetit
2821 3610 3014 3656 contra
3062 3619 3222 3670 reges
3248 3604 3565 3659 horrendos
3596 3620 3648 3657 in
3678 3616 3781 3670 por-

2148 3691 2314 3744 tentis
2339 3695 2389 3744 et
2420 3691 2596 3758 signis
2627 3691 2773 3760 (Sap.
2819 3707 2872 3744 χ.
2910 3693 3017 3759 15).
3058 3693 3226 3746 llunc
3265 3693 3582 3748 introitum
3615 3705 3782 3749 suum.

2147 3795 2262 3849 quo
2294 3779 2350 3832 in
2384 3781 2611 3833 animas
2645 3780 2842 3843 intrat,
2877 3781 3053 3834 etiam
3086 3782 3146 3834 in
3184 3781 3552 3853 Apocalypsi
3579 3778 3783 3836 Joannis

2145 3868 2430 3934 insinuat,
2453 3867 2669 3922 dicens:
2693 3868 2824 3922 Ecce
2851 3878 2933 3923 sto
2957 3869 3026 3923 ad
3047 3869 3310 3938 januam
3343 3879 3394 3924 et
3429 3871 3607 3942 pulso:
3622 3868 3670 3922 si
3691 3867 3786 3938 quis

2141 3957 2381 4012 audierit
2411 3973 2588 4011 vocem
2610 3972 2785 4012 meam
2814 3965 2865 4012 et
2881 3961 3165 4027 aperuerit
3177 3960 3455 4028 januam
3483 3959 3709 4014 introibo
3732 3953 3783 4007 ad

2139 4062 2266 4100 eum
2294 4051 2347 4100 et
2376 4046 2596 4101 cwnabo
2627 4061 2750 4100 cum
2779 4045 2878 4101 illo
2908 4051 2958 4101 et
2986 4047 3098 4118 ipse
3121 4064 3362 4104 mecum
3383 4051 3572 4119 (Apoc.
3605 4048 3787 4106 "1.20).

2141 4136 2257 4190 Hoc
2280 4136 2520 4190 introitu
2545 4141 2714 4190 Pater
2737 4141 2796 4190 et
2831 4136 3010 4190 Filius
3041 4137 3113 4190 ad
3138 4138 3510 4194 dilectorem
3536 4151 3699 4192 suum
3717 4147 3786 4185 vc

2125 4225 2756 4296 Vniunt,etmansionem
2769 4226 2920 4296 apud
2940 4242 3064 4280 cum
3081 4227 3644 4296 faciuntzsicutipsc
3658 4224 3792 4276 Filius

2141 4317 2414 4386 loquitur:
2435 4315 2497 4370 Si
2515 4313 2639 4386 quis
2659 4315 2857 4383 diligit
2882 4332 3324 4380 me,sermonem
3345 4334 3540 4371 meum
3561 4313 3782 4370 servabit.

2136 4411 2185 4459 et
2205 4406 2368 4459 Pater
2392 4419 2542 4458 meus
2563 4403 2750 4473 diliget
2773 4420 2920 4466 cum,
2937 4411 2989 4458 et
3010 4405 3078 4458 ad
3101 4421 3242 4460 eum
3259 4407 3580 4468 veniemus,
3596 4410 3646 4460 et
3663 4418 3790 4456 man-

2133 4491 2344 4546 sionem
2365 4491 2510 4560 apud
2531 4507 2656 4546 eum
2679 4491 2948 4558 faciemus
2964 4494 3145 4562 (Joan.
3169 4510 3306 4559 xxv,
3335 4496 3457 4565 ‘23).
3484 4493 3642 4559 Quod
3665 4491 3704 4544 si
3725 4504 3791 4539 ve-

374 4565 623 4635 coyitatis
651 4567 802 4620 mata
834 4565 893 4620 in
925 4567 1178 4621 cordibus
1208 4567 1402 4620 vestris
1459 4566 1669 4633 (Matth.
1731 4585 1806 4632 1x,
1860 4570 1917 4636 2,
1949 4571 2019 4636 3;
2056 4584 2058 4643 ς

2187 4587 2360 4636 entes
2375 4580 2541 4634 Pater
2557 4585 2614 4635 et
2628 4579 2803 4634 Filius
2821 4582 2892 4634 ad
2908 4585 3248 4652 eum,apud
3271 4601 3458 4655 quem
3473 4582 3792 4638 mansionem

378 4655 540 4710 Marc.
580 4671 641 4718 ιι,
675 4656 726 4723 4,
758 4657 814 4720 5;
844 4656 951 4709 Luc
986 4697 998 4710 .
1031 4673 1086 4720 v,
1121 4658 1206 4719 18,
1242 4655 1327 4726 49)
1360 4655 1386 4708 ‘I
1417 4657 1570 4720 Quos
1600 4656 1745 4710 dixit
1775 4674 2020 4729 evange-

377 4743 515 4797 lista
546 4744 701 4798 intra
732 4759 794 4797 se
827 4745 1068 4808 dixisse,
1103 4745 1262 4814 ipsos
1285 4746 1564 4798 Dominus
1592 4746 1813 4800 dicitin
1840 4749 2023 4802 cordi-

377 4833 492 4886 bus
525 4831 675 4886 mala
708 4831 1018 4901 cogitasse.
1043 4833 1184 4898 Quid
1208 4839 1499 4888 estautem
1521 4838 1671 4890 muta
1688 4839 1744 4890 in
1771 4837 2022 4893 cordibus

371 4924 634 4992 cogitare,
669 4921 781 4975 nisi
815 4922 1066 4986 cogitare
1095 4920 1238 4990 apud
1267 4937 1320 4976 se
1352 4938 1464 4976 non
1494 4924 2024 4987 recte?Quomodo-

373 5011 514 5064 libet
545 5026 682 5081 ergo
716 5009 897 5079 hujus
927 5009 1034 5063 loci
1057 5026 1291 5063 sensum
1319 5011 1516 5065 Ariani
1539 5012 1922 5083 distinguant,
1943 5015 2018 5069 ibi

373 5118 610 5156 necesse
643 5105 754 5166 est,
786 5099 1191 5154 confusionem
1227 5116 1345 5153 sua:
1375 5099 1674 5168 pravitatis
1698 5103 2014 5160 inveniant.

370 5192 439 5244 Et
471 5192 692 5246 utinam
729 5190 813 5246 sic
836 5193 906 5244 de
929 5204 1121 5243 errore
1151 5189 1604 5252 confundantur,
1631 5192 1778 5245 utad
1811 5195 2016 5248 verita-

372 5285 484 5333 tem
516 5286 952 5335 convertantur.
979 5278 1038 5333 Si
1067 5280 1219 5331 enim
1246 5277 1517 5342 dixerint,
1543 5278 1627 5332 sic
1651 5280 1829 5334 istum
1857 5281 2014 5337 Scri-

370 5372 551 5430 ptura
585 5367 939 5423 versiculum
974 5367 1375 5429 dividendum,
1411 5367 1563 5436 quod
1600 5369 1880 5438 scriptum
1906 5377 2013 5439 est,

367 5455 791 5524 szeruntapud
803 5473 876 5518 se,
918 5455 1228 5524 cogitantes
1251 5473 1362 5509 non
1387 5460 1624 5518 recte,ut
1644 5457 1842 5527 ipsum
1863 5461 2019 5530 apud

365 5559 444 5606 se,
471 5545 811 5610 praecedenti
846 5545 1102 5599 sermoni
1131 5547 1464 5611 iungentes,
1497 5545 1582 5599 sic
1612 5546 2013 5617 distinguant:

365 5630 638 5684 Dixerunt
667 5631 811 5692 apud
841 5648 915 5692 se,
940 5639 1003 5684 ut
1028 5640 1226 5699 postea
1251 5633 1529 5700 inferant,
1569 5639 1883 5701 cogitantes
1905 5655 2017 5694 non

368 5727 525 5775 recte.
584 5719 851 5774 Dividico
901 5721 1098 5774 statim
1131 5723 1556 5776 convincuntur
1580 5724 1832 5796 eloquio,
1899 5744 2014 5783 non

2132 4670 2499 4733 faciunt,non
2519 4668 2896 4733 interius,sed
2913 4670 3177 4724 exterius
3196 4672 3622 4737 sunt,dicatur
3639 4667 3792 4726 nobis,

2132 4759 2228 4814 ubi
2253 4760 2323 4813 ad
2346 4775 2475 4813 eum
2499 4758 2802 4813 veniantet
2821 4759 3200 4815 mansionem
3225 4767 3398 4832 apud
3420 4779 3560 4817 eum
3587 4751 3794 4814 faciant?

2132 4850 2226 4902 47
2257 4848 2490 4902 Interim
2517 4847 2674 4917 quod
2699 4847 2945 4901 interius
2971 4848 3028 4902 in
3053 4850 3188 4903 suis
3217 4851 3517 4905 fidelibus
3545 4846 3795 4902 inhabitet

2129 4938 2416 4996 Christus,
2440 4933 2616 4989 Paulo
2649 4936 3002 5005 praedicante
3032 4939 3602 5010 cognovimus,qui
3633 4936 3723 4993 ait:
3750 4936 3796 4988 In

2129 5027 2392 5079 interiore
2422 5023 2638 5077 homine
2667 5021 2920 5078 habitare
2951 5025 3261 5081 Christum
3287 5046 3401 5098 per
3430 5029 3596 5098 ﬁdem
3627 5026 3683 5079 in
3701 5038 3794 5076 cor-

2127 5113 2286 5168 dibus
2314 5104 2734 5180 vestris(Ephes.
2755 5129 2840 5178 ιιι,
2868 5113 2971 5181 17).
2999 5117 3078 5168 An
3114 5115 3397 5172 forsitan
3429 5115 3644 5173 dicturi
3669 5115 3794 5174 sunt,

2131 5202 2373 5257 aliterin
2409 5202 2683 5256 interiore
2704 5201 2941 5255 homine
2967 5209 3182 5258 nostro
3211 5205 3507 5262 habitare
3533 5206 3794 5261 Christum

2131 5309 2230 5360 per
2262 5292 2459 5354 fidem,
2483 5295 2540 5343 et
2562 5289 2734 5343 aliter
2760 5307 2893 5344 eum
2915 5307 3046 5344 cum
3075 5290 3276 5350 Patre
3309 5296 3648 5351 venientem
3672 5287 3794 5362 apud

2127 5382 2462 5436 dilectorem
2485 5396 2658 5433 suum
2687 5381 2872 5434 facere
2899 5380 3332 5448 mansionem,
3367 5393 3436 5439 ut
3458 5385 3717 5441 Christus
3739 5382 3799 5431 in-

2125 5470 2296 5524 terim
2332 5467 2491 5522 solus
2522 5467 2578 5520 in
2616 5468 2889 5521 interiore
2923 5467 3179 5525 homine
3229 5480 3454 5529 nostro
3507 5472 3798 5529 inhabitare

2128 5558 2332 5628 possit,
2361 5561 2530 5609 Pater
2557 5561 2754 5609 autem
2780 5555 3035 5610 exterius
3055 5573 3448 5622 ramanens.
3476 5564 3630 5632 apud
3656 5573 3794 5629 quem

2127 5639 2495 5694 mansionem
2535 5637 2690 5699 facit,
2726 5652 2836 5689 non
2871 5636 3064 5690 solum
3106 5639 3257 5707 ipse
3295 5643 3561 5699 interius
3601 5651 3794 5697 manere

2126 5725 2504 5800 nequeat,sed
2530 5725 2706 5778 etiam
2725 5724 2931 5779 Filium
2949 5735 3420 5788 communione
3437 5727 3794 5790 adventussni
