3982 6218
5 2527 18 2558 ρ

189 344 270 404 201
1504 351 1615 413 AD
1659 343 2054 410 MONIMUM
2097 347 2246 410 LIB.
2295 351 2404 412 IlI.

3543 365 3666 429 202

187 478 626 540 neininteriore
655 485 950 542 homine
975 485 1439 559 habitarepossit
1460 482 1900 558 impediat.Spi-
1932 479 1989 546 Α
2018 481 2198 536 dicit:
2233 483 2592 554 Iniquitatem
2623 487 2770 557 apud
2800 489 2968 544 Deum
2999 505 3108 546 non
3139 507 3273 551 esse.
3308 497 3467 562 Quod
3495 497 3545 553 si
3574 499 3663 556 eis

185 570 318 624 ritum
340 587 614 644 quoque
642 581 971 631 sanctum
997 576 1080 632 sic
1100 577 1277 632 Filius
1299 577 1399 631 Dei
1426 575 1694 648 promisit
1716 571 1898 627 ﬁdeli-

184 658 264 713 bus
289 665 423 727 suis,
469 670 552 716 ut.
591 665 797 734 apud
827 682 938 720 eos
972 671 1223 734 maneat,
1256 671 1312 721 et
1342 666 1396 720 in
1433 666 1578 737 ipsis
1610 664 1706 720 sit.
1750 661 1895 717 Dicit

2007 570 2250 628 forsitan
2293 575 2522 630 videtur
2539 581 2604 631 ut
2633 593 2700 631 ex
2723 579 2962 635 adverso
2982 579 3141 637 aliud
3174 582 3394 653 dicant,
3429 585 3538 644 hoc
3576 589 3663 646 eis

2005 659 2299 732 reliquum
2333 669 2442 736 est,
2477 671 2540 721 ut
2569 669 2989 740 autprophetis
3018 675 3119 726 aut
3140 674 3416 744 Apostolo
3434 683 3663 735 eontra-

184 749 333 804 enim:
366 751 424 805 Si
456 751 762 822 diligitis
787 771 912 820 me,
939 755 1200 809 mandata
1219 773 1341 810 mea
1378 759 1666 819 servate,et
1685 769 1789 825 ego
1811 767 1896 807 ro-
2003 749 2220 805 dicant.

180 839 282 908 gabo
301 843 566 907 Patrem,
609 848 676 896 et
705 842 927 896 alium
962 845 1306 899 Paractetum
1329 843 1483 898 dabit
1505 842 1744 906 vobis,ut
1776 858 1891 895 ma-

183 932 276 982 neat
300 931 598 986 vobiscum
646 938 722 987 in
762 943 1080 996 aeternum.
1112 933 1384 1002 Spiritum
1426 933 1692 998 veritatis,
1727 947 1890 1002 quem

184 1018 376 1074 mundus
407 1037 536 1076 non
573 1027 794 1092 potest
832 1024 1108 1093 accipere,
1132 1023 1271 1094 quia
1303 1039 1411 1078 non
1444 1023 1582 1077 vidit
1615 1037 1756 1084 eum,
1788 1035 1891 1074 nec

186 1108 263 1164 scit
286 1127 399 1165 eum
419 1127 442 1172 ;
477 1128 592 1167 vos
663 1117 884 1167 autem
915 1115 1244 1183 cognoscetis
1285 1129 1431 1181 eum,
1464 1113 1598 1182 quia
1629 1111 1775 1182 apud
1797 1126 1890 1165 vos

188 1200 416 1267 manebit,
482 1206 544 1256 ct
590 1203 668 1256 in
704 1202 883 1257 vobis
905 1206 1016 1256 erit
1046 1203 1222 1274 (Joan.
1257 1219 1375 1268 xw,
1410 1203 1519 1272 15).
1555 1201 1698 1255 Ecce
1730 1201 1885 1271 apud

193 1314 308 1368 quos
332 1306 568 1362 manet,
601 1299 672 1354 in
692 1301 794 1354 eis
819 1299 1182 1370 estSpiritus
1200 1305 1462 1354 sanctus.
1499 1298 1733 1353 Dicatur
1749 1312 1885 1368 ergo

193 1404 292 1458 qua
335 1388 428 1444 hic
455 1394 680 1461 potest
707 1406 858 1444 esse
879 1389 1190 1444 diversitas
1234 1389 1292 1442 in
1326 1405 1393 1443 eo
1439 1388 1593 1458 quod
1617 1387 1767 1458 apud
1797 1401 1885 1442 eos

193 1485 364 1543 manet,
387 1483 449 1532 et
475 1480 544 1532 in
570 1479 667 1533 eis
691 1481 786 1533 est
816 1477 847 1531 ‘t
873 1477 1102 1532 Etenim
1128 1478 1184 1531 in
1211 1493 1326 1532 uno
1349 1476 1474 1531 loco
1497 1482 1735 1545 utraque
1751 1492 1888 1546 prae-

195 1567 378 1638 positio
403 1568 701 1638 ponitur,
730 1567 1040 1638 etSpiritu
1068 1573 1270 1622 sancto
1304 1565 1612 1636 utriusque
1635 1565 1715 1620 rei
1749 1581 1882 1632 pos-

195 1656 422 1711 sibilitas
470 1657 888 1727 assignatur.
926 1660 991 1710 ut
1021 1656 1166 1727 apud
1195 1671 1326 1726 quos
1358 1664 1562 1720 manet,
1595 1656 1655 1708 in
1685 1656 1761 1708 eis
1788 1655 1880 1709 sit.

193 1745 332 1800 Itane
349 1762 489 1801 vero
515 1745 811 1815 Spiritus
837 1751 1082 1800 sanctus
1101 1745 1184 1800 sic
1202 1745 1355 1812 apud
1381 1744 1582 1798 ﬁdeles
1607 1748 1882 1798 manetut

2000 857 2190 914 (1η)οτ
2217 877 2294 914 νι.
2327 862 2482 931 Apud
2511 879 2670 934 quem
2723 880 2835 919 non
2891 870 2967 921 est
3017 873 3424 928 transmutatio.
3484 874 3656 932 Multa

2284 937 2556 1003 exempla,
2590 935 2688 990 ubi
2717 939 2870 1008 apud
2901 955 3000 1008 pro
3031 940 3090 994 in
3120 944 3363 1009 ponitur.

2069 1019 2137 1074 Et
2160 1019 2296 1076 licet
2339 1027 2420 1078 tot
2440 1025 2737 1096 tantisque
2762 1027 3120 1083 testimoniis
3137 1033 3436 1088 contutata
3466 1033 3649 1093 haere-

1996 1105 2235 1161 ticorum
2247 1110 2536 1165 sententia
2549 1115 3113 1183 cognoscaturnulla
3126 1119 3364 1174 veritate
3378 1123 3651 1194 subnixa,

1998 1197 2602 1266 respondeanttamen
2652 1201 2792 1272 quid
2818 1202 3002 1260 deillo
3025 1207 3272 1276 apostoli
3293 1209 3495 1265 Jacobi
3527 1210 3652 1268 loco

1995 1286 2278 1352 sentiunt,
2313 1289 2410 1342 ubi
2443 1289 2586 1344 dicit
2620 1307 2632 1344 :
2669 1291 2838 1348 Omne
2867 1293 3059 1348 datum
3097 1296 3362 1367 optimum
3411 1309 3461 1354 et
3490 1317 3655 1358 omne

1995 1375 2202 1430 donum
2240 1381 2544 1448 perfectum
2598 1381 2890 1454 decursum
2920 1393 3018 1452 est,
3067 1386 3398 1443 descendens
3427 1407 3462 1444 a
3486 1394 3654 1447 Patre

1993 1464 2291 1534 luminum,
2315 1467 2465 1539 apud
2493 1485 2654 1539 quem
2667 1486 2773 1525 non
2795 1481 2872 1526 est
2885 1478 3413 1544 transmutatio,nec
3440 1481 3654 1536 vicissi.

1992 1553 2204 1609 tudinis
2224 1557 2568 1614 obumbratio
2597 1560 2795 1630 (Iacob.
2832 1579 2871 1629 1,
2908 1563 3016 1635 17).
3053 1566 3212 1636 Apud
3247 1583 3423 1637 quem
3441 1573 3644 1626 autem

1992 1646 2410 1702 transmutatio
2434 1664 2548 1702 non
2575 1655 2683 1711 est,
2717 1652 2972 1721 profecto
3005 1655 3369 1710 mutabilitas
3394 1674 3508 1714 non
3531 1663 3641 1715 est:

1991 1739 2046 1786 et
2076 1735 2227 1804 apud
2259 1752 2432 1807 quem
2459 1739 2826 1794 mutabilitas
2859 1757 2972 1795 non
3030 1747 3139 1810 est,
3192 1744 3644 1804 immutabilitas

194 1833 402 1904 inipsis
427 1835 740 1889 ﬁdelibus
775 1850 912 1889 esse
945 1834 1131 1905 possit
1161 1851 1174 1889 :
1211 1834 1464 1888 Verbum
1497 1837 1691 1887 autem
1729 1835 1857 1886 Deu:

1991 1827 2099 1877 est.
2137 1823 2462 1894 Haacigitur
2484 1826 2954 1896 immutabilitas,
2988 1847 3117 1902 quas
3148 1834 3302 1902 apud
3321 1833 3502 1889 Deum
3531 1839 3640 1904 est,

193 1924 268 1978 sic
285 1925 437 1994 apud
468 1929 668 1979 Deum
691 1928 813 1990 est,
865 1928 930 1977 ut
957 1924 1013 1976 in
1041 1928 1153 1978 Deo
1177 1939 1306 1977 esse
1329 1939 1446 1976 non
1474 1921 1706 1993 possit?
1725 1922 1871 1988 Quid

189 2013 370 2068 dicam
392 2014 489 2068 his
515 2014 626 2084 qui
648 2013 727 2068 de
753 2013 1496 2084 Scripturissicdisputare
1517 2011 1872 2077 desiderant,

191 2103 685 2175 ntintelligentiaa
701 2101 996 2173 spiritalis
1011 2101 1157 2156 viam
1177 2102 1511 2156 nullatenus
1526 2107 1875 2172 quaerant,et

184 2196 524 2246 avertentes
556 2190 777 2246 oculos
810 2207 995 2245 avero
1018 2189 1500 2260 lumine,jugiter
1530 2191 1588 2244 in
1618 2190 1874 2246 tenebris

181 2279 569 2336 delectentur
599 2296 806 2335 errare
854 2280 876 2333 ?
937 2279 1053 2334 Hoc
1101 2281 1258 2334 idem
1306 2279 1526 2350 quippe
1557 2295 1686 2334 esse
1717 2281 1869 2349 apud

175 2367 404 2437 Deum,
441 2370 607 2442 quod
642 2375 737 2424 est
769 2386 898 2424 esse
929 2369 988 2424 in
1019 2369 1153 2434 Deo,
1179 2373 1382 2424 sancta
1410 2368 1708 2439 Scriptura
1745 2368 1876 2425 aliis

175 2475 432 2532 quoque
456 2459 610 2515 locis
633 2458 1076 2514 ostendit.Dicit
1095 2457 1250 2512 enim
1273 2458 1533 2529 Moyses:
1572 2462 1718 2512 Deus
1738 2458 1871 2527 [ἰάθη

171 2547 272 2614 lis,
311 2549 379 2603 in
418 2565 527 2621 quo
543 2565 662 2604 non
683 2552 758 2604 est
781 2546 1077 2618 iniquitas,
1087 2547 1272 2618 justus
1291 2553 1343 2602 et
1362 2555 1584 2601 sanctus
1607 2546 1876 2602 Dominus

164 2640 372 2705 (Deut.
417 2655 603 2706 χχχιι,
641 2640 713 2708 4).
750 2637 930 2691 David
952 2637 1130 2691 etiam
1155 2636 1313 2691 canit
1343 2653 1362 2688 :
1395 2634 1667 2703 Quoniam
1695 2636 1873 2704 iustus

165 2731 477 2783 Dominus
508 2730 655 2782 Deus
683 2731 886 2796 noster,
911 2735 1090 2782 etnon
1123 2734 1203 2780 est
1232 2725 1502 2796 iniquitas
1523 2728 1582 2779 in
1605 2740 1665 2780 eo
1697 2726 1868 2796 (Psal.

153 2831 294 2882 xei,
371 2818 489 2884 16).
523 2816 751 2871 Paulus
783 2821 981 2870 autem
1016 2814 1316 2886 apostolus
1348 2816 1500 2885 apud
1536 2815 1717 2869 Deum
1756 2832 1870 2870 non

153 2921 312 2960 esse
340 2905 732 2978 iniquitatem
759 2905 922 2959 dicit.
944 2905 1037 2959 Sic
1058 2905 1214 2959 enim
1238 2903 1338 2959 ait:
1362 2902 1636 2973 Numquid
1654 2902 1866 2973 iniqui-

155 3002 256 3049 tas
292 2997 462 3066 apud
495 2997 671 3050 Deum
697 2994 725 3048 ‘l'
755 2995 898 3048 absit
923 2995 1098 3064 (Rom.
1160 3009 1238 3058 1x,
1273 2993 1381 3062 14).
1418 2993 1648 3064 Elig-int
1671 2995 1726 3046 in
1761 2991 1869 3047 hoc

156 3080 310 3137 loco
336 3085 506 3154 quod
529 3083 824 3139 voluerint
845 3083 1069 3149 Ariani,
1104 3088 1179 3145 et,
1216 3087 1281 3136 ut
1311 3098 1481 3136 suam
1515 3081 1864 3152 sapientiam

1986 1913 2205 1980 dicant,
2233 1918 2433 1968 utrum
2458 1916 2712 1971 exterius
2727 1917 3063 1973 aninterius
3081 1925 3203 1989 est;
3232 1923 3279 1976 si
3304 1922 3460 1978 enim
3501 1925 3646 1980 inte-

1985 2003 2110 2057 rlus
2137 2008 2244 2071 est,
2279 2019 2408 2058 ecce
2428 2004 2536 2058 hoc
2565 2009 2653 2059 est
2683 2005 2742 2060 in
2781 2007 2891 2060 Deo
2911 2023 3059 2074 esse,
3092 2011 3249 2079 quod
3280 2012 3437 2081 apud
3458 2011 3639 2069 Deum

1984 2108 2130 2147 esse.
2168 2092 2442 2147 Desinant
2474 2093 2655 2164 igitur
2700 2111 2969 2164 perversa
2986 2097 3222 2165 sentire,
3271 2104 3330 2155 et
3362 2101 3639 2158 festinent

1983 2181 2283 2236 catholicis
2306 2182 2644 2237 rectitudini
2677 2185 3026 2242 consentire.
3063 2185 3120 2241 Si
3151 2192 3346 2242 autem
3381 2187 3503 2245 haec
3525 2189 3637 2246 im-

1985 2270 2374 2338 mutabilitas,
2409 2289 2536 2343 quis
2551 2273 2704 2344 apud
2725 2273 2908 2329 Deum
2927 2280 3036 2341 est,
3071 2292 3182 2331 non
3205 2277 3448 2335 interius
3478 2296 3628 2350 esse,

1984 2362 2087 2415 sed
2110 2360 2362 2416 exterius
2389 2363 2666 2430 creditur,
2715 2364 2970 2434 profecto
2995 2363 3052 2420 in
3086 2365 3201 2422 Deo
3219 2384 3348 2424 esse
3366 2388 3476 2425 non
3502 2388 3628 2428 cre-

1983 2451 2162 2506 ditur.
2198 2451 2332 2507 Etsi
2356 2451 2412 2506 in
2442 2453 3024 2510 Deoimmutabilitas
3054 2473 3182 2512 esse
3205 2475 3320 2514 non
3352 2461 3630 2530 creditur,

1983 2547 2413 2612 consequenter
2432 2543 2579 2597 Deus
2598 2545 2718 2615 ipse
2739 2544 3037 2601 mutabilis
3063 2549 3425 2616 praedicatur.
3458 2556 3530 2606 Et
3561 2567 3634 2608 ne

1980 2629 2091 2684 hoc
2121 2630 2180 2684 in
2211 2631 2348 2686 Filio
2371 2633 2674 2703 assignare
2707 2635 2962 2690 audeant
2993 2635 3090 2707 (at.
3139 2638 3361 2708 velint),
3396 2641 3638 2698 audiant

1984 2721 2039 2774 in
2065 2721 2266 2774 eodem
2289 2719 2410 2776 loco
2435 2720 2662 2776 Patrem
2680 2721 2972 2778 luminum
2993 2725 3635 2786 nominatum.Proinde

1981 2826 2112 2863 cum
2139 2811 2414 2864 aut-limus
2430 2809 2567 2881 quia
2591 2812 2743 2882 apud
2761 2811 2942 2866 Deum
2961 2831 3074 2868 non
3091 2821 3180 2870 est
3197 2819 3637 2890 transmutatio,

1982 2897 2092 2952 hoc
2115 2898 2441 2954 sentiamus
2474 2899 2800 2955 secundum
2823 2902 3120 2958 catholicae
3154 2905 3287 2960 ﬁdei
3313 2907 3638 2979 veritatem,

1979 2987 2114 3056 quia
2139 2988 2300 3042 nulla
2318 2993 2407 3043 est
2432 2988 2490 3042 in
2517 2995 2632 3043 Deo
2659 2990 2924 3045 mutatio.
2963 2995 3029 3044 Et
3059 3009 3191 3048 cum
3215 2995 3454 3064 dicitur,
3491 3000 3638 3052 Ver-

1981 3079 2107 3132 bum
2137 3088 2263 3132 erat
2295 3077 2444 3148 apud
2473 3078 2662 3146 Deum,
2695 3095 2808 3133 non
2869 3079 3027 3134 aliud
3074 3083 3396 3138 sentiamus
3452 3103 3630 3157 quam

156 3173 499 3228 evidenter
517 3170 1861 3243 ostendant,delegalibusetproliheticisatque
1893 3183 1935 3249 ρ
1981 3169 2224 3221 Verbum
2252 3171 2374 3222 erat
2406 3167 2464 3221 in
2501 3167 2601 3222 Deo
2633 3185 2648 3234 ;
2682 3172 2736 3221 et
2794 3185 2927 3222 cum
2987 3170 3284 3240 Sapientia
3309 3172 3364 3226 in
3398 3172 3632 3230 Prover-

163 3264 538 3331 npostolicis
556 3261 1038 3330 dictisjudicium
1056 3261 1498 3332 ferant.Moyses
1519 3260 1698 3314 dicit:
1724 3266 1863 3314 Deus

161 3346 408 3416 ﬁdelis,
444 3354 502 3406 in
533 3368 639 3423 quo
669 3369 781 3407 non
803 3355 881 3405 est
907 3351 1197 3420 iniquitas.
1223 3349 1400 3404 David
1431 3365 1666 3420 quoque
1693 3347 1864 3404 dicit:

164 3440 386 3496 Justus
409 3442 676 3497 Dominus
697 3443 835 3496 Deus
858 3449 1070 3507 nos/er,
1101 3448 1151 3495 et
1178 3457 1289 3495 non
1310 3447 1386 3494 est
1405 3441 1678 3510 iniquitas
1706 3441 1762 3493 in
1785 3454 1863 3494 eo.

167 3525 416 3586 Paulus
454 3549 590 3587 vero
621 3531 768 3586 dicit
800 3547 812 3584 :
865 3529 1126 3600 Nunqui-t
1159 3529 1428 3600 iniquitas
1457 3534 1610 3596 apud
1641 3529 1810 3582 Deum
1842 3527 1870 3583 ‘?

165 3617 362 3673 absit.
399 3621 1021 3690 Autigiturfateantur
1041 3619 1423 3689 apostolicum
1447 3635 1682 3672 sensum
1699 3616 1864 3688 legali

167 3709 655 3782 prapheticoque
671 3711 872 3765 sensui
890 3707 1872 3779 convenire,autdicantapostolum

171 3792 448 3853 Paulum
481 3817 514 3854 a
544 3799 717 3871 legali
751 3806 811 3853 et
845 3798 1187 3869 prOpbetica
1219 3797 1606 3866 intelligentia
1651 3800 1867 3852 discre-

167 3899 348 3952 pare.
373 3887 590 3943 Paulus
607 3890 884 3955 equidem
905 3885 1210 3958 apostolus
1228 3885 1501 3940 eumdem
1517 3902 1578 3940 se
1595 3886 1867 3957 spiritum

171 3971 323 4027 ﬁdei
353 3975 572 4032 habere
594 3977 760 4040 dicit,
789 3993 968 4046 quem
993 3975 1172 4029 David
1201 3975 1406 4029 beatus
1434 3973 1658 4040 habuit,
1695 3990 1866 4044 quem

175 4063 374 4118 etiam
403 4067 630 4137 Moyses
652 4073 898 4121 sanctus
919 4063 1462 4136 accepit,sicutipse
1477 4067 1744 4128 testatur,
1778 4063 1870 4117 di-

185 4166 342 4207 cens
389 4171 404 4207 :
463 4157 742 4211 Habentes
771 4160 960 4209 autem
984 4155 1234 4208 eumdem
1260 4155 1519 4219 spiritum
1548 4152 1700 4222 ﬁdei,
1727 4153 1870 4208 sicut

185 4246 474 4312 scriptum
500 4250 578 4300 est
611 4262 624 4300 :
685 4244 934 4308 Credidi,
966 4247 1193 4314 prapter
1219 4243 1360 4313 quod
1387 4243 1596 4296 loeutus
1623 4258 1743 4296 sum
1771 4258 1783 4272 ο
1817 4247 1869 4297 et

189 4343 300 4383 nos
329 4333 624 4399 credimus,
661 4338 887 4404 propter
909 4332 1052 4401 quod
1074 4332 1358 4401 loquimur
1385 4331 1455 4399 (Il
1489 4329 1608 4385 Cor.
1645 4346 1720 4391 ιν,
1759 4329 1863 4394 13).

196 4417 506 4479 Quomodo
529 4428 726 4476 autem
755 4437 942 4476 unum
972 4420 1245 4489 spiritum
1271 4418 1404 4473 ﬁdei
1430 4418 1784 4483 habuerunt,
1818 4419 1868 4474 si

197 4507 270 4561 de
297 4509 453 4565 ﬁdeli
479 4517 592 4566 Deo
645 4511 879 4565 diversa
923 4510 1280 4563 senserunt?
1309 4507 1519 4578 Magna
1549 4513 1637 4562 est
1666 4512 1860 4562 autem
1895 4540 1940 4604 Β

201 4601 493 4656 sentiendi
515 4601 852 4664 diversitas,
875 4600 924 4654 si
945 4599 1237 4653 diversum
1264 4604 1346 4652 est
1371 4597 1526 4669 quod
1551 4597 1691 4652 dicit
1715 4597 1865 4653 Pau—

199 4684 456 4757 lus,Non
486 4707 600 4746 esse
632 4691 990 4760 iniquitatem
1022 4688 1169 4758 apud
1197 4687 1390 4751 Deum,
1449 4687 1520 4741 ab
1581 4703 1647 4742 eo
1705 4686 1862 4757 quod

209 4781 428 4848 Moyses
449 4787 504 4836 et
523 4779 702 4835 David
729 4780 954 4846 dicunt,
981 4778 1098 4833 Non
1126 4793 1242 4832 esse
1261 4775 1616 4846 iniquitatem
1644 4779 1703 4830 in
1739 4777 1854 4832 Deo.

211 4867 277 4921 Et
300 4870 602 4925 sidicente
637 4867 843 4930 Paulo,
895 4867 1170 4921 eumdem
1220 4882 1282 4920 se
1340 4865 1555 4920 habere
1585 4865 1860 4936 spiritum

209 4956 360 5022 ﬁdei,
384 4975 559 5029 quem
582 4963 640 5014 et
667 4956 964 5028 prophetae
991 4954 1410 5018 habuerunt,in
1435 4971 1634 5010 eorum
1654 4953 1864 5009 ﬁdedi-

205 5063 408 5104 versus
451 5054 542 5104 est
591 5063 832 5112 sensus,
870 5046 1117 5100 mendax
1147 5045 1320 5115 (quod
1348 5045 1518 5115 absit)
1555 5043 1863 5116 Apostolus

207 5137 742 5212 pronuntietur,qui
769 5137 826 5190 in
849 5153 910 5190 se
933 5135 1230 5190 Cbristum
1261 5133 1421 5205 loqui
1446 5135 1735 5190 testatur?
1777 5141 1864 5189 Αη

205 5227 964 5299 experimentumjnquiens,
983 5227 1240 5295 quaeritis
1258 5225 1376 5284 eius
1399 5226 1494 5294 qui
1506 5227 1564 5279 in
1583 5240 1671 5279 me
1694 5223 1870 5294 loqui-

205 5325 300 5375 tur
328 5319 534 5373 Christi
564 5318 640 5386 (Il
662 5317 784 5370 Cor.
819 5331 943 5377 xui,
975 5314 1030 5382 3)
1063 5313 1088 5367 ‘t
1116 5313 1226 5367 Sed
1255 5312 1531 5384 quoniam
1552 5330 1682 5369 vere
1703 5312 1865 5368 Chri-

207 5415 339 5466 stus
361 5409 416 5461 in
447 5406 623 5461 Paulo
643 5405 875 5459 locutus
893 5410 1002 5470 est,
1023 5402 1456 5474 Paulusutique
1481 5403 1730 5458 mendax
1753 5419 1865 5458 non

213 5503 320 5556 est.
355 5502 418 5550 Et
441 5495 582 5568 quia
629 5510 764 5548 cum
813 5494 1082 5547 eumdem
1108 5492 1382 5562 spiritum
1409 5491 1540 5547 ﬁdei
1563 5509 1625 5547 se
1658 5491 1869 5546 habere

215 5589 372 5653 dicit,
396 5603 513 5641 non
546 5583 872 5638 mentitur:
909 5588 1151 5655 uterque
1172 5581 1271 5638 48
1295 5598 1506 5636 sensus
1537 5598 1870 5637 consonans

215 5677 534 5734 invenitur:
561 5679 630 5728 ut
651 5671 806 5743 quod
843 5671 1061 5744 Moyses
1083 5680 1138 5727 et
1159 5670 1338 5727 David
1363 5671 1637 5726 dixerunt
1655 5669 1872 5741 iniqui-

223 5772 390 5824 tatem
414 5767 478 5822 in
537 5762 658 5820 Deo
677 5777 790 5818 non
823 5776 972 5834 esse,
1000 5761 1108 5821 hoc
1126 5763 1226 5835 sit,
1259 5760 1419 5834 quod
1442 5760 1621 5818 etiam
1653 5758 1875 5817 Paulus

495 5881 777 5948 PLTBOL.
824 5879 1002 5946 LXV.

1971 3255 2086 3310 hiis
2112 3255 2253 3309 dicit
2283 3271 2297 3309 :
2330 3257 2493 3309 Eram
2551 3256 2701 3323 apud
2739 3255 2898 3309 illum
2925 3273 3250 3327 componens
3281 3260 3461 3330 (Prov.
3495 3279 3622 3334 vm,

1971 3345 2082 3414 30),
2111 3361 2223 3397 non
2250 3343 2405 3397 aliud
2431 3345 2756 3397 sentiamus
2786 3360 2962 3414 quam
2996 3361 3150 3400 eram
3185 3347 3241 3400 in
3269 3347 3368 3402 illo
3387 3365 3622 3422 compo-

1972 3451 2138 3490 nens.
2172 3435 2240 3488 Et
2299 3451 2431 3488 cum
2492 3439 2607 3488 Deo
2667 3433 2886 3488 dicitur
2926 3452 2939 3488 :
2973 3437 3128 3505 Apud
3155 3447 3202 3492 te
3231 3446 3310 3494 est
3336 3443 3460 3510 fons
3491 3443 3622 3498 vitae

1971 3523 2138 3593 (Psat.
2175 3539 2258 3587 Ill,
2289 3522 2367 3593 5),
2401 3537 2515 3575 non
2549 3520 2703 3575 aliud
2731 3521 3129 3595 intelligamus
3162 3542 3334 3597 quam
3371 3531 3431 3583 in
3459 3534 3511 3584 te
3537 3532 3621 3585 est

1970 3615 2093 3682 fons
2123 3621 2270 3667 vitae.
2305 3617 2370 3666 Et
2401 3627 2534 3666 cum
2564 3611 2822 3666 Joannes
2841 3613 2985 3666 dicit
3007 3629 3020 3667 :
3044 3615 3453 3673 Annuntiamus
3474 3621 3628 3675 vobis

1970 3702 2142 3754 vitam
2162 3713 2458 3765 mternam,
2483 3704 2742 3780 quaeerat
2759 3701 2905 3769 apud
2925 3702 3166 3768 Patrem,
3191 3711 3241 3760 et
3258 3708 3444 3777 palam
3473 3711 3627 3780 facta

1969 3797 2048 3848 est
2078 3793 2487 3863 nobis-(11min.
2523 3810 2556 3846 ι.
2593 3776 2648 3862 2)
2683 3809 2835 3847 :non
2859 3776 3626 3870 aliudintelligamusquam

1971 3883 2146 3938 vitam
2173 3888 2445 3937 aeternam
2496 3899 2622 3952 quae
2671 3891 2793 3938 erat
2815 3881 2874 3936 in
2902 3884 3100 3940 Patre:
3129 3904 3258 3942 vere
3280 3892 3435 3944 enirn
3469 3893 3622 3962 apud

1971 3972 2154 4027 Deum
2178 3980 2265 4027 est
2287 3972 2439 4027 Deus
2459 3971 2736 4042 Verbum,
2789 3973 2922 4044 quia
2948 3975 3005 4029 in
3031 3975 3145 4032 Deo
3168 3983 3258 4033 est
3305 3985 3456 4035 Deus
3489 3981 3624 4036 Ver-

1973 4063 2132 4118 bum.
2159 4062 2226 4116 Et
2257 4079 2387 4116 vere
2421 4063 2573 4133 apud
2605 4067 2780 4116 Deum
2825 4064 3145 4132 sapientem
3187 4072 3276 4123 est
3307 4070 3621 4140 sapientia,

1971 4151 2178 4224 quiain
2199 4151 2461 4221 sapiente
2481 4157 2589 4204 Deo
2617 4157 2704 4206 est
2721 4151 3249 4222 sapientia.Etvere
3265 4159 3416 4228 apud
3435 4158 3617 4214 Deum

1970 4241 2162 4295 vivum
2199 4246 2288 4294 est
2335 4242 2470 4306 vita,
2502 4239 2636 4308 quia
2676 4239 2732 4292 in
2763 4245 2876 4294 Deo
2920 4239 3050 4295 vivo
3072 4246 3161 4296 est
3191 4243 3346 4298 Deus
3377 4246 3518 4299 vita.
3553 4247 3620 4300 Et

1972 4346 2100 4384 vere
2122 4329 2272 4398 apud
2309 4328 2486 4382 Deum
2507 4327 3222 4396 verumestDeusveritas,
3255 4333 3466 4402 quiain
3501 4333 3618 4390 Deo

1969 4435 2106 4474 vero
2136 4424 2224 4472 est
2257 4415 2730 4472 Deusveritas.Et
2749 4433 2880 4472 vere
2901 4420 3054 4489 apud
3086 4419 3266 4474 Deum
3295 4421 3498 4477 fortem
3534 4426 3624 4478 est

1972 4509 2126 4564 Deus
2147 4509 2352 4575 virtus,
2402 4505 2540 4577 quia
2572 4507 2628 4560 in
2663 4505 2776 4560 Deo
2810 4507 2939 4561 forti
2981 4516 3067 4563 est
3098 4509 3251 4564 Deus
3278 4511 3482 4568 virtus.
3509 4513 3625 4570 Sed

1975 4598 2113 4670 quid
2137 4597 2428 4661 mirum,si
2451 4595 2560 4650 hoc
2590 4601 2678 4650 est
2703 4595 2841 4650 Filio
2857 4613 2986 4653 esse
3008 4600 3162 4669 apud
3186 4601 3438 4673 Patrem,
3471 4603 3627 4675 quod

1973 4694 2063 4744 est
2093 4687 2177 4742 illi
2197 4703 2325 4742 esse
2352 4686 2408 4740 in
2446 4685 2629 4756 Patre,
2663 4684 2800 4757 quia
2831 4686 3053 4743 scilicet
3083 4688 3428 4746 naturaliter
3457 4698 3632 4750 natus

1975 4781 2045 4834 de
2065 4781 2230 4832 Patre
2263 4780 2607 4848 permanent
2639 4775 2942 4846 semperin
2971 4777 3137 4834 Patre
3170 4794 3336 4835 :cum
3363 4782 3536 4837 etiam
3561 4783 3633 4838 de

1971 4865 2314 4923 hominibus
2335 4863 2885 4937 legamus(quantuu.
2901 4867 2971 4921 ad
2989 4868 3384 4926 substantiam
3403 4872 3630 4940 attinet,

1975 4973 2089 5028 qua
2119 4954 2470 5010 naturaliter
2487 4954 2754 5010 homines
2776 4960 2934 5018 sunt)
2972 4973 3086 5011 non
3124 4957 3280 5012 aliud
3311 4975 3459 5025 esse,
3493 4977 3626 5016 cum

1975 5045 2192 5101 dicitur
2214 5043 2435 5116 aliquid
2461 5045 2612 5115 apud
2653 5043 2784 5099 illos
2807 5061 2956 5108 esse,
2992 5062 3168 5116 quam
3201 5046 3259 5100 in
3293 5047 3414 5102 illis
3445 5063 3573 5103 esse
3599 5048 3628 5102 ‘t

1979 5134 2140 5191 Unde
2163 5134 2488 5188 testimonia
2509 5133 2987 5188 manifestissima
3005 5136 3460 5204 proferemusdn
3479 5136 3627 5192 libro

1977 5223 2138 5280 Isaim
2159 5223 2491 5280 continetur
2515 5223 2765 5276 Ezechiae
2790 5223 2941 5292 regis
2964 5224 3355 5292 oratio,quam
3383 5231 3511 5294 post
3534 5226 3638 5280 ad-

1977 5314 2156 5384 iectos
2181 5313 2292 5367 sibi
2313 5313 2382 5367 ad
2407 5311 2583 5365 vitam
2610 5328 2796 5365 annos
2815 5311 3249 5380 quindecim,ad
3275 5311 3456 5369 Deum
3483 5317 3631 5371 etfu-

1979 5402 2084 5466 dit,
2117 5402 2215 5458 ubi
2236 5401 2388 5456 inter
2409 5407 2611 5454 caetera
2629 5399 2867 5454 sicdicit
2887 5417 2907 5454 :
2934 5399 3175 5468 Spiritus
3193 5417 3344 5456 meus
3374 5404 3519 5473 apud
3548 5421 3637 5462 me

1977 5496 2158 5562 [actus
2178 5501 2272 5556 est,
2293 5494 2430 5544 sicut
2458 5488 2684 5557 laniﬁca
2705 5490 3027 5558 proximam
3051 5491 3268 5546 demere
3289 5493 3454 5548 telam
3485 5496 3616 5560 (1εαὶ
3625 5536 3638 5550 .

1977 5577 2488 5650 xxxvm,1'2).Quid
2509 5583 2701 5631 autem
2725 5577 2815 5630 hic
2831 5576 2988 5632 aliud
3007 5578 3640 5654 intelligitur:Spiritus

1984 5687 2153 5727 meus
2175 5667 2326 5740 apud
2353 5683 2466 5734 me,
2491 5665 2625 5732 nisi,
2660 5665 2914 5737 Spiritus
2939 5683 3104 5725 meus
3128 5669 3185 5726 in
3212 5688 3303 5726 me
3324 5672 3352 5726 ‘t
3374 5675 3454 5727 An
3474 5677 3530 5726 et
3552 5673 3644 5728 hio

1979 5760 2212 5817 dicetur
2226 5756 2504 5831 spiritum
2519 5755 2776 5814 hominis
2801 5758 2953 5830 apud
2971 5758 3271 5818 hominem
3294 5758 3510 5828 esse,in
3533 5759 3646 5814 ho-

3324 5881 3360 5936 7
