3886 6362
424 458 542 516 203

1424 451 1486 510 S.
1535 439 1955 509 FULGENTll
2001 431 2356 502 EPISCOPI
2405 445 2839 509 RUSPENSIS
3691 459 3780 518 204

435 589 591 644 mine
619 591 816 643 autem
845 603 956 640 non
985 584 1313 640 ssse?(1um
1332 581 1627 638 evidenter
1655 575 1969 650 Apostolus
1991 573 2078 630 di-
2111 573 2160 638 Α
2192 574 2336 642 apud
2385 579 2701 648 Apostolum
2750 583 2973 636 Petrum
3003 582 3318 654 quindecim
3350 584 3541 639 diebus
3570 592 3783 648 mansisse

424 685 519 734 cat
553 695 564 731 :
592 680 721 745 Quis
751 679 898 730 enim
919 677 1015 729 scit
1045 676 1329 729 hominum
1361 686 1485 742 qua
1513 677 1643 724 sunt
1672 666 1934 729 hominis,
1966 666 2077 718 nisi

423 769 658 838 spiritus
689 767 934 820 hominis
967 766 1062 836 qui
1122 766 1179 816 in
1220 766 1336 833 ipso
1362 767 1442 816 est
1473 761 1515 831 (Ι
1545 766 1668 814 Cor.
1702 759 1792 826 ιι.)
1823 756 1850 810 ?
1879 755 1988 810 Sed
2022 758 2077 807 et

423 857 564 911 illud
592 857 940 926 quodsupra
964 852 1270 924 posuimus
1298 853 1580 922 scriptum
1609 847 1910 902 :Dixerunt
1931 841 2077 913 apud

420 962 494 1008 se,
526 949 828 1013 cogitantes
859 962 972 997 non
1005 949 1149 997 recte
1201 941 1360 1013 (Sap.
1416 957 1480 1004 ιι,
1535 939 1605 1006 1).
1669 937 1767 992 49
1815 934 1954 1006 quid
1987 928 2076 987 est

456 1034 574 1088 liud
593 1033 1236 1102 quam,dixeruntintra
1254 1048 1316 1086 se
1333 1029 1660 1085 PRursusin
1676 1027 1824 1081 libro
1840 1024 2076 1094 Sapien-

417 1124 510 1178 tia:
529 1125 741 1177 dicitur
769 1141 779 1176 :
825 1125 950 1178 Haec
979 1124 1217 1192 cogitans
1247 1123 1396 1191 apud
1424 1136 1532 1184 me,
1563 1127 1615 1172 et
1645 1128 2074 1172 commemorans

415 1215 471 1269 in
499 1214 659 1268 corde
688 1229 830 1276 meo,
852 1215 1117 1283 quoniam
1143 1209 1542 1264 immortalitas
1563 1213 1639 1261 est
1667 1205 1728 1260 in
1744 1201 2074 1272 cogitatione

411 1305 710 1373 sapientia:
741 1303 891 1372 (Sep.
933 1317 1051 1364 VIII,
1088 1300 1195 1370 i7).
1221 1298 1382 1364 Quod
1415 1297 1568 1367 apud
1602 1311 1664 1350 se
1694 1294 1930 1364 cogitat,
1964 1290 2073 1346 hoc

414 1392 470 1446 in
489 1393 659 1446 corde
674 1409 779 1445 suo
795 1388 1396 1459 commemorat,quod
1415 1392 1730 1455 utrumque
1749 1384 1887 1437 dum
1904 1380 2068 1448 dicit,

414 1480 576 1535 illam
629 1482 830 1551 utique
853 1479 1268 1550 cogitationem
1300 1481 1357 1532 et
1390 1475 1549 1530 illam
1566 1470 2072 1530 commemoratio-

414 1586 568 1635 nem,
599 1587 711 1624 non
739 1569 1006 1633 exterius,
1041 1569 1141 1622 sed
1165 1567 1412 1622 interius
1435 1565 1544 1620 sibi
1571 1566 1762 1618 inesse
1783 1565 2070 1616 monstra-

411 1658 933 1713 vit.Dicituretiam
959 1656 1015 1710 in
1043 1655 1365 1709 Proverbiis
1393 1671 1406 1708 :
1439 1650 1579 1720 Fili,
1600 1666 1710 1705 non
1744 1657 1795 1705 te
1822 1664 2064 1720 compre-

410 1747 610 1800 hendat
631 1745 894 1814 cogitatio
913 1745 1079 1808 mala,
1100 1759 1222 1814 quae
1241 1742 1576 1812 derelinquit
1598 1741 1913 1795 doctrinam
1934 1741 2063 1793 ado-

411 1838 704 1900 lescentiae,
745 1846 798 1891 et
826 1836 1137 1890 testamenti
1165 1832 1346 1888 divini
1374 1832 1539 1886 oblita
1571 1835 1647 1885 est
1671 1849 1684 1898 ;
1706 1830 1886 1896 posuit
1916 1830 2064 1883 enim

2187 664 2327 734 (Gal.
2361 683 2398 727 ι.
2430 669 2536 739 18),
2564 669 2700 738 jure
2744 670 2966 726 scilicet
2993 671 3432 744 hospitalitatis,
3473 680 3530 730 et
3577 679 3779 747 puritate

2188 755 2792 829 dilectionis,quorum
2817 763 2949 817 licet
2972 781 3072 834 per
3095 768 3372 820 unitatem
3401 766 3523 820 fieri
3543 773 3594 821 et
3611 771 3782 826 carita-

2186 844 2262 899 tis
2296 847 2470 902 t'uerit
2501 853 2699 905 anima
2731 869 2867 918 una,
2904 860 2961 907 et
3009 870 3108 908 cor
3141 871 3346 915 unum.
3380 872 3494 910 non
3528 861 3697 914 tamen
3718 862 3783 917 sic

2189 936 2408 990 mansit
2449 937 2664 993 Paulus
2686 943 2838 1012 apud
2875 945 3136 1008 Petrum,
3169 945 3322 998 sicut
3356 945 3602 1000 Verbum
3633 958 3787 1006 manet

2185 1025 2338 1093 apud
2369 1027 2571 1088 Deum,
2595 1029 2732 1098 quia
2762 1047 2864 1086 nec
2886 1032 2969 1086 sic
2994 1037 3181 1102 potest
3203 1050 3332 1089 esse
3365 1035 3536 1089 homo
3562 1039 3692 1106 apud
3714 1039 3789 1095 ho-

2185 1113 2853 1178 minem,sicutVerbum
2878 1125 3026 1175 Deus
3059 1127 3149 1176 est
3169 1123 3320 1192 apud
3346 1123 3526 1178 Deum
3562 1123 3786 1194 Patrem;

2183 1204 2357 1256 homo
2380 1203 2535 1258 enim
2556 1208 2710 1276 apud
2730 1207 3024 1264 hominem
3044 1210 3127 1265 sic
3149 1217 3455 1278 est,utnon
3471 1212 3786 1287 solumapud

2181 1305 2312 1345 eum
2338 1309 2450 1347 non
2476 1309 2603 1349 esse
2628 1296 2834 1366 possit,
2867 1298 2966 1353 sed
2987 1298 3185 1366 etiam,
3220 1316 3353 1355 cum
3379 1303 3534 1372 apud
3557 1319 3674 1359 eum
3700 1310 3787 1373 est,

2181 1379 2240 1434 in
2272 1378 2401 1452 ipso
2453 1383 2926 1442 substantialiter
2953 1404 3082 1443 esse
3113 1405 3225 1444 non
3260 1392 3463 1460 possit.
3496 1391 3633 1447 Vere
3657 1394 3785 1449 enim

2179 1468 2279 1538 qui
2303 1471 2384 1525 sic
2403 1473 2557 1543 apud
2584 1474 2764 1529 alium
2793 1481 2903 1544 est,
2939 1482 3098 1533 extra
3120 1476 3287 1534 illum
3319 1481 3790 1551 est,quiacumest

2178 1559 2332 1628 apud
2349 1559 2535 1628 illum,
2561 1563 2899 1620 sinceritate
2921 1566 3279 1634 dilectionis,
3300 1567 3424 1624 loco
3448 1569 3789 1641 discernitur,

2177 1650 2543 1717 quantolibet
2566 1653 2772 1709 aﬂ‘ectu
2806 1655 3052 1711 invicem
3087 1657 3200 1712 sibi
3261 1661 3790 1734 uterquejungatur,

2174 1737 2279 1793 Sed
2326 1741 2410 1796 sic
2458 1750 2549 1797 est
2593 1745 2840 1800 Verbum
2874 1747 2978 1803 50
3025 1749 3179 1819 apud
3226 1749 3432 1815 Deum,
3468 1750 3620 1805 sicut
3645 1753 3789 1808 estin

2174 1835 2370 1884 mente
2389 1834 2651 1897 verbum,
2685 1835 2831 1889 sicut
2858 1836 2913 1890 in
2939 1837 3111 1891 corde
3132 1839 3446 1893 consilium
3475 1855 3488 1894 :
3515 1857 3638 1896 cum
3661 1843 3786 1896 enim

407 1927 556 1998 apud
587 1936 813 1980 mortem
843 1931 1067 1980 domum
1087 1940 1267 1989 suam,
1298 1931 1348 1976 et
1366 1920 1513 1993 apud
1539 1919 1744 1988 inferos
1763 1935 1886 1974 cum
1901 1916 2055 1972 terri-
2093 1947 2142 2012 Β
2177 1934 2343 1974 mens
2369 1925 2518 1991 apud
2539 1924 2854 1979 severbnm
2875 1925 3280 1997 habet,utiquc
3302 1929 3614 2001 cogitando
3631 1931 3787 1998 habet,

409 2016 565 2081 genis
596 2032 734 2069 axes
764 2031 892 2068 suos
913 2014 1097 2084 (Prov.
1131 2029 1191 2082 ιι,
1220 2012 1328 2083 46).
1353 2013 1407 2065 Si
1434 2026 1570 2081 ergo
1591 2009 1862 2080 cogitatio
1888 2008 2059 2066 mala.

411 2120 537 2173 quae
569 2104 722 2173 apud
750 2113 994 2158 mortem
1022 2103 1223 2174 posuit
1255 2102 1495 2155 domum
1519 2102 1878 2160 suam,extra
1903 2113 2056 2151 mor-

406 2197 520 2246 tem
541 2199 650 2261 est,
685 2211 798 2246 non
838 2194 896 2246 in
923 2197 1130 2258 morte,
1157 2191 1414 2260 profecto
1438 2188 1596 2242 vivit.
1624 2187 1686 2241 Et
1707 2186 1754 2242 si
1781 2186 1934 2256 apud
1969 2185 2057 2238 in-

405 2282 555 2336 feros
581 2283 766 2353 posita
790 2299 902 2336 nor:
927 2285 1017 2336 est
1060 2280 1118 2334 in
1140 2280 1388 2346 inferno,
1421 2281 1691 2348 superest
1713 2280 1777 2329 ut
1797 2274 1898 2329 illa
1930 2291 2058 2345 quae

403 2387 506 2424 nec
553 2371 608 2424 in
647 2375 830 2424 morte
862 2375 970 2436 est;
1006 2386 1110 2423 nec
1150 2368 1210 2422 in
1240 2367 1488 2434 inferno,
1523 2366 1697 2418 vitam
1730 2363 1943 2418 habere
1975 2361 2057 2417 di-

403 2466 566 2513 catur
590 2460 643 2512 in
667 2459 828 2514 crelo.
861 2460 988 2512 Ideo
1013 2457 1167 2512 enim
1194 2457 1310 2511 Deo
1328 2456 1547 2510 dicitur
1571 2473 1582 2509 ε
1617 2456 1764 2524 Quia
1788 2453 2056 2519 eripuisti

402 2553 650 2602 animam
682 2565 859 2602 meam
889 2549 955 2604 de
987 2559 1166 2602 morte
1197 2547 1368 2618 (Psal.
1404 2562 1550 2608 σειν,
1586 2544 1813 2616 8),quia
1843 2543 2051 2598 animae

401 2656 502 2708 per
524 2639 694 2692 [litem
727 2639 899 2692 vitam
936 2639 1173 2692 donavit
1203 2637 1402 2691 dicens
1436 2652 1448 2689 :
1482 2637 1660 2692 Justus
1692 2637 1870 2688 autem
1900 2648 2052 2687 meus

398 2744 467 2781 ea:
495 2730 600 2797 ﬁte
631 2728 956 2794 vivit(Rom.
993 2745 1032 2796 ι,
1070 2728 1178 2798 17).
1213 2727 1280 2780 Et
1314 2741 1519 2780 rursus
1553 2721 2052 2794 idcircoipsidici—

2174 2008 2312 2077 quia
2329 2009 2472 2063 nihil
2501 2011 2656 2066 aliud
2681 2015 2935 2085 estapud
2968 2031 3028 2069 se
3051 2016 3242 2072 dicere
3260 2034 3436 2088 quam
3466 2019 3616 2089 apud
3634 2036 3690 2074 se
3712 2037 3788 2075 co-

2169 2097 2373 2167 gitare.
2393 2100 2535 2154 Cum
2563 2119 2696 2172 ergo
2721 2120 2887 2159 mens
2907 2105 3218 2176 cogitat,et
3247 2109 3562 2178 cogitando
3583 2109 3790 2164 verbum

2168 2185 2322 2242 intra
2348 2205 2410 2243 se
2429 2196 2687 2260 generat,
2722 2193 2792 2247 de
2809 2210 2915 2248 sua
2937 2195 3266 2250 substantia
3289 2203 3534 2268 generat
3553 2200 3785 2265 verbum,

2166 2280 2219 2330 et
2251 2277 2334 2331 sic
2356 2277 2497 2332 illud
2522 2283 2759 2335 verbum
2792 2284 3119 2353 generatde
3141 2291 3295 2349 se,ut
3314 2287 3582 2358 genitum
3607 2288 3791 2344 habeat

2165 2367 2318 2431 apud
2345 2384 2426 2422 se.
2460 2367 2573 2422 Nec
2602 2371 2800 2426 minus
2844 2371 3062 2442 aliquid
3085 2373 3261 2429 habet
3289 2376 3534 2431 verbum
3569 2379 3704 2448 quod
3733 2394 3787 2432 ex

2165 2465 2358 2511 mente
2373 2458 2652 2525 nascitur,
2679 2476 2854 2530 quam
2876 2468 2966 2515 est
2985 2464 3365 2535 mensdequa
3384 2468 3790 2538 nascitur,quis

2163 2551 2386 2615 quanta
2417 2552 2506 2602 est
2539 2564 2704 2603 mens
2736 2566 2863 2620 quae
2887 2558 3126 2621 generat
3158 2554 3425 2621 verbum,
3461 2559 3690 2612 tantum
3718 2562 3790 2612 est

2160 2635 2334 2690 etiam
2368 2638 2558 2704 ipsum
2594 2640 2857 2695 verbum.
2881 2640 3212 2696 Sicutenim
3247 2642 3316 2697 de
3343 2649 3464 2698 tota
3497 2650 3686 2700 mente
3704 2662 3791 2700 na-

2160 2724 2344 2779 scitur
2366 2727 2629 2792 verbum,
2664 2729 2748 2782 sic
2780 2728 2936 2783 intra
2970 2736 3149 2786 totam
3177 2739 3481 2802 permanet
3519 2738 3791 2790 natum.Et

2158 2813 2298 2884 quia
2327 2815 2618 2886 cogitante
2651 2823 2865 2884 mente,
2923 2835 3039 2873 non
3085 2825 3172 2874 est
3213 2826 3342 2887 eius
3368 2823 3600 2894 aliquid
3627 2824 3711 2878 ubi
3739 2823 3788 2877 in

2155 2917 2222 2957 ea
2252 2903 2491 2958 verbum
2527 2921 2641 2959 non
2674 2905 2770 2970 sit,
2797 2904 3175 2962 ideoverbum
3203 2914 3430 2965 tantum
3451 2921 3564 2979 est,
3597 2917 3790 2982 quanta

2155 2996 2243 3045 est
2266 3008 2432 3046 mens
2456 2992 2585 3064 ipsa
2606 2995 2676 3048 de
2717 3011 2833 3065 qua
2855 3001 2961 3064 est,
2996 3002 3201 3051 etcum
3226 2999 3380 3069 apud
3408 2999 3573 3055 illam
3607 3011 3708 3066 est,
3737 3001 3785 3056 in

2152 3079 2252 3133 illa
2271 3085 2360 3135 est
2388 3087 2447 3136 et
2472 3084 2624 3152 quod
2658 3082 2786 3154 ipsa
2813 3101 2975 3138 mens
3000 3091 3111 3151 est,
3134 3090 3241 3142 hoc
3261 3093 3351 3142 est
3379 3090 3628 3145 verbum
3651 3092 3786 3162 quod

397 2821 495 2869 tur
516 2834 535 2870 :
569 2817 842 2885 Eri/misti
900 2819 1166 2871 animum
1222 2831 1398 2870 rream
1440 2830 1513 2868 ea:
1543 2815 1761 2881 inferno
1790 2811 2050 2880 inferiori

396 2907 567 2971 (Psal.
633 2923 832 2972 LXXXV,
870 2907 978 2976 13),
1030 2906 1169 2976 quia
1200 2904 1419 2958 idcirco
1475 2901 1686 2956 animae
1715 2902 1787 2956 ab
1820 2901 2046 2956 inferno

395 2995 582 3065 gratia
604 2997 695 3049 Dei
719 2996 1075 3066 eripiuntur,
1100 2995 1242 3048 utin
1266 2992 1424 3048 ccelis
1439 2989 2045 3046 conversentur.Unde

395 3084 535 3138 dicit
557 3085 870 3154 Apostolus
898 3102 909 3138 :
933 3085 1124 3139 Nostra
1143 3088 1326 3138 autem
1348 3080 1692 3137 conversatio
1707 3082 1763 3134 in
1786 3081 1934 3134 caelis
1964 3084 2044 3135 est

393 3172 625 3243 (Philip.
660 3190 744 3239 ιιι,
776 3176 889 3244 20).
927 3173 1100 3227 Porro
1119 3171 1473 3242 anima,quae
1497 3186 1599 3241 per
1628 3169 2039 3241 cogitationem
2151 3167 2222 3223 de
2254 3168 2352 3224 illa
2382 3170 2513 3224 etin
2544 3169 2643 3226 illa
2664 3175 3200 3243 est;etquantai|la
3228 3182 3338 3246 est,
3363 3182 3601 3234 tantum
3628 3182 3784 3235 etiam

392 3261 608 3317 malam
656 3264 810 3333 apud
836 3267 1082 3318 mortem
1117 3262 1248 3326 fuit,
1281 3261 1574 3331 quomodo
1594 3260 1662 3314 de
1687 3257 2036 3314 mortelibe-
2071 3322 2109 3341 η
2148 3259 2390 3313 verbum
2416 3265 2522 3329 est,
2557 3261 2695 3331 quia
2725 3262 2795 3317 de
2816 3267 2936 3317 tota
2965 3269 3023 3319 et
3051 3263 3110 3319 in
3143 3269 3262 3320 tota
3291 3273 3399 3322 est.
3432 3273 3790 3341 Tantumque

1235 3322 1244 3326 _
1299 3322 1311 3331 _
2512 3322 2519 3329 .
2573 3322 2589 3331 .
3484 3322 3784 3341 --~-——T~

389 3355 513 3404 rata
533 3322 783 3416 est,siin
809 3356 994 3406 morte
1027 3367 1138 3406 non
1161 3349 1308 3405 fuit?
1325 3354 1381 3404 et
1407 3349 1698 3420 quomodo
1719 3363 1787 3401 ex
1811 3347 2037 3402 inferno
2069 3322 2110 3387 (ἶ
2150 3352 2240 3403 est
2271 3348 2464 3419 ipsum
2487 3352 2757 3420 verbum,
2801 3358 3021 3423 quanta
3061 3354 3236 3409 simul
3268 3361 3356 3412 est
3386 3361 3443 3412 et
3475 3375 3648 3416 mens
3677 3360 3789 3431 ipsa

385 3447 582 3510 erepta
599 3446 706 3507 est,
732 3441 780 3496 si
797 3442 951 3512 apud
977 3441 1198 3496 inferos
1219 3438 1562 3504 constituta,
1585 3436 1642 3491 in
1669 3436 1895 3492 interno
1917 3453 2034 3492 non
2147 3455 2280 3493 cum
2297 3440 2509 3506 verbo;
2535 3457 2722 3512 neque
2744 3443 2898 3498 enim
2925 3443 3008 3498 sic
3025 3445 3097 3500 de
3122 3443 3222 3500 illa
3244 3447 3488 3504 verbum
3517 3448 3790 3518 nascitur,

383 3529 494 3582 fuit
513 3530 540 3582 ‘?
561 3529 703 3584 Cum
728 3531 929 3601 utique
948 3529 998 3584 si
1022 3531 1082 3584 in
1107 3534 1291 3584 morte
1316 3544 1429 3583 non
1453 3531 1628 3595 esset,
1655 3532 1886 3581 mortua
1915 3543 2032 3582 non

382 3615 608 3671 fuisset.
645 3618 752 3672 Per
775 3617 988 3672 malam
1011 3625 1207 3673 autem
1239 3616 1623 3682 voluntatem,
1643 3615 1753 3670 hoc
1784 3619 1896 3679 est,
1930 3631 2032 3686 per

378 3711 706 3774 peccatum,
728 3707 861 3778 quis
885 3707 1106 3762 nesciat
1126 3707 1378 3763 animam
1404 3705 1596 3760 mori?
1617 3721 1748 3759 cum
1778 3705 2028 3759 Deusdi-

379 3801 469 3847 cat
501 3811 514 3848 :
565 3797 764 3851 Anima
798 3813 918 3867 quae
947 3798 1271 3867 peccaverit,
1321 3797 1450 3866 ipsa
1509 3796 1782 3850 morietur
1811 3792 2022 3863 (Ezech.

374 3899 530 3949 xvur,
563 3885 674 3950 20).
708 3885 941 3939 Certum
966 3891 1054 3939 est
1075 3885 1275 3957 igitur,
1311 3884 1561 3939 animam
1588 3882 1738 3937 male
1761 3884 2024 3952 cogitan-

373 3976 512 4036 tem,
547 3990 676 4027 cum
707 3976 860 4046 apud
884 3980 1131 4029 mortem
1169 3979 1279 4040 est,
1314 3973 1368 4027 in
1406 3978 1590 4026 morte
1620 3988 1769 4037 esse,
1800 3977 1856 4026 et
1886 3987 2020 4027 cum

369 4063 519 4130 apud
545 4063 758 4117 inferos
781 4070 892 4133 est,
950 4066 1006 4118 in
1057 4064 1285 4117 inferno
1309 4078 1457 4116 esse.
1483 4061 1628 4125 Quid
1657 4061 1807 4130 quod
1841 4061 2018 4116 etiam

367 4150 632 4207 Salvator
653 4155 792 4208 dicit
823 4172 841 4208 .·
877 4156 1011 4223 Quae
1041 4153 1410 4223 impossibilia
1426 4159 1575 4217 sunt,
1595 4150 2015 4223 apudhomines,

358 4243 656 4312 possibilia
711 4249 838 4298 sunt
893 4245 1038 4314 apud
1091 4248 1266 4298 Deum
1306 4243 1515 4313 (Matth.
1561 4258 1674 4309 xxx,
1723 4242 1793 4294 26
1835 4257 1848 4306 ;
1886 4245 2012 4295 Luc.
2198 4242 2414 4333 “1"”:
2449 4242 3647 4333 ν⁶“’ξ”⁸⁶”⁶“τ¹⁶⁴ξ⁸⁷τ⁶⁸συτ¹ξ¹¹⁸ι¹⁸⁷⁶θῗ⁴¹¹⁴ξ¹²με’·
3708 4324 3747 4333 Δ.

357 4347 517 4396 xvm,
547 4332 684 4403 27)?
717 4337 940 4390 Ergone
960 4334 1044 4388 sic
1066 4331 1556 4396 dicemus,omnia
1580 4333 1689 4385 Deo
1709 4329 1994 4402 possibili:

2198 4315 2512 4384 thuidem
2530 4319 2586 4370 et
2601 4331 2704 4370 nos
2719 4317 3157 4387 quodammodo
3173 4321 3786 4394 dicitScriptura,etin

355 4435 502 4486 esse,
540 4429 604 4476 ut
628 4423 735 4478 hoc
758 4424 953 4495 ipsum
982 4423 1221 4495 quidem
1250 4420 1526 4492 possibile
1549 4436 1698 4485 esse,
1733 4420 1816 4474 sic
1848 4420 1994 4474 dica-

2185 4421 2236 4459 ao
2255 4420 2384 4459 esse
2400 4408 2456 4458 et
2477 4405 2630 4475 apud
2651 4405 2834 4460 Deum
2860 4423 3006 4469 esse.
3029 4409 3128 4463 sed
3158 4427 3269 4465 non
3304 4414 3619 4482 quomodo
3643 4412 3788 4485 apud

355 4525 489 4564 mus
513 4514 665 4581 apud
697 4519 876 4569 Deum
898 4530 1048 4581 esse,
1101 4512 1449 4566 utdicamus
1470 4509 1527 4564 in
1551 4515 1666 4564 Deo
1688 4525 1801 4563 non
1833 4508 1994 4564 esse?

2185 4510 2238 4548 ιιι
2251 4509 2300 4547 m
2319 4498 2474 4548 estet
2487 4495 2666 4549 inDeo
2679 4495 3019 4551 estVerbum
3038 4503 3295 4570 Deus,qu
3308 4506 3320 4554 ι
3335 4507 3427 4555 est
3440 4502 3788 4569 unigenitus

350 4596 495 4660 Quid
524 4579 717 4656 autem
746 4618 916 4672 posse
939 4579 1092 4674 apud
1109 4618 1169 4656 se
1183 4601 1338 4657 Deus
1360 4597 1818 4670 habet,siipsum
1835 4614 2007 4669 posse
2120 4579 2300 4635 Filius
2323 4597 2335 4634 ²
2361 4580 2577 4674 dicitur
2597 4582 2846 4674 θηίωξθ
2870 4583 3060 4674 99mg:
3077 4587 3216 4658 ίῖυίδ
3240 4590 3298 4642 ’ἠ
3323 4592 3435 4644 Deo
3464 4590 3792 4659 υίυίπιυειεε

348 4683 405 4737 in
439 4704 500 4741 se
525 4706 638 4743 non
660 4689 836 4745 habet
861 4689 888 4744 ι)
979 4672 992 4674 “
2031 4697 2077 4762 D
2114 4685 2414 4736 movemur,
2437 4673 2489 4725 et
2514 4686 2730 4726 smnus.
2766 4673 2833 4762 Et
2862 4672 3076 4729 dicitur
3104 4676 3215 4748 ipsi
3247 4677 3386 4744 Deo,
3428 4679 3488 4734 si
3520 4697 3646 4735 non
3675 4696 3788 4748 pec-

349 4789 515 4841 CAPUT
546 4807 636 4842 vn.
695 4794 808 4843 Non
839 4795 1007 4844 credis
1062 4795 1188 4859 quia
1223 4809 1314 4858 ego
1362 4795 1413 4843 in
1461 4794 1633 4851 Patre,
1683 4796 1734 4842 et
1762 4793 1914 4842 Pater
1945 4794 1998 4842 in
2033 4760 2044 4762 7
2108 4762 2435 4859 caverimu"
2468 4762 2674 4859 scimlf"
2703 4760 2836 4859 qu?“
2867 4763 3018 4859 ap
3050 4773 3318 4859 (fiamus
3363 4767 3652 4838 ἀφυίαίῂ
3684 4767 3790 4859 Vg.

406 4878 484 4912 ,ηε
503 4868 596 4913 ρει,
643 4865 854 4914 Verbum
873 4870 948 4916 εει
981 4848 1122 4930 αράά
1175 4848 1366 4928 De'um,
1395 4866 1529 4915 sicut
1586 4848 1640 4914 εν,
1685 4868 1856 4914 meme
1884 4879 1999 4914 υεν-
2109 4854 2442 4904 rumtamen
2469 4864 2601 4903 cum
2627 4848 2736 4904 hoc
2766 4851 2837 4905 de
2861 4851 3031 4908 nobis
3053 4854 3288 4922 dicitur,
3321 4871 3438 4911 non
3475 4858 3788 4914 naturalis

411 4939 548 4984 bum.
2108 4937 2304 4994 unitas
2327 4942 2524 4993 nostra
2547 4954 2679 4994 cum
2709 4943 2822 4994 Deo
2845 4944 3198 5013 ostenditur,
3235 4946 3334 5000 sed
3368 4950 3475 5001 aut
3515 4947 3791 5018 potentia

2105 5027 2382 5082 creatoris
2441 5025 2810 5098 intelligitur,
2842 5035 2945 5084 aut
3001 5031 3187 5102 pietas
3232 5034 3664 5105 redemptoris.
3699 5037 3788 5091 Sic

2102 5116 2257 5172 enim
2289 5115 2389 5186 qui
2450 5115 2769 5184 credimus,
2803 5118 2859 5172 in
2893 5118 3010 5174 Deo
3038 5131 3090 5174 et
3123 5123 3277 5193 apud
3311 5129 3501 5178 Deum
3543 5142 3786 5192 sumus,

2102 5205 2343 5259 sicutde
2372 5208 2478 5259 Deo
2530 5205 2735 5274 geniti,
2787 5206 2888 5260 filii
2946 5207 3047 5263 Dei
3081 5226 3310 5265 sumus.
3345 5211 3672 5283 Scriptum
3707 5221 3793 5269 est

2098 5293 2253 5349 enim
2289 5311 2308 5348 :
2335 5292 2653 5359 Carissimi,
2673 5310 2823 5348 nunc
2845 5295 2956 5364 ﬁlii
2984 5298 3084 5353 Dei
3101 5315 3288 5354 sumus
3319 5301 3366 5371 (Ι
3395 5303 3576 5356 Joan.
3601 5319 3694 5368 ιιι,
3715 5304 3790 5357 2‘.

2098 5383 2164 5438 Et
2195 5383 2406 5438 iterum
2438 5383 2798 5438 :Voluntarie
2812 5388 3003 5455 genuit
3023 5405 3122 5442 nos
3148 5389 3314 5444 Verbo
3331 5389 3623 5448 veritatis
3654 5395 3792 5463 (Jac.

2096 5490 2135 5540 ι,
2167 5473 2278 5544 48).
2314 5471 2432 5527 Nos
2487 5487 2625 5543 ergo
2652 5472 2806 5528 Deus
2837 5473 3026 5532 Verbo
3057 5479 3318 5533 veritatis
3351 5481 3605 5550 genuit,
3645 5482 3790 5537 illud

320 5567 439 5622 Hoc
482 5578 674 5625 autem
701 5571 820 5626 Filii
850 5588 978 5628 esse
1007 5571 1162 5642 apud
1188 5570 1441 5639 Patrem,
1463 5574 1520 5624 et
1549 5585 1677 5624 esse
1700 5569 1758 5623 in
1792 5573 1980 5639 Patre,
2090 5568 2288 5616 autem
2312 5558 2566 5615 Verbum
2600 5561 2905 5618 Veritatem
2938 5567 3160 5636 εθηυίῐ-
3195 5568 3375 5623 NObiS
3403 5575 3791 5639 Potestatem

321 5674 432 5711 non
448 5660 839 5716 videaturtale
857 5661 1029 5732 quale
1045 5663 1092 5714 si
1110 5659 1243 5731 quis
1261 5660 1431 5714 homo
1445 5658 1522 5713 sit
1543 5659 1696 5728 apud
1722 5657 1978 5729 aliquem
2090 5650 2249 5706 dedit
2271 5650 2422 5704 ﬁlios
2436 5649 2534 5704 Dei
2555 5649 2676 5703 ﬁeri
2695 5669 2709 5718 ;
2727 5650 2826 5707 ille
2840 5660 3034 5708 autem
3057 5673 3170 5710 non
3189 5673 3257 5711 ex
3271 5662 3580 5726 potestate
3601 5661 3790 5716 Filius

315 5745 908 5820 hominem,sivejure
930 5747 1208 5820 hospitali
1243 5747 1825 5819 (al.bospitalitatis),
1858 5749 1978 5804 sive
2087 5740 2190 5797 Dei
2213 5740 2421 5804 factus,
2457 5738 2554 5793 sed
2583 5740 2653 5794 de
2677 5739 2791 5796 Deo
2816 5744 3165 5800 naturaliter
3191 5751 3279 5802 est
3311 5745 3408 5802 Dei
3429 5746 3655 5808 Filius
3681 5769 3790 5809 na-

313 5837 575 5894 caritatis
597 5839 830 5894 affectu.
864 5836 1012 5893 Nam
1049 5841 1107 5892 et
1136 5835 1435 5907 apostolus
1468 5834 1684 5891 Paulus
1718 5833 1886 5907 dicit,
1916 5852 1976 5892 se
2081 5836 2202 5893 tus.
2226 5831 2344 5890 Nos
2369 5833 2524 5884 Deus
2543 5826 2871 5888 voluntarie
2891 5833 3788 5916 genuit,quiavoluntasgene-

2147 3527 2299 3582 utab
2335 3544 2402 3582 ea
2433 3527 2693 3585 localiter
2710 3536 3067 3587 secernatur.
3101 3533 3383 3591 Nativitas
3415 3539 3642 3610 quippe
3679 3538 3786 3602 illa,

2141 3633 2266 3687 qua:
2288 3619 2542 3673 ostendit
2565 3618 2705 3690 quid
2731 3621 2958 3676 sitetde
2981 3623 3340 3697 quasit,ipsa
3358 3629 3628 3683 ostendit
3648 3628 3790 3700 quod

2139 3711 2301 3761 extra
2346 3722 2474 3762 eam
2520 3708 2589 3764 de
2620 3725 2738 3779 qua
2771 3716 2974 3766 natum
3024 3717 3112 3767 est
3141 3730 3267 3769 esse
3302 3731 3412 3770 non
3449 3718 3664 3788 possit,
3698 3733 3790 3772 nec

2136 3792 2194 3847 in
2220 3793 2412 3866 aliquo
2441 3795 2634 3852 minus
2652 3799 2752 3862 sit,
2775 3800 2876 3854 sed
2892 3801 2976 3854 sic
3000 3801 3070 3856 de
3088 3803 3396 3872 ipsasit,ut
3418 3807 3587 3877 apud
3613 3807 3790 3878 ipsam

2134 3887 2190 3938 et
2212 3885 2269 3939 in
2293 3884 2422 3956 ipsa
2454 3886 2550 3954 sit,
2581 3891 2931 3960 tantumque
2955 3889 3256 3957 sitdeilla,
3277 3900 3574 3964 quantum
3599 3897 3658 3950 in
3679 3895 3789 3963 illa,

2132 3978 2190 4027 et
2221 3979 2449 4029 tantum
2484 3975 2542 4030 in
2569 3976 2690 4045 illa,
2723 3985 3012 4049 quantum
3046 3997 3174 4035 cum
3210 3981 3328 4037 illa.

2129 4070 2295 4122 Csru'r
2323 4086 2433 4121 vm.
2491 4073 2604 4124 Non
2635 4089 2808 4124 sumus
2862 4091 2951 4125 nos
2980 4079 3034 4128 in
3093 4079 3193 4128 Deo
3251 4081 3385 4130 sicut
3443 4082 3502 4132 in
3559 4083 3674 4132 Deo
3723 4095 3791 4139 est

2201 4143 2413 4193 Verbum
2479 4146 2626 4194 Deus.
2689 4146 2858 4194 Aliter
2911 4162 3004 4196 nos
3067 4149 3202 4198 Deus
3244 4152 3449 4214 genuit,
3480 4153 3653 4204 aliter
3690 4155 3790 4203 Ver-

2275 4215 2414 4265 bum.
2449 4215 2787 4280 Blasp’zemie
2813 4217 3174 4269 hereticorum
3205 4222 3261 4270 in
3291 4224 3483 4273 I'itium
3514 4226 3647 4274 Dei.

409 5035 509 5090 llis
533 5040 706 5106 atque
729 5033 1070 5105 hujusmodi
1094 5033 1446 5088 testimoniis
1465 5032 1665 5098 claret,
1687 5050 1818 5089 cum
1850 5033 1994 5088 dici-

333 5130 454 5190 tur,
497 5127 736 5180 Verbum
769 5133 892 5179 (ναι
921 5122 1064 5195 apud
1095 5124 1285 5187 Deum,
1315 5139 1426 5178 non
1450 5121 1868 5194 aliudintelligi
1893 5125 1991 5179 de-

325 5213 464 5282 bere
497 5233 694 5286 quam,
717 5214 971 5268 Verbum
989 5212 1189 5267 eratin
1217 5216 1333 5267 Deo
1352 5252 1364 5265 .
1383 5211 1529 5265 Nam
1552 5216 1608 5265 et
1636 5210 1762 5282 ipse
1786 5211 1988 5284 Filius,

329 5307 428 5373 qui
453 5310 540 5358 est
588 5304 842 5359 Verbum
872 5303 1049 5369 Deus,
1084 5318 1197 5357 non
1224 5299 1412 5355 solum
1439 5301 1666 5355 Patrem
1702 5300 1758 5354 in
1781 5316 1862 5368 se,
1886 5302 1986 5355 sed

326 5391 500 5446 etiam
537 5409 596 5446 se
621 5393 678 5448 in
705 5394 871 5449 Patre
897 5408 1026 5448 esse
1070 5395 1342 5456 testatur,
1374 5389 1573 5444 dicens
1607 5405 1619 5444 :
1652 5389 1768 5445 Non
1799 5391 1988 5446 credis

324 5483 457 5550 quia
488 5497 583 5549 ego
615 5484 672 5535 in
707 5484 900 5545 Patre,
937 5487 985 5536 et
1017 5483 1186 5537 Pater
1217 5482 1276 5534 in
1297 5495 1382 5534 me
1402 5485 1482 5534 est
1514 5479 1689 5551 (Joan.
1721 5494 1837 5543 xlv,
1873 5480 1982 5551 10).
