3982 6218
151 439 234 500 Ξθϐ
1288 434 1726 499 RESPONSIO
1769 433 2087 498 CONTRA
2131 435 2510 500 ARIANOS.

3496 451 3615 512 206

148 573 380 630 rationem
405 574 823 646 prmeessit;
851 573 909 628 in
928 571 1420 644 Unigenitiautem
1436 568 1840 643 generatione,
1871 568 1925 636 Α
1954 567 2026 624 ab
2060 568 2344 641 unigeniti
2377 570 2508 627 Filii
2539 573 2917 630 contumeliis
2939 579 3474 648 temperabunt:cui
3497 599 3613 640 non

149 663 269 720 nulla
294 665 701 735 generantia
745 661 1482 734 pracessitvoluntasmbi
1515 659 1644 714 sine
1674 656 1842 714 initio

148 754 354 810 naturali
390 755 514 824 (al.
561 754 930 825 naturalis)
962 757 1265 824 permanet
1296 757 1512 803 aeterna
1542 746 1839 802 nativitas.

148 845 270 900 Sicut
296 861 440 916 ergo
480 845 716 916 geniti
752 860 995 908 sumus,
1029 842 1130 896 sed
1159 857 1273 895 non
1319 839 1474 894 sicut
1501 837 1840 908 unigenitue

150 941 285 1000 Deus;
306 941 363 990 et
382 935 504 989 lilii
538 935 666 990 Dei
710 951 958 996 sumus,
991 934 1091 987 sed
1119 948 1233 986 non
1257 931 1408 985 sicut
1441 929 1647 984 unicus
1671 935 1842 982 etve-

151 1042 227 1080 rus
252 1025 452 1091 Filius;
493 1029 564 1079 et
602 1025 708 1078 dii
745 1021 1100 1088 sumus,sed
1133 1036 1245 1074 non
1277 1017 1429 1074 sicut
1461 1013 1842 1084 Verbum,qui

151 1132 291 1170 verus
316 1121 408 1170 est
436 1113 634 1168 Deus
664 1129 684 1167 :
723 1116 816 1166 ita
872 1111 932 1166 in
965 1116 1081 1165 Deo
1113 1124 1337 1168 sumus.
1386 1112 1443 1162 et
1473 1107 1625 1176 apud
1661 1107 1839 1160 Deum

158 1221 354 1270 sumus,
385 1205 498 1258 sed
540 1219 684 1257 non
713 1201 882 1256 sicut
911 1199 1065 1270 apud
1103 1203 1279 1253 Deum
1311 1201 1401 1252 est
1426 1200 1484 1251 et
1515 1197 1574 1250 in
1607 1195 1722 1250 Deo
1752 1197 1841 1249 est

157 1296 374 1350 Verbum
413 1295 620 1357 Deus,
661 1291 778 1362 qui
834 1291 905 1344 de
961 1289 1078 1344 Deo
1111 1285 1462 1342 naturaliter
1507 1290 1681 1338 natus
1729 1288 1838 1340 est.

159 1384 404 1450 Quamvis
424 1384 610 1438 enim
638 1382 754 1435 ille
772 1377 960 1435 Filius
983 1378 1216 1432 dicatur
1233 1381 1287 1430 et
1303 1391 1409 1430 nos
1427 1373 1839 1443 ﬁliidicamur,

161 1479 206 1530 et
224 1475 311 1529 ille
332 1475 500 1530 Deus
537 1479 604 1529 et
637 1489 763 1527 nos
797 1471 905 1534 dii,
929 1473 985 1525 et
1016 1469 1116 1524 ille
1150 1467 1388 1539 genitus
1420 1470 1478 1521 et
1513 1464 1838 1536 nosgeniti,

163 1564 387 1619 multum
411 1569 639 1618 tamen
665 1562 865 1616 distat
897 1560 956 1614 in
983 1576 1042 1615 re
1060 1557 1214 1629 quod
1247 1571 1431 1610 unum
1459 1553 1840 1610 sonarevide-

167 1659 246 1708 tur
269 1653 326 1708 in
347 1650 942 1722 nomine,quoniam
964 1647 1246 1717 ille,quod
1271 1644 1611 1715 Deus,quod
1637 1642 1839 1711 Filius,

176 1745 302 1813 quod
317 1743 705 1814 Unigenitus
739 1745 854 1805 est,
894 1737 1240 1792 naturaliter
1269 1733 1524 1805 est,quia
1545 1733 1614 1787 de
1635 1736 1842 1787 natura

177 1830 340 1887 Patris
368 1838 558 1887 natus
605 1835 705 1885 est
741 1854 757 1896 ;
791 1844 903 1883 nos
931 1831 1150 1891 autem,
1179 1825 1336 1896 quod
1369 1822 1471 1888 dii,
1501 1821 1660 1893 quod
1710 1819 1838 1890 ﬁlii,

1957 657 2148 714 solum
2177 659 2236 714 in
2266 677 2334 716 eo
2367 662 2522 732 quod
2575 663 2730 734 apud
2764 663 2950 720 Deum
2981 671 3072 722 est
3119 667 3460 736 detrahunt,
3511 672 3610 729 sed

1957 748 2132 803 etiam
2147 754 2203 803 et
2217 750 2460 805 animam
2478 752 2555 806 hu
2569 769 2798 809 manam
2814 753 2871 809 in
2888 755 2986 810 illo
3001 773 3214 826 negare
3227 762 3614 818 contendunt.

1955 839 2112 904 Quos
2129 838 2255 909 ipse
2275 839 2459 895 Filius
2479 841 2582 896 Dei
2605 860 2720 898 uno
2737 844 2949 916 psalmi
2963 845 3248 902 versiculo
3263 849 3609 921 designavit,

1956 927 2158 982 dicens
2191 943 2204 981 :
2243 931 2358 982 Hoc:
2389 945 2524 999 opus
2571 921 2897 1004 eorum‘qui
2926 935 3229 990 detrahunt
3273 938 3422 993 mihi
3465 940 3612 1010 apud

1956 1018 2146 1085 Deum,
2168 1023 2219 1073 et
2240 1019 2338 1089 qui
2369 1020 2675 1090 loquuntur
2695 1025 2846 1079 mala
2869 1024 3129 1082 adversus
3155 1030 3402 1084 animam
3433 1047 3609 1086 meam

1954 1106 2120 1175 (Peal.
2155 1123 2316 1168 cvm,
2347 1111 2458 1174 20;.
2485 1113 2622 1178 Quis
2670 1114 2826 1168 enim
2879 1114 3137 1171 deterius
3179 1117 3410 1174 Christo
3450 1119 3606 1190 apud

1953 1195 2136 1250 Deum
2153 1197 2598 1270 detrahitquam
2616 1202 2715 1272 qui
2730 1203 3238 1260 audiensVerbum
3256 1206 3436 1262 Deum
3451 1206 3605 1278 apud

1952 1287 2459 1351 Deumesse,dicit
2481 1289 2634 1345 idem
2659 1289 2914 1346 Verbum
2949 1293 3007 1347 in
3041 1293 3157 1349 Deo
3189 1311 3304 1350 non
3332 1297 3607 1353 esse?Aut

1953 1373 2086 1444 quis
2101 1374 2356 1446 amplius
2372 1376 2524 1431 mala
2537 1379 3040 1436 adversusChristi
3056 1383 3302 1438 animam
3318 1383 3604 1456 loquitur,

1953 1480 2130 1535 quam
2160 1465 2260 1536 qui
2294 1466 2351 1520 in
2385 1468 2615 1525 Christo
2640 1469 2958 1527 humanam
2991 1472 3254 1529 animam
3287 1473 3607 1531 difﬁtetur?

1951 1569 2086 1608 cum
2119 1553 2265 1609 illud
2297 1554 2579 1623 Verbum,
2612 1561 2764 1629 quod
2799 1560 2958 1616 Deus
2988 1566 3099 1629 est,
3127 1562 3211 1617 sic
3235 1565 3388 1635 apud
3420 1564 3604 1620 Deum

1953 1641 2050 1712 sit,
2086 1643 2158 1697 de
2187 1647 2309 1714 quo'
2332 1648 2441 1712 est,
2476 1651 2544 1702 ut
2569 1663 2672 1718 per
2703 1649 2990 1705 unitatem
3022 1660 3244 1706 natura;
3277 1653 3335 1708 in
3368 1654 3484 1709 Deo
3508 1653 3608 1727 sit,

1953 1734 2009 1786 et
2039 1747 2142 1802 per
2157 1734 2420 1789 eamdem
2441 1736 2722 1792 unitatem
2743 1744 2964 1794 naturas
2980 1757 3133 1796 unus
3155 1758 3289 1796 cum
3313 1741 3413 1798 illo
3448 1743 3604 1801 Deus

1952 1821 2046 1888 sit,
2071 1825 2130 1876 et
2159 1821 2259 1876 illa
2287 1822 2486 1879 anima
2516 1825 2695 1880 simul
2739 1843 2873 1882 cum
2905 1843 3078 1885 carne
3113 1835 3397 1902 suucepta
3430 1833 3603 1890 fuerit

178 1921 311 1991 quod
341 1920 531 1993 geniti
567 1935 820 1982 sumus,
853 1933 966 1972 non
990 1920 1220 1984 natura,
1257 1915 1356 1968 sed
1381 1911 1570 1984 gratia
1601 1927 1831 1979 sumus,
1863 1913 1910 1978 Β
1939 1910 2011 1966 ab
2045 1910 2346 1982 unigenito
2381 1914 2513 1982 Deo,
2545 1919 2609 1969 ut
2643 1915 3152 1973 simulinChristo
3170 1925 3227 1975 et
3250 1921 3599 1978 animanos-

177 2011 298 2081 quia
315 2027 454 2066 cum
483 2009 546 2065 in
565 2013 792 2063 natura
817 2023 932 2060 non
959 2005 1309 2060 haberemus
1333 2006 1398 2056 ut
1422 2001 1528 2055 hoc
1549 2016 1678 2056 esse
1701 2015 1833 2070 pos-

175 2115 385 2164 semus,
408 2099 607 2171 gratis
631 2096 810 2152 nobis
834 2095 1039 2150 datum
1063 2098 1151 2148 est
1166 2096 1230 2147 ut
1254 2091 1358 2146 hoc
1384 2089 1520 2145 facti
1543 2105 1832 2144 essemus.

179 2187 325 2243 Hanc
356 2187 794 2244 discretionem
828 2185 876 2238 si
912 2182 1186 2248 haeretici,
1234 2178 1692 2236 misericorditer
1720 2183 1837 2233 Deo

177 2277 443 2342 donante,
480 2279 581 2334 5|
619 2274 970 2348 percipiant,
1005 2274 1204 2327 lumen
1235 2286 1437 2326 verum
1469 2267 1755 2323 videbunt
1782 2271 1839 2322 et

1945 2006 2035 2055 tra
2064 1999 2388 2056 salvaretur
2413 2008 2470 2058 et
2502 2019 2656 2060 caro.
2689 2011 2737 2060 A
2771 2022 2887 2076 quo
2907 2007 3107 2078 procul
3132 2008 3309 2062 dubio
3335 2007 3428 2064 ille
3451 2025 3602 2065 sem-

1947 2089 2236 2162 piternam
2265 2099 2662 2164 consequetur
2685 2093 3068 2167 salutem,qui
3091 2096 3153 2152 in
3169 2113 3235 2152 eo
3257 2097 3467 2153 divinis
3487 2098 3597 2154 hu-

1949 2194 2253 2250 manaeque
2285 2185 2504 2236 naturis
2535 2181 2768 2254 plenam
2800 2185 3132 2254 cognoverit
3158 2185 3487 2242 veritatem.

2747 2398 3601 2432 ml

1316 2493 1438 2594 ε.
1524 2488 2465 2597 ειυιαειπτιι

519 2687 1202 2815 CONTRA
1291 2678 2051 2804 ARIANOS
2143 2682 2652 2810 LIBER
2739 2688 3238 2838 UNUS,

760 2857 865 2902 AD
897 2855 1154 2902 DEOEH
1185 2849 1677 2899 OBJEOTIONES
1707 2847 1965 2892 DEOEM
2000 2849 2537 2901 RESPONSIONES
2567 2856 2992 2905 CONTINENS.

1684 2965 2104 2978 —-—-—‘

239 3052 477 3108 Dictum
499 3059 588 3107 est
607 3050 842 3106 Patrem
864 3048 933 3102 de
951 3047 1167 3118 seipso,
1192 3045 1302 3100 hoc
1332 3047 1422 3099 est
1453 3043 1525 3096 de
1542 3041 1652 3096 hoc
1674 3037 1829 3110 quod

173 3141 302 3212 ipse
320 3147 433 3207 est,
460 3139 840 3196 ineﬁ'abiliter
859 3137 1066 3192 Filium
1085 3135 1379 3207 genuisse.
1398 3133 1477 3186 Ad
1489 3135 1722 3186 auctum
1744 3130 1833 3182 est

1943 3039 2298 3111 signiﬁcant.
2324 3047 2645 3103 Relativum
2670 3065 2802 3105 vero
2836 3049 2980 3105 illud
3014 3049 3292 3119 dicimus,
3325 3053 3481 3124 quod
3515 3053 3589 3109 ad

1942 3129 2125 3185 alium
2145 3138 2589 3205 agnoscendum
2607 3139 2938 3203 referimus,
2968 3141 3182 3194 utdum
3202 3157 3382 3195 unum
3406 3142 3592 3197 nomi-

171 3232 329 3300 quod
362 3248 482 3287 non
509 3229 901 3295 extrinsecus,
926 3226 1027 3280 sed
1078 3241 1147 3280 ex
1175 3229 1294 3280 Deo
1325 3229 1527 3278 natum
1560 3227 1666 3275 est.
1705 3218 1830 3273 Haec
1861 3252 1904 3320 Ο
1947 3236 2179 3290 namus,
2215 3224 2396 3280 alium
2429 3227 2924 3283 demonstremus:
2954 3230 3108 3284 sicut
3140 3230 3292 3284 inter
3323 3230 3594 3286 homines

171 3322 559 3392 responsione
581 3336 698 3375 non
723 3317 1008 3388 indigent,
1030 3316 1170 3387 quia
1187 3312 1322 3368 ﬁdei
1347 3317 1558 3368 nostris
1587 3324 1828 3364 concor-

173 3408 337 3464 dant.

244 3497 494 3570 Objecti'o
522 3497 730 3566 prima.
759 3495 907 3562 Quid
963 3495 1034 3549 ad
1083 3492 1194 3548 hoc
1242 3490 1480 3546 dicitur.
1512 3488 1572 3544 Si
1616 3503 1686 3542 ex
1716 3486 1831 3541 Deo

167 3596 350 3644 natus
382 3595 492 3656 est,
523 3595 616 3644 est
647 3589 720 3641 de
752 3587 908 3640 intra
937 3584 1146 3647 Deum,
1179 3582 1282 3636 sed
1315 3581 1498 3635 sinon
1531 3582 1619 3633 est
1647 3578 1717 3631 de
1745 3577 1833 3630 in-

165 3681 286 3744 tra,
319 3695 432 3734 nec
461 3696 529 3734 ex
562 3679 691 3748 ipso
721 3681 816 3731 est
847 3695 862 3741 ;
898 3675 947 3730 si
974 3673 1144 3727 modo
1175 3669 1457 3725 vocabula
1477 3667 1708 3723 diversa
1732 3682 1836 3736 po-

163 3773 424 3834 nuntur,
469 3768 610 3840 quid
665 3765 928 3838 prodest,
980 3763 1029 3818 si
1060 3762 1189 3833 ipsa
1241 3758 1454 3815 veritas
1507 3773 1621 3812 non
1651 3754 1834 3827 proﬁ-

163 3859 398 3913 tentur.

241 3946 566 4015 Responsio.
608 3943 900 4016 Equidem
953 3942 1094 3996 dum
1147 3937 1532 3993 nominantur
1573 3939 1744 3990 Pater
1781 3937 1838 3988 et

167 4033 386 4102 Filius,
404 4038 460 4090 in
487 4036 581 4091 his
603 4035 838 4088 duobus
856 4030 1193 4085 nominibus
1209 4027 1620 4081 vocabulorum
1643 4024 1836 4080 diver-

167 4121 326 4178 sitas
339 4120 856 4191 agnoscitur;quin
876 4118 1068 4188 potius
1088 4133 1187 4186 per
1206 4117 1322 4169 haec
1344 4115 1458 4168 duo
1480 4114 1707 4167 diversa
1727 4127 1836 4167 vo-

169 4212 398 4268 cabula
417 4213 786 4279 significatur
819 4225 936 4263 una
956 4208 1262 4275 utriusque
1287 4209 1524 4258 naturas
1558 4201 1837 4273 quoniam

169 4299 438 4357 istorum
469 4302 778 4358 nominum
818 4297 1130 4352 diversitas
1167 4311 1280 4350 non
1333 4298 1576 4348 naturas
1608 4291 1836 4359 dividit,

169 4390 282 4444 sed
314 4393 612 4446 veritatem
648 4387 1047 4462 generationis
1066 4384 1342 4446 ostendit,
1373 4388 1438 4437 ut
1462 4399 1528 4438 ex
1559 4399 1673 4436 uno
1707 4395 1838 4436 vero

167 4476 354 4534 Patre
387 4497 568 4534 unum
593 4493 799 4533 verum
833 4489 1226 4546 agnoscamus
1258 4472 1470 4527 Filium
1504 4469 1836 4536 exstitisse;

169 4581 244 4620 ac
281 4569 390 4628 sic.
419 4570 558 4623 dum
593 4584 730 4622 vera
767 4571 949 4620 Patris
979 4561 1281 4635 generatio
1319 4569 1376 4615 et
1407 4576 1539 4614 vera
1577 4557 1698 4611 Filii
1732 4573 1836 4611 na-

1943 3308 2066 3365 haac
2091 3312 2329 3368 relativa
2343 3316 2555 3386 saepius
2580 3318 3140 3388 nominanturpater
3157 3322 3214 3372 et
3245 3317 3590 3385 ﬁlius,ﬁlius

1943 3404 1998 3454 et
2033 3406 2218 3469 pater,
2250 3419 2416 3458 socer
2448 3410 2503 3459 et
2533 3421 2730 3475 gener,
2761 3422 2938 3476 gener
2967 3411 3024 3460 ct
3067 3421 3252 3475 socer;
3298 3423 3431 3461 nam
3465 3405 3594 3463 ideo

1944 3495 2108 3558 pater
2138 3491 2376 3561 dicitur,
2402 3498 2466 3548 ut
2489 3493 2675 3548 (ilium
2709 3496 2980 3563 genuisse
3013 3502 3310 3567 noscatur,
3353 3503 3411 3552 et
3433 3496 3591 3551 ﬁlius

1943 3576 2072 3631 ideo
2103 3577 2338 3645 dicitur,
2372 3586 2434 3635 ut
2462 3585 2530 3637 de
2563 3591 2722 3652 patre
2753 3582 2982 3650 genitus
3013 3583 3592 3639 demonstretur.Nec

1943 3664 2004 3719 in
2036 3665 2143 3722 hac
2171 3667 2508 3724 diversitate
2523 3670 2830 3725 nominum
2856 3671 3474 3728 inveniturdiversitas
3499 3688 3596 3727 na-

1944 3758 2230 3825 turarum,
2259 3759 2534 3828 quoniam
2567 3765 2809 3832 uterque
2835 3761 3108 3816 similiter
3142 3761 3316 3818 homo
3353 3761 3590 3833 dicitur,

1947 3847 2217 3916 quamvis
2250 3864 2402 3902 unus
2431 3855 2596 3920 pater
2624 3859 2678 3905 et
2702 3850 2852 3906 alius
2878 3851 3034 3907 ﬁlius
3067 3851 3586 3924 nuncupetur.Non

1947 3952 2084 4007 ergo
2117 3937 2298 4008 patris
2338 3945 2394 3992 et
2426 3939 2522 3993 lilii
2569 3946 2764 4010 posset
2795 3958 2913 3995 una
2959 3943 3230 4013 cognosci
3277 3957 3501 4007 natura,
3538 3942 3587 3996 si

1947 4023 2068 4079 haec
2101 4043 2216 4081 non
2249 4034 2446 4082 essent
2469 4029 2698 4084 diversa
2729 4029 3326 4102 vocabula,quoniam
3345 4032 3390 4086 si
3413 4030 3586 4086 ambo

1948 4123 2295 4171 vocarentur
2313 4123 2726 4185 patres,essent
2751 4122 3002 4190 profecto
3020 4135 3223 4175 natura
3245 4118 3589 4176 dissimiles:

1950 4206 2360 4277 unusquisque
2390 4208 2545 4262 enim
2577 4225 2644 4262 ex
2676 4208 2994 4277 semetipso
3026 4213 3322 4263 constaret
3342 4222 3396 4263 et
3426 4224 3591 4263 com-

1950 4309 2188 4348 munem
2223 4297 2611 4350 substantiam
2644 4313 2779 4352 cum
2813 4297 2996 4351 altero
3031 4314 3148 4351 non
3195 4297 3460 4361 haberet,
3493 4311 3600 4351 nec

1949 4383 2138 4438 deitas
2169 4401 2286 4438 una
2314 4389 2487 4452 esset,
2515 4385 2728 4451 quibus
2750 4401 2868 4439 una
2891 4393 3100 4439 natura
3130 4401 3243 4440 non
3277 4389 3603 4448 esset;con-

1949 4488 2200 4544 sequens
2231 4481 2423 4526 autem
2460 4472 2568 4527 fuit
2598 4479 2662 4527 ut
2683 4473 2799 4528 duo
2832 4480 3024 4544 patres
3055 4474 3204 4528 duos
3230 4472 3380 4528 ﬁlios
3403 4473 3607 4545 gigne-

1953 4567 2102 4627 rent,
2123 4562 2401 4633 quoniam
2427 4561 2538 4616 nisi
2571 4578 2705 4617 vera
2723 4563 2792 4616 de
2807 4562 3060 4632 singulis
3077 4561 3268 4634 proles
3298 4564 3600 4632 existeret,

171 4655 383 4714 tivitas
423 4658 793 4730 praedicatur,
826 4656 886 4708 in
919 4621 1037 4708 urile
1082 4653 1346 4723 genitore
1377 4649 1479 4706 52
1511 4653 1569 4701 et
1601 4662 1715 4700 uno
1745 4661 1847 4716 ge-
1877 4621 1923 4686 Ῑ)
1960 4652 2182 4721 paterni
2204 4649 2533 4706 nominisin
2563 4650 2720 4706 nullo
2736 4653 2945 4707 veritas
2979 4656 3453 4724 appareret.Jam
3469 4668 3604 4709 vero

173 4746 310 4802 nito
345 4765 460 4803 non
484 4751 679 4804 solum
715 4745 914 4800 unitas
945 4739 1314 4806 substantiae,
1349 4753 1550 4792 verum
1576 4735 1750 4789 etiam
1786 4733 1845 4787 in

179 4850 304 4890 uno
333 4854 569 4909 quoque
601 4835 931 4907 proprietas
985 4832 1166 4904 possit
1197 4827 1434 4901 agnosci
1469 4840 1748 4899 personae,
1783 4837 1852 4876 ne

179 4934 286 4978 aut
315 4927 444 4996 ipse
469 4933 711 4999 putetur
728 4929 902 4978 natus
923 4937 1051 4977 esse
1068 4920 1168 4991 qui
1193 4917 1418 4987 genuit,
1437 4913 1714 4970 nutaliud
1745 4928 1852 4983 pu-

181 5017 351 5070 tetur
383 5033 512 5072 esse
543 5015 646 5087 qui
684 5021 858 5069 natus
885 5018 976 5067 est
1019 5026 1190 5079 quam
1223 5013 1312 5063 est
1341 5006 1438 5061 ille
1471 5005 1568 5076 qui
1626 5003 1851 5073 genuit.

187 5104 316 5158 Non
351 5109 510 5161 enim
545 5107 674 5177 ipse
719 5109 810 5159 est
859 5107 1033 5157 Pater
1080 5100 1180 5171 qui
1213 5097 1415 5163 Filius,
1469 5093 1745 5164 quoniam
1798 5091 1853 5144 in

189 5199 444 5266 utroque
461 5212 778 5266 personaru
791 5210 844 5247 m
867 5192 1192 5264 proprietas
1209 5193 1501 5244 reservatu
1514 5185 1672 5238 r.Sed
1698 5182 1855 5253 quod

193 5280 368 5339 Pater
396 5293 506 5348 est,
541 5285 654 5340 hoc
681 5289 772 5339 est
801 5291 861 5338 et
906 5281 1108 5344 Filius,
1145 5278 1282 5350 quia
1326 5278 1396 5333 de
1434 5276 1544 5329 Deo
1577 5279 1755 5335 Deus,
1787 5271 1859 5326 de

197 5375 452 5442 perfecto
495 5376 814 5446 perfectus,
830 5373 901 5425 de
920 5372 994 5424 im
1009 5385 1208 5425 menso
1223 5361 1859 5430 immensus,deomni-

193 5470 436 5531 potente
467 5465 871 5533 omnipotens,
899 5461 971 5514 de
998 5467 1213 5513 aeterno
1246 5456 1411 5511 Patre
1443 5459 1617 5506 natus
1649 5456 1738 5505 est
1769 5450 1858 5506 Fl-
1894 5456 1897 5458 ’

193 5548 314 5606 lius
337 5560 688 5616 coeternus,
712 5550 912 5604 eadem
948 5548 1186 5600 veritate
1204 5546 1434 5599 dicente
1469 5559 1480 5596 :
1518 5540 1720 5596 Omnia
1738 5553 1862 5610 quae

203 5638 360 5695 habet
397 5643 580 5710 Pater,
613 5656 743 5694 mea
771 5642 896 5692 sunt
930 5638 1106 5704 (Joan,
1140 5651 1277 5697 xvu.
1313 5631 1608 5703 10).Pater
1637 5646 1774 5700 ergo
1807 5632 1866 5683 et

200 5727 356 5786 ﬁlius
389 5733 632 5787 relativa
659 5729 1213 5796 suntnomina,quze
1263 5730 1541 5779 naturam
1570 5717 1865 5790 gignentia

193 5820 494 5894 genitique
526 5835 646 5876 non
679 5821 976 5889 separant,
999 5815 1104 5874 sed
1130 5829 1306 5872 unam
1333 5812 1465 5871 sine
1501 5807 1868 5870 dubitatione

1957 4740 2014 4794 in
2031 4741 2260 4794 duobus
2275 4739 2413 4795 ﬁliis
2428 4739 2499 4793 de
2514 4740 2760 4795 diversis
2777 4741 3043 4811 patribus
3060 4743 3384 4813 natis,licet
3407 4747 3607 4814 posset

1963 4846 2076 4883 non
2110 4845 2238 4884 esse
2270 4827 2578 4884 diversitas
2604 4829 2830 4884 relativi
2863 4831 3141 4893 nominis,
3162 4833 3520 4899 attendatur,
3555 4831 3606 4888 si

1963 4923 2164 4991 posset
2187 4935 2316 4974 esse
2351 4925 2558 4975 natura
2591 4921 2944 4976 communis.
2980 4923 3121 4987 Quis
3153 4940 3266 4978 non
3300 4923 3510 4988 videat,
3545 4921 3608 4976 in

1965 5014 2214 5080 utroque
2238 5007 2340 5063 ﬁlii
2364 5026 2570 5064 nomen
2595 5026 2776 5064 unum
2805 5027 2953 5074 esse,
2987 5012 3087 5066 sed
3112 5013 3419 5082 utriusque
3447 5015 3616 5065 natu-

1967 5115 2088 5152 ram
2114 5115 2290 5154 unam
2308 5116 2416 5155 non
2433 5097 2593 5154 esse?
2615 5099 2801 5171 Magis
2821 5105 3013 5155 autem
3050 5115 3536 5171 unumquemque
3551 5097 3614 5152 ﬁ-

1967 5186 2110 5242 lium
2136 5205 2247 5242 non
2273 5204 2407 5243 cum
2433 5188 2611 5243 altero
2643 5189 2783 5254 ﬁlio,
2810 5204 2942 5242 cum
2969 5205 3080 5258 quo
3114 5205 3294 5242 unum
3319 5186 3620 5243 relationis

1970 5277 2170 5332 habuit
2206 5294 2437 5346 nomen,
2472 5279 2574 5332 sed
2625 5293 2759 5332 cum
2798 5283 2980 5346 patre,
3017 5275 3089 5330 de
3131 5293 3245 5346 quo
3293 5275 3618 5344 exstiterat,

1973 5371 2236 5421 naturam
2271 5366 2482 5421 habere
2513 5381 2910 5420 communem.
2946 5364 3055 5417 Sed
3089 5365 3226 5434 quid
3266 5365 3514 5420 ulterius
3546 5366 3620 5422 de

1972 5457 2202 5512 duobus
2237 5457 2497 5526 patribus
2529 5454 2879 5523 duobusque
2922 5452 3058 5506 ﬁliis
3091 5454 3453 5525 disputetur?
3483 5470 3620 5510 cum

1970 5545 2146 5601 istius
2170 5543 2510 5599 assertionis
2532 5540 2736 5596 veritas
2763 5558 3139 5611 personarum
3158 5545 3490 5599 diversitate
3508 5560 3623 5600 non

1973 5642 2161 5706 egeat,
2195 5634 2294 5688 sed
2316 5634 2383 5687 ad
2419 5632 2839 5686 documentum
2865 5630 2956 5685 sui
2979 5631 3209 5688 facilius
3235 5633 3420 5705 possit
3445 5631 3625 5690 unius

1974 5723 2231 5779 hominis
2251 5721 2715 5778 consideratione
2745 5719 3083 5794 fulciri,qua
3110 5728 3628 5795 cognoscatur,re—

1975 5812 2154 5872 lativa
2170 5813 2413 5872 nomina
2424 5809 2760 5868 diversitate
2778 5809 2874 5867 sui
2896 5828 3012 5872 non
3030 5818 3375 5873 naturarum
3389 5807 3634 5866 diversi-
