3982 6218
327 197 440 258 211

1293 200 1360 260 S.
1407 193 1835 260 FULGENTII
1876 184 2228 252 EPISCOPI
2276 189 2704 252 RUSPENSIS

3629 188 3747 249 212

327 326 630 385 secundum
658 329 1004 399 propositum
1033 330 1216 387 uocati
1235 339 1366 387 sunt
1412 331 1612 388 sancti.
1661 330 1804 387 Nam
1852 337 1988 398 quos
2015 321 2069 388 Α
2095 323 2246 390 facta
2275 326 2375 392 est,
2406 321 2664 394 quoniam
2697 323 2838 377 hanc
2855 326 2998 378 Deus
3019 321 3345 392 adimptevit
3364 320 3747 392 filiisnostris,

329 417 616 490 praesciuit
653 423 702 474 et
731 422 1150 490 praedestinavit
1197 424 1503 492 conformes
1549 421 1676 492 ﬁeri
1717 415 1986 485 imaginis

335 507 473 562 Filii
513 509 648 579 ejus,
681 515 742 562 ut
770 515 844 564 sit
865 512 979 580 ipse
995 511 1410 583 Primogemtas
1430 514 1488 567 in
1511 511 1703 566 multis
1720 507 1986 581 fratribus

339 597 508 668 (Rom.
555 615 673 665 vnu,
716 599 806 666 28,
851 600 963 671 29).
1017 602 1123 666 Qui
1168 617 1299 672 ergo
1347 602 1674 658 secundum
1716 599 1985 654 deitatem

339 702 569 756 semper
600 688 942 759 Unigenitus
968 691 1077 744 fuit
1101 690 1229 746 sine
1253 691 1555 761 fratribus,
1581 693 1770 746 factus
1791 692 1882 743 est
1903 703 1987 743 se-

339 777 597 832 cundum
613 777 909 833 hominem
931 778 1365 852 Primogenitus
1385 782 1443 835 in
1461 780 1662 836 multis
1685 778 1983 834 fratribus.

338 865 498 930 Quod
532 867 974 924 evidentiusillo
997 885 1204 925 rursus
1223 869 1482 941 Apostoli
1505 868 1840 924 testimonio
1865 882 1988 938 per-

339 954 606 1011 docetur:
637 957 736 1011 ubi
756 958 1169 1029 Primogenitus
1183 975 1256 1015 ea:
1278 961 1511 1015 mortuis
1527 961 1849 1015 nominatur
1869 957 1988 1028 (Co-

339 1051 466 1100 toss.
501 1063 540 1111 1,
577 1046 686 1119 18).
718 1046 864 1109 Quid
890 1049 1047 1102 enim
1071 1054 1160 1102 est
1183 1048 1614 1119 Primogenitus
1631 1065 1700 1104 ex
1717 1046 1987 1114 mortuis,

339 1133 449 1189 nisi
467 1135 768 1206 primusex
782 1137 1180 1204 peccatoribus
1195 1137 1529 1192 hominibus
1542 1137 1709 1192 homo
1722 1136 1990 1192 Christus

338 1225 512 1279 Jesus
540 1224 600 1279 in
619 1223 718 1278 Dei
741 1224 951 1280 Filium
973 1225 1300 1281 exaltatus‘?
1325 1227 1511 1282 Natus
1533 1231 1729 1281 autem
1755 1229 1988 1292 est,non

342 1313 428 1368 sic
457 1327 526 1367 ex
559 1313 962 1382 peccatoribus
995 1320 1286 1384 peccator,
1337 1317 1489 1371 sicut
1535 1332 1605 1371 ex
1653 1314 1993 1370 hominibus

345 1401 544 1468 homo,
570 1402 670 1456 sed
692 1407 866 1458 natus
887 1408 976 1458 est
997 1403 1514 1477 homo,susceptus
1535 1422 1568 1460 a
1586 1405 1702 1460 Deo
1725 1404 1851 1460 sine
1874 1403 1993 1460 ullo

347 1495 604 1562 peccato,
639 1494 702 1545 ut
733 1497 1066 1562 peccatores
1095 1494 1364 1550 homines
1409 1495 1805 1550 reconciliaret
1852 1493 1992 1560 Deo,

347 1579 625 1635 liberatos
657 1581 728 1634 ab
762 1581 922 1636 omni
957 1589 1213 1653 peccato.
1234 1583 1434 1638 Talem
1461 1585 1678 1656 quippe
1694 1582 1988 1639 hominem

350 1669 606 1742 oportuit
634 1689 666 1725 a
696 1670 814 1726 Deo
845 1671 1088 1744 suscipi,
1124 1688 1222 1744 per
1255 1689 1424 1744 quem
1460 1679 1698 1744 possent
1724 1671 1993 1727 homines
2024 1693 2073 1757 B

346 1758 460 1814 Deo
475 1759 721 1832 gratuita
729 1761 754 1831 j
767 1761 1153 1818 ustificatione
1165 1763 1292 1834 conj
1304 1764 1457 1835 ungi.
1471 1765 1875 1833 Primogenitus
1889 1764 1990 1832 igi-

349 1856 440 1904 tur
468 1855 547 1904 est
569 1849 742 1905 totius
767 1860 1048 1908 creatura:
1079 1852 1302 1920 (Coloss.
1333 1869 1372 1918 ι,
1406 1854 1512 1922 15),
1549 1853 1706 1906 illius
1739 1852 1995 1922 profecto

350 1941 422 1996 de
467 1957 587 2013 qua
645 1941 882 1998 beatum
937 1942 1268 2014 apostolum
1319 1943 1604 1999 Jacohum
1667 1943 2000 1998 audivimus

347 2028 523 2102 paulo
555 2034 689 2086 ante
721 2031 936 2087 dixisse
966 2049 978 2086 :
1018 2032 1334 2088 Voluntaria
1351 2036 1544 2103 genuit
1563 2049 1660 2087 nos
1687 2033 1849 2088 Verbo
1866 2033 2003 2088 veri-

345 2117 499 2187 tatis,
531 2124 595 2175 ut
623 2122 794 2175 simas
825 2120 1056 2176 initium
1075 2121 1301 2194 aliquod
1329 2132 1595 2178 creaturae
1626 2123 1744 2193 ejus
1790 2123 1922 2193 (Jac.
1956 2137 1998 2189 ι,

349 2209 463 2282 48).
497 2215 577 2265 De
607 2209 717 2264 hac
748 2216 1018 2266 creatura
1047 2211 1189 2266 dicit
1217 2212 1394 2267 etiam
1419 2211 1636 2266 Paulus
1659 2212 1997 2282 apostolus:

355 2297 415 2353 Si
444 2314 551 2368 qua
580 2314 707 2368 ergo
738 2297 797 2353 in
831 2299 1052 2354 Christo
1081 2315 1221 2354 nova
1250 2304 1504 2356 creatura
1534 2301 1603 2371 (II
1627 2300 1747 2356 Cor.
1787 2317 1840 2366 v,
1891 2299 1998 2363 17).

354 2386 437 2442 De
466 2402 581 2456 qua
611 2387 788 2441 etiam
835 2386 1013 2442 David
1050 2389 1427 2458 praedixerat:
1478 2391 1681 2444 Emitte
1731 2388 2003 2460 Spiritum

360 2479 602 2541 tuum,et
629 2475 984 2545 creabantur,
1010 2481 1062 2532 et
1083 2479 1372 2534 renovabis
1399 2480 1600 2549 faciem
1632 2483 1797 2534 term
1829 2478 2001 2548 (Psal.

359 2564 964 2636 cuI,30).Alioquin,si
998 2569 1320 2622 secundum
1348 2568 1606 2623 divinam
1641 2567 2002 2622 nativitatem

358 2654 438 2710 Cb
450 2654 628 2710 ristus
643 2655 1072 2727 Primogenitus
1088 2662 1280 2712 creatu
1290 2675 1362 2712 rae
1375 2657 1556 2712 totius
1572 2656 2007 2728 accipitur,qui-

359 2744 471 2799 bus
505 2743 853 2800 testimoniis
885 2751 1019 2800 ante
1050 2761 1282 2800 omnem
1311 2752 1636 2802 creaturam
1656 2746 2008 2817 Primogeni-

359 2838 457 2889 tus
490 2849 559 2888 ex
591 2833 842 2888 mortuis
873 2834 1248 2890 ostenditur?
1278 2851 1409 2890 cum
1445 2834 1559 2890 diei
1601 2851 1716 2890 non
1767 2843 2006 2905 possent

363 2921 602 2988 mortui,
623 2921 724 2994 qui
759 2923 1006 2978 necdum
1034 2924 1366 2979 fuerantvel
1398 2925 1595 2980 creati.
1629 2923 2005 2995 Unigenitum

359 3027 496 3083 ergo
512 3011 813 3068 Christum
830 3013 1160 3083 cognoscim
1173 3030 1240 3068 us
1261 3030 1332 3069 ex
1349 3013 1632 3083 Patre,Pri
1645 3014 2002 3085 mogenitum

356 3100 1298 3173 proliteamur(al.proﬁtemur)ex
1311 3103 1620 3174 virginezin
1637 3103 1735 3156 illa
1750 3103 2006 3174 quipppe

363 3188 664 3244 nativitate
693 3204 825 3244 vere
856 3193 945 3244 est
976 3188 1345 3262 Unigenitus,
1380 3191 1438 3246 in
1463 3207 1580 3262 qua
1603 3190 1729 3246 sine
1751 3190 1915 3245 initio
1937 3192 2007 3246 de

362 3277 486 3332 solo
519 3277 634 3332 Deo
668 3277 830 3334 solus
863 3284 1038 3334 natus
1071 3286 1158 3334 est
1175 3279 1435 3336 Deuszin
1457 3281 1564 3336 hac
1587 3287 1778 3335 autem
1803 3280 2005 3335 nativi-

360 3370 481 3422 tate
509 3368 923 3436 Primogenilus
952 3377 1030 3424 est
1061 3371 1231 3425 totius
1261 3379 1537 3427 creaturae
1566 3369 1789 3439 (Coloss.
1823 3387 1864 3437 ι,
1900 3371 2006 3440 16),

364 3454 422 3511 id
455 3462 542 3511 est
573 3474 775 3513 eorum
807 3474 955 3528 quos
975 3459 1033 3514 in
1053 3462 1258 3515 fratres
1277 3461 1387 3516 sibi
1412 3477 1512 3532 per
1533 3460 1706 3515 ﬁdem
1731 3459 2007 3531 dignatus

363 3550 452 3601 est
481 3547 777 3617 adoptare.
810 3551 1082 3620 Quotquot
1116 3559 1304 3604 autem
1333 3559 1654 3614 receperant
1682 3566 1829 3612 eum,
1862 3549 2011 3606 dedit

361 3634 440 3690 eis
467 3641 794 3704 potestatem
823 3636 967 3706 ﬁlios
994 3637 1093 3692 Dei
1118 3640 1263 3706 ﬁeri,
1294 3640 1380 3692 his
1410 3638 1506 3710 qui
1533 3642 1772 3694 credunt
1805 3641 1865 3694 in
1906 3655 2006 3694 no-

362 3724 513 3780 mine
536 3724 655 3793 ejus
685 3726 873 3792 (Joan.
907 3743 946 3791 ι,
979 3727 1090 3792 42).
1125 3727 1256 3782 llaec
1301 3728 1592 3798 generatio
1640 3727 1700 3782 in
1753 3729 2008 3784 secundo

360 3827 597 3884 quoque
625 3813 850 3884 psalmo
882 3815 1256 3886 cognoscitur
1274 3817 1712 3886 praedicata,ubi
1739 3817 2008 3872 Christus

359 3917 428 3957 ex
450 3918 696 3971 persona
719 3903 974 3973 suscepti
1011 3902 1263 3958 hominis
1297 3903 1470 3958 dicit:
1499 3905 1761 3959 Dominus
1777 3905 1922 3960 dixit
1938 3906 2010 3960 ad

357 4008 466 4057 me,
499 3991 677 4044 Filias
705 4006 854 4046 meus
881 4007 935 4047 es
963 3994 1040 4057 tu,
1076 4008 1172 4059 ego
1202 3991 1360 4048 hodie
1381 3997 1548 4064 genui
1576 3995 1816 4065 le(Psal.
1841 4011 1902 4062 ιι,
1930 3997 2004 4066 7),

358 4081 519 4146 Quod
538 4085 596 4134 ut
621 4080 944 4136 secundum
972 4083 1398 4138 lncarnationis
1415 4085 1618 4138 futurae
1639 4086 2007 4156 mysterium,

357 4170 581 4225 dictum
614 4185 743 4225 esse
783 4177 1160 4240 monstraret,
1195 4173 1491 4242 adjunxit:
1521 4173 1746 4227 l’o.:-tula
1769 4191 1804 4228 a
1825 4191 1932 4240 me,
1955 4181 2010 4232 et

356 4259 611 4316 dabotibi
619 4264 809 4330 gentes
821 4260 1201 4318 haereditatem
1220 4269 1370 4317 tuam
1385 4273 1434 4317 et
1446 4262 1835 4333 possessionem
1856 4273 2008 4320 tuam

356 4352 617 4406 terminos
644 4354 824 4407 terra.
857 4350 1154 4414 Quomodo
1183 4351 1340 4407 enim
1379 4353 1704 4408 secundum
1759 4355 2002 4409 formam

2094 416 2425 468 resuscitans
2439 418 2631 470 Jesum
2653 415 2823 479 ',sicut
2844 418 2898 466 et
2917 415 2972 466 in
2997 412 3203 482 psalmo
3220 411 3462 466 secundo
3479 411 3750 480 scriptum

2093 510 2202 556 est:
2237 503 2414 556 Filius
2444 517 2596 557 meus
2611 519 2667 557 es
2693 506 2772 567 tu,
2791 517 2884 570 ego
2903 501 3063 555 hodie
3080 503 3252 571 genui
3266 511 3318 555 te
3339 501 3476 570 (Act.
3501 500 3746 572 xm,32).

2094 589 2213 644 Hoc
2245 590 2591 661 igiturquod
2615 589 2879 660 psalmus
2897 590 3062 655 dixit,
3083 590 3407 644 secundum
3429 589 3482 642 id
3505 591 3754 660 Aposto-

2096 679 2189 735 lus
2220 681 2478 734 ostendit
2509 680 2579 733 ad
2612 678 2823 734 Fllium
2855 679 3102 748 dictum,
3143 679 3470 732 secundum
3505 678 3664 749 quod
3716 695 3752 732 a

2096 769 2348 824 mortuis
2362 769 2639 840 praedicat
2659 770 3030 822 suscitalum.
3055 767 3551 838 Attendaturergo
3573 783 3756 837 quea
3835 760 3856 773 ⁸

2097 863 2347 915 mortuis
2368 864 2420 914 in
2435 859 2664 915 Christo
2685 864 2896 914 natura
2914 859 3184 921 surrexit,
3207 863 3262 913 et
3279 857 3645 929 intelligetur
3667 873 3762 913 se-

2097 951 2356 1003 cundum
2379 950 2518 1020 quid
2545 948 2814 1005 Christus
2838 948 3006 1002 hodie
3024 949 3256 1018 genitus
3279 947 3566 1002 terminos
3583 952 3759 1002 terra

2099 1039 2482 1110 possidendos
2515 1038 2758 1108 accepit.
2791 1039 3156 1109 Agnoscatur
3183 1036 3382 1106 itaque
3414 1035 3474 1090 in
3515 1036 3762 1093 Christo

2099 1128 2430 1199 proprietas
2462 1128 2766 1197 utriusque
2795 1132 3040 1192 naturae,
3073 1132 3139 1181 ut
3172 1126 3296 1181 sine
3327 1143 3521 1182 errore
3571 1130 3768 1197 possit

2101 1216 2431 1288 intelligi,et
2462 1225 2711 1282 creatus,
2739 1221 2798 1272 et
2829 1218 3130 1283 fundatus,
3161 1221 3219 1271 et
3238 1215 3770 1288 genituszgenitus

2105 1307 2320 1379 quippe
2352 1310 2442 1362 est
2470 1311 2528 1361 et
2558 1307 2841 1362 fundatus
2873 1308 3194 1362 secundum
3229 1307 3382 1377 quod
3408 1306 3481 1362 de
3510 1305 3767 1362 Domino

2103 1396 2572 1452 inenarrabiliter
2605 1401 2778 1452 natus
2810 1403 2900 1452 est
2921 1397 3208 1453 Dominus
3237 1421 3251 1464 ;
3284 1402 3519 1452 creatus
3559 1401 3766 1452 autem

2103 1485 2427 1538 secundum
2448 1484 2762 1540 humanam
2781 1485 3201 1553 generationem
3214 1501 3328 1555 qua
3342 1485 3414 1540 de
3427 1483 3646 1539 ancilla
3660 1501 3769 1540 na-

2105 1579 2198 1629 tus
2223 1579 2309 1629 est
2331 1591 2554 1641 servus,
2581 1583 2640 1628 ut
2666 1589 2838 1645 quem
2865 1579 2999 1629 ante
3020 1574 3215 1629 omnia
3237 1575 3428 1629 solum
3452 1573 3623 1629 Pater
3653 1590 3768 1647 ge-

2105 1665 2234 1719 nuit
2253 1680 2322 1718 ex
2340 1668 2570 1732 natura,
2597 1680 2699 1733 pro
2719 1669 2920 1722 nostra
2936 1663 3128 1719 salute
3149 1667 3452 1736 generaret
3464 1680 3535 1719 ex
3546 1665 3766 1734 gratia.

2105 1754 2384 1821 Quocirca
2415 1760 2726 1825 utramque
2756 1755 3034 1810 debemus
3068 1753 3125 1808 in
3147 1753 3377 1808 Christo
3401 1754 3640 1808 Domino
3663 1770 3771 1809 na-

2103 1849 2163 1900 tu
2175 1848 2826 1916 ramagnoscere,utnec
2839 1844 3115 1898 adversus
3129 1847 3448 1898 creatorem
3463 1842 3778 1899 videamur

2107 1933 2371 2004 superbi,
2403 1949 2508 1987 nec
2541 1931 2808 1987 beneficii
2844 1931 3026 1987 nostri
3075 1931 3387 1987 Salvatoris
3434 1932 3773 1988 existamus

2107 2022 2203 2094 (al.
2233 2021 2661 2093 existimemur)
2693 2021 2924 2090 ingrati,
2951 2037 3021 2076 ne
3051 2022 3203 2093 apud
3236 2020 3591 2076 Salvatorem
3634 2022 3778 2094 ipse

2108 2112 2222 2168 sibi
2255 2113 2503 2183 deneget
2523 2128 2696 2182 quam
2717 2111 2929 2183 quaerit
2951 2110 3336 2183 salutem,qui
3351 2111 3680 2168 Creratoris
3697 2113 3778 2168 de

2109 2201 2223 2258 Deo
2255 2207 2424 2256 Patre
2453 2218 2650 2256 veram
2683 2202 2930 2271 denegat
2959 2201 3256 2256 deitatem.

2183 2290 2418 2358 Obiectio
2444 2291 2494 2345 4.
2528 2290 2637 2345 Sed
2666 2291 2766 2361 qui
2787 2288 3776 2362 praesumuntirrationabiliterdi-

2111 2395 2239 2436 cere
2265 2380 2336 2434 de
2363 2379 2552 2434 Patris
2579 2379 2914 2435 substantia
2947 2384 3146 2434 natum
3186 2395 3316 2434 esse
3364 2378 3601 2447 Filium,
3650 2380 3774 2436 do-

2111 2472 2281 2525 ceant
2312 2485 2413 2540 per
2429 2471 2758 2541 Scripturas
2776 2473 2970 2523 tamen
2996 2469 3287 2540 quomodo
3308 2485 3423 2524 non
3448 2468 3529 2523 sit
3548 2469 3776 2527 erroris

2113 2558 2261 2613 falsa
2287 2559 2593 2630 professio,
2620 2559 2874 2630 quicum
2900 2558 3041 2612 dicit
3057 2557 3512 2613 inenarrabilem
3529 2575 3776 2632 essege-

2115 2648 2476 2704 nerationcm
2508 2649 2658 2719 ejus,
2690 2656 2910 2704 asserat
2935 2663 3069 2702 eum
3101 2647 3172 2702 de
3196 2647 3383 2704 Patris
3407 2664 3538 2704 esse
3561 2653 3776 2706 natum

2115 2737 2467 2792 substantia.

2188 2826 2856 2896 ResponsioAssertionis
2875 2827 3138 2881 defectus
3166 2826 3781 2900 agnoscitur,quando

2116 2919 2251 2988 quis
2284 2917 2365 2971 ita
2388 2916 2518 2971 fidei
2545 2917 2787 2971 alterius
2819 2917 3120 2971 destruere
3151 2915 3356 2970 nititur
3391 2917 3683 2986 regulam,
3720 2927 3786 2975 ut

2116 3005 2479 3060 credulitatis
2520 3023 2636 3060 suae
2671 3006 2897 3060 ﬁrmam
2932 3004 3078 3058 nolit
3109 3007 3365 3076 proferre
3394 3007 3782 3062 sententiam.

2116 3094 2235 3150 Nos
2268 3093 2482 3150 idcirco
2518 3095 2728 3150 Filium
2759 3095 2852 3149 Dei
2875 3095 2946 3150 de
2973 3095 3161 3150 Patris
3184 3095 3521 3150 substantia
3544 3102 3780 3165 natum,

2118 3182 2226 3238 hoc
2257 3187 2366 3252 est,
2400 3184 2468 3238 de
2501 3199 2566 3237 eo
2600 3184 2755 3254 quod
2780 3186 2949 3237 Pater
2968 3188 3077 3248 est,
3099 3183 3394 3238 credimus
3416 3187 3476 3237 et
3497 3183 3778 3240 fatemur.

2118 3272 2401 3337 Quoniam
2429 3272 2716 3344 quidquid
2743 3273 3074 3328 substantia
3098 3272 3195 3328 Dei
3218 3289 3333 3328 non
3357 3277 3466 3339 est,
3494 3289 3614 3329 non
3644 3290 3782 3345 pos-

2119 3378 2325 3418 sumus
2359 3367 2421 3416 ut
2451 3363 2633 3417 Deum
2655 3360 2742 3416 vel
2768 3362 3032 3427 adorare,
3055 3362 3142 3418 vel
3169 3361 3379 3428 colere,
3407 3369 3776 3434 praeceptum

2117 3451 2264 3522 legis
2277 3451 2586 3506 sollicitius
2608 3452 2986 3506 observantes
3000 3468 3116 3523 quo
3137 3451 3380 3506 dicitur:
3399 3451 3780 3524 AudiJsrael,

2116 3542 2378 3596 Dominus
2399 3542 2542 3596 Deus
2575 3545 2701 3595 tuus
2728 3541 2995 3596 Dominus
3028 3557 3168 3595 unus
3203 3549 3301 3596 est.
3357 3541 3439 3604 Et,
3476 3541 3785 3598 Dominum

2122 3634 2300 3684 Deum
2325 3640 2481 3685 tuam
2505 3629 2841 3695 adorabis,et
2855 3630 2946 3685 illi
2965 3631 3068 3686 soli
3081 3636 3281 3686 servies
3303 3631 3483 3696 (Deut.
3509 3632 3784 3705 νι,4,13).

2118 3717 2300 3782 Quem
2331 3725 2538 3785 Deum,
2575 3734 2689 3773 non
2722 3722 2951 3773 Patrem
2985 3717 3174 3774 solum
3203 3716 3524 3783 credimus,
3550 3720 3654 3774 sed
3681 3719 3785 3774 Pa-

2118 3811 2292 3872 trem,
2325 3813 2382 3864 et
2413 3809 2652 3877 Filium,
2689 3813 2745 3864 et
2775 3808 3059 3880 Spiritum
3092 3814 3388 3862 sanctum.
3422 3807 3598 3864 Fides
3627 3809 3786 3864 enim

2119 3902 2341 3964 nostra,
2379 3915 2495 3970 qua
2527 3915 2710 3954 unum
2745 3899 2927 3953 Deum
2962 3897 3240 3963 colimus,
3262 3903 3320 3952 et
3343 3897 3654 3966 timemus,
3678 3915 3786 3954 nec

2120 3989 2333 4044 unione
2359 3989 2650 4061 personali
2667 3990 3166 4058 contrahitur,nec
3191 3989 3571 4044 substantiali
3593 3991 3783 4046 diver-

2117 4079 2289 4134 sitate
2304 4079 2690 4150 disjungitur:
2713 4096 2780 4134 ne
2796 4085 2896 4135 aut
2923 4081 3059 4135 deos
3085 4078 3382 4150 gentiliter
3402 4078 3674 4135 colamus
3701 4080 3784 4135 di-

2115 4183 2314 4223 versas
2343 4169 2585 4224 colendo
2613 4169 2998 4236 substantias,
3033 4175 3133 4223 aut
3166 4168 3378 4223 Filium
3406 4174 3462 4222 et
3487 4167 3779 4238 Spiritum

2117 4277 2250 4316 cum
2269 4261 2520 4316 Sabellio
2545 4261 2924 4330 denegamus,
2944 4278 3061 4316 non
3086 4267 3390 4316 servantes
3414 4259 3473 4314 in
3489 4261 3782 4318 Trinitate

2119 4365 2419 4420 personas.
2455 4349 2642 4420 Hujus
2673 4350 2807 4404 fidei
2840 4354 3056 4405 rectam
3089 4349 3523 4419 credulitatem,
3547 4367 3671 4407 non
3694 4367 3784 4406 so-

358 4440 756 4496 Deiterminos
773 4445 937 4496 terra;
957 4441 1344 4512 possidendos
1361 4447 1742 4512 peteret,cum
1764 4458 2007 4512 regnum
2041 4429 2086 4493 D
2117 4439 2237 4495 lum
2277 4439 2635 4512 prophetica,
2670 4441 2768 4495 sed
2803 4444 2861 4495 et
2883 4441 3202 4511 apostolica
3228 4440 3396 4495 nobis
3423 4440 3700 4497 insinuat
3721 4442 3778 4498 in

353 4529 648 4597 calorum,
683 4529 833 4599 quod
857 4531 1049 4599 majus
1071 4534 1176 4598 est,
1213 4531 1334 4586 suis
1351 4532 1622 4587 fidelibus
1639 4536 2010 4604 promittatet

353 4617 580 4672 donet?
617 4616 714 4671 Ille
739 4633 875 4688 ergo
894 4619 993 4688 qui
1014 4635 1365 4688 permanens
1385 4621 1443 4676 in
1472 4623 1660 4677 forma
1681 4621 1782 4677 Dei
1809 4638 1911 4692 pro
1925 4638 2010 4678 sa-

351 4705 472 4760 lute
495 4721 796 4760 servorum
813 4707 1002 4760 factus
1021 4711 1110 4761 est
1126 4723 1350 4774 servus,
1377 4710 1702 4765 secundum
1733 4711 2003 4767 servilem

352 4794 626 4858 formam,
663 4796 727 4846 ut
744 4793 1032 4864 acciperet
1046 4800 1250 4865 gentes
1273 4795 1669 4854 hereditatem
1692 4802 1751 4853 et
1773 4816 2005 4870 posses-

351 4881 592 4951 sionem,
627 4885 794 4937 terraa
819 4882 1100 4938 terminos
1120 4883 1562 4958 postulavit,qui
1579 4889 1904 4944 secundum
1922 4890 2004 4945 di-

347 4973 543 5028 vinam
570 4978 838 5029 naturam
858 4971 1014 5029 sicut
1033 4974 1324 5041 universa,
1345 4991 1471 5046 quae
1496 4977 1551 5031 in
1576 4978 1618 5034 ὃ
1634 4978 1672 5032 7
1700 4978 1841 5034 cmlo
1867 4987 2005 5036 sunt

350 5066 407 5119 et
436 5063 495 5119 in
527 5068 707 5128 terra,
735 5060 992 5118 visibilis
1022 5066 1078 5118 et
1111 5063 1425 5120 invisibilia
1456 5081 1590 5120 cum
1637 5071 1803 5122 Patre
1848 5068 2001 5139 fecit,

347 5153 429 5207 ita
449 5169 583 5208 cum
609 5153 776 5209 Patre
797 5169 1030 5224 semper
1049 5152 1319 5209 universa
1344 5155 1620 5224 possedit.
1641 5154 1800 5211 Hanc
1826 5173 2000 5227 gene-

348 5241 630 5296 rationem
651 5260 825 5312 quam
849 5241 1116 5314 psalmus
1135 5243 1430 5298 secundus
1455 5244 1791 5300 insinuatad
1813 5245 2002 5302 Incar—

347 5329 602 5385 nationis
634 5332 976 5402 mysterium
1009 5333 1474 5404 pertinere,liber
1493 5335 1742 5389 Actuum
1767 5341 1997 5404 aposto-

347 5415 562 5481 lorum,
595 5417 773 5474 Paulo
804 5419 861 5474 in
887 5438 1184 5495 synagoga
1206 5420 1502 5494 loquente,
1522 5427 1804 5490 testatur;
1825 5425 1996 5496 cujus

345 5522 454 5560 vox
485 5507 554 5561 ad
577 5506 812 5565 Judaeos
848 5510 1254 5581 hujuscemodi
1288 5511 1614 5585 reperitur:
1646 5514 1708 5569 Et
1728 5529 1828 5570 nos
1845 5516 1996 5572 vobis

347 5597 748 5656 annuutiamus
773 5613 898 5656 eam
923 5616 1045 5670 quae
1074 5601 1145 5656 ad
1182 5607 1362 5674 patres
1385 5611 1592 5661 nostros
1642 5607 1991 5676 repromissio

2117 4529 2355 4584 veritate
2387 4529 2670 4584 doctrina.
2707 4534 2846 4583 Nam
2879 4529 3038 4585 Isaiae
3070 4531 3167 4600 (at.
3223 4529 3450 4600 Isaias),
3485 4546 3625 4585 cum
3682 4531 3780 4588 Dei

2116 4619 2337 4676 visione
2352 4619 2565 4688 dignus
2580 4617 3035 4688 eﬂicitur,hujus
3053 4620 3182 4674 lidei
3201 4617 3778 4677 credulitasintima-

2115 4711 2235 4778 tur,
2269 4710 2502 4764 duobus
2535 4708 2810 4778 seraphin
2852 4709 3027 4763 tertio
3077 4707 3478 4764 clamantibus
3523 4708 3779 4766 :Sanctus

2112 4802 2358 4865 sanctus,
2391 4801 2612 4852 sanctus
2644 4799 2788 4867 (lsai.
2823 4815 2899 4866 v1,
2933 4797 3019 4868 3);
3053 4801 3110 4852 et
3140 4797 3318 4853 semel
3355 4795 3776 4856 inferentibus:

2116 4889 2376 4943 Dominus
2406 4888 2544 4942 Deus
2577 4887 2831 4942 Sabaoth.
2865 4887 3011 4952 Quid
3047 4892 3136 4941 est
3160 4885 3314 4956 quod
3340 4885 3514 4941 tertio
3537 4887 3780 4946 Sanctus

2114 4979 2420 5046 dicitur,si
2451 4994 2564 5032 non
2596 4977 2750 5032 trina
2780 4983 2869 5032 est
2901 4977 2958 5032 in
2996 4975 3304 5032 Divinitate
3339 4977 3640 5046 persona?
3661 4980 3780 5035 Cur

2113 5067 2290 5125 semel
2315 5070 2577 5124 Dominus
2603 5070 2738 5124 Deus
2772 5068 3007 5137 dicitur,
3042 5066 3090 5122 si
3123 5083 3236 5121 non
3264 5083 3380 5121 una
3405 5072 3496 5121 est
3519 5065 3577 5121 in
3614 5068 3777 5124 Divi-

2113 5159 2292 5214 nitate
2315 5158 2650 5214 substantia
2671 5158 2698 5213 ?
2722 5158 3010 5213 Dominus
3035 5171 3268 5228 quoque
3294 5172 3394 5225 per
3418 5157 3663 5229 Moysen
3689 5176 3782 5215 vo-

2112 5249 2238 5304 lens
2263 5248 2605 5303 benedicere
2629 5246 3049 5319 populum,hoc
3075 5246 3546 5302 benedicendum
3571 5252 3780 5306 tenore

2111 5338 2439 5394 mandavit:
2475 5336 2564 5392 Sic
2592 5336 2912 5408 (inquiens)
2943 5336 3227 5391 benedices
3257 5333 3532 5404 populum
3565 5354 3776 5406 nicum,

2102 5433 2159 5483 et
2192 5443 2286 5498 ego
2320 5425 2636 5482 benedicam
2665 5425 3071 5492 eos,Benedicat
3102 5433 3152 5479 te
3181 5423 3472 5491 Dominus,
3503 5429 3556 5481 et
3587 5439 3776 5484 custo-

2103 5516 2220 5572 diat
2250 5527 2327 5583 te;
2356 5516 2635 5571 illuminet
2657 5515 2757 5573 58
2781 5517 3053 5571 Dominus
3081 5515 3285 5584 [aciem
3313 5529 3479 5567 suam
3503 5529 3676 5585 super
3699 5520 3774 5583 te,

2101 5614 2151 5662 et
2176 5606 2503 5663 misereatur
2530 5605 2878 5665 (ui.Attollat
2898 5605 3158 5662 Dominus
3185 5604 3388 5675 faciem
3409 5619 3573 5660 suam
3601 5620 3771 5678 super
