3886 6326
143 308 221 372 113
1186 289 1622 354 RESPONSIO
1664 285 1985 347 CONTRA
2029 284 2391 347 ABIANOS.

139 447 247 512 te,el
269 439 350 496 del
379 437 486 494 tibi
515 449 722 508 pacem
755 434 953 506 (Num.
985 447 1063 498 v1,
1099 430 1311 499 23-26).
1344 428 1456 482 Ter
1484 425 1756 482 Dominus
1787 423 1837 488 Α
1869 419 1978 512 Sed
2015 420 2258 476 forsitan
2285 422 2499 478 dicitur
2519 435 2586 477 ex
2609 421 2908 475 voluntate
2941 419 3131 474 Patris
3155 422 3357 474 natum
3385 434 3514 474 esse

141 533 321 598 dicitur,
350 532 405 583 et
432 542 596 583 unus
629 540 875 596 semper
895 520 1178 576 Dominus
1203 518 1566 584 nominatur,
1598 518 1662 569 ut
1692 513 1752 567 in

139 623 382 688 Trinitate,
399 633 534 691 quae
555 632 740 670 verus
763 620 854 668 est
876 611 1051 675 Deus,
1080 626 1186 665 nec
1209 607 1752 676 conlundaturpro-

135 715 307 785 prietes
321 719 853 780 personarum,nec
867 697 1278 757 substantialis
1294 697 1489 752 unitas
1503 696 1752 761 denege-

133 783 219 858 tur.
251 799 415 855 David
441 811 685 869 quoque
709 793 828 848 Deo
858 808 958 862 per
979 788 1177 845 omnia
1201 787 1469 860 placitus,
1502 784 1612 839 sub
1640 783 1748 836 hac

124 890 430 948 credulitate
481 883 705 958 populo
740 881 894 936 fideli
928 880 1131 934 divinis
1165 874 1588 931 benedictionis
1612 888 1748 943 gra—

119 985 237 1037 tiam
265 981 356 1034 his
374 977 576 1032 verbis
597 977 841 1044 exoptat
862 969 1092 1024 infundi
1121 965 1448 1022 :Benrdical
1471 979 1566 1017 nos
1584 963 1744 1029 Deus,

115 1077 233 1128 Deus
261 1078 465 1134 uoster,
500 1063 788 1120 benedicat
813 1076 908 1114 nos
938 1060 1096 1122 Deus,
1121 1060 1176 1110 et
1197 1063 1448 1110 metuant
1467 1069 1593 1108 eum
1624 1067 1743 1106 om-

109 1177 184 1215 nes
203 1162 334 1230 ﬁnes
360 1162 535 1212 terra
565 1153 745 1222 (Psal.
784 1165 926 1215 um,
960 1149 1036 1218 8).
1073 1146 1171 1200 Cui
1207 1143 1511 1199 sententiae
1539 1143 1742 1197 beatus

104 1248 399 1305 concordat
420 1243 765 1312 Apostolus,
782 1239 880 1312 qui
898 1253 1030 1292 cum
1051 1235 1306 1306 quodam
1323 1231 1447 1287 loco
1464 1231 1738 1286 dixisset:

108 1345 243 1397 Unus
272 1338 414 1392 Deus
457 1336 645 1398 Pater,
678 1347 749 1385 ex
777 1343 882 1401 quo
909 1326 1119 1390 omnia,
1152 1327 1204 1378 et
1250 1337 1360 1376 non
1392 1338 1452 1374 in
1500 1321 1653 1388 ipso:
1690 1326 1740 1372 et

99 1446 220 1483 unus
242 1428 514 1481 Dominus
545 1423 701 1478 Jesus
723 1417 991 1484 Christus,
1013 1429 1118 1484 per
1148 1428 1303 1482 quem
1322 1410 1534 1475 omnia,
1567 1417 1620 1463 et
1642 1422 1738 1462 nos

93 1535 182 1589 per
210 1519 391 1588 ipsum
424 1515 475 1584 (1
504 1511 627 1567 Cor.
660 1524 778 1571 vni,
812 1507 892 1576 6),
923 1505 992 1558 de
1025 1501 1245 1573 Spiritu
1271 1504 1471 1554 sancto
1503 1512 1736 1569 quoque

97 1586 298 1662 diceret
323 1622 336 1658 :
370 1603 559 1659 Nolite
587 1596 919 1656 contristare
948 1592 1218 1663 Spiritum
1239 1597 1492 1644 sanctum
1517 1586 1641 1653 Dei,
1674 1586 1735 1640 in

97 1713 189 1767 quo
214 1692 422 1762 signati
443 1689 577 1746 estis
603 1688 661 1742 in
687 1686 836 1740 diem
858 1682 1250 1749 redemptionis
1281 1680 1489 1748 (Ephes.
1520 1692 1596 1745 iv,
1620 1674 1731 1745 30).

96 1764 222 1839 Cum
244 1799 303 1838 se
325 1781 550 1836 dixisse
569 1774 938 1832 meminisset
953 1789 1020 1825 ex
1043 1776 1206 1824 Patre
1232 1769 1303 1838 (ο)
1321 1783 1420 1837 per
1442 1764 1651 1820 Filium
1672 1765 1729 1818 in
1762 1789 1809 1852 Β

99 1874 297 1945 Spiritu
317 1878 549 1932 sancto,
570 1873 634 1920 ut
661 1867 808 1920 hanc
825 1863 1163 1917 Trinitatem
1188 1873 1369 1912 unum
1396 1855 1578 1909 Deum
1602 1871 1731 1908 esse

111 1965 455 2025 monstraret,
488 1958 606 2013 alio
641 1957 766 2009 loco
799 1954 877 2007 ait
907 1968 919 2004 :
967 1950 1237 2018 Quoniam
1265 1963 1335 2000 ea:
1383 1949 1518 2015 ipso,
1552 1953 1602 1998 et
1631 1961 1732 2015 per

108 2055 277 2121 trium,
299 2059 352 2105 et
377 2052 434 2103 in
462 2050 581 2118 ipso
608 2054 738 2099 sunt
759 2042 966 2096 omnia.
992 2039 1056 2093 Et
1081 2037 1230 2107 quod
1255 2032 1732 2104 singulariterin-

108 2144 245 2198 tulit:
277 2141 594 2212 ipsigloria
625 2138 687 2190 in
710 2134 912 2189 saecula
941 2130 1272 2186 swculorum
1295 2128 1468 2198 (Rom.
1504 2141 1584 2192 x1,
1615 2124 1725 2193 36).

106 2232 500 2289 Exsubstantia
517 2227 708 2282 Patris
724 2229 927 2278 natum
945 2217 1384 2284 Filium,etlides
1398 2215 1728 2270 Christiana

98 2333 233 2379 recte
262 2323 560 2395 praedicat,
595 2325 654 2373 et
686 2323 889 2371 sancta
934 2311 1237 2381 Scriptura
1281 2307 1724 2362 commemorat.

98 2415 288 2470 Paulus
308 2413 617 2484 apostolus
631 2409 704 2462 de
728 2404 868 2460 Filio
888 2403 982 2458 Dei
1001 2400 1409 2466 dicit.Quicum
1430 2398 1521 2464 sit,
1543 2399 1726 2467 εἰρέθη-

104 2509 180 2560 dor
201 2506 410 2576 gloria,
444 2507 497 2558 el
527 2501 714 2569 ﬁgura
733 2497 1055 2551 substantiat
1082 2497 1200 2562 ejus
1217 2489 1395 2560 (Hebr.
1434 2503 1473 2552 ι,
1506 2486 1582 2554 3).
1618 2489 1724 2540 Do-

107 2597 272 2649 minus
285 2595 478 2648 denuo
498 2590 646 2644 dicit
670 2587 738 2641 ad
756 2585 1067 2640 Jeremiam
1101 2581 1301 2650 :Super
1318 2577 1728 2644 montesaccipe

103 2684 510 2754 planctum,(b)el
523 2679 769 2733 homines
781 2690 889 2729 non
903 2672 1203 2727 audierunt
1219 2685 1394 2723 vocem
1411 2666 1729 2719 substantiae

102 2789 228 2833 mar.
255 2791 288 2826 a
304 2770 632 2827 volatilibus
654 2764 958 2834 cceliusque
977 2760 1047 2814 ad
1065 2775 1257 2830 pecora
1273 2758 1492 2827 (Jerem.
1523 2754 1722 2822 1x,1U).

104 2862 282 2916 ﬁlium
299 2867 492 2915 autem
508 2857 840 2911 Patrisesse
856 2845 1566 2914 substantiam.Sapientize
1582 2843 1728 2896 liber

101 2955 368 3008 evidenter
393 2949 678 3012 ostendit,
702 2947 904 3000 dicens
931 2961 944 2998 :
972 2943 1109 2996 Esca
1138 2939 1464 3007 angelorum
1496 2933 1728 2989 nutristi

99 3043 330 3111 populum
355 3045 534 3105 tuum,
555 3037 944 3107 praeparatum
967 3045 1164 3100 panem
1186 3029 1250 3080 de
1262 3025 1397 3082 caelo
1415 3021 1728 3091 praestitisti

97 3137 177 3196 eis,
202 3131 320 3185 sine
347 3129 556 3193 labore,
593 3140 754 3180 omne
782 3122 1232 3177 detectamentum
1261 3115 1320 3170 in
1341 3132 1398 3170 se
1415 3115 1723 3178 haben/em,

95 3231 135 3274 et
159 3237 363 3274 omnem
381 3216 680 3273 suavitatis
703 3226 951 3276 saporem
977 3226 996 3262 :
1017 3208 1382 3263 substantiam
1401 3205 1547 3258 enim
1577 3211 1730 3257 tuam

96 3314 135 3364 et
160 3310 497 3364 dulcedinem
528 3316 703 3368 tuam,
729 3317 894 3372 quam
927 3299 986 3353 in
1016 3299 1160 3368 ﬁlios
1191 3295 1374 3361 habes,
1408 3293 1729 3348 ostendebas

92 3400 222 3468 (Sep.
244 3417 359 3464 xw,
382 3397 604 3466 20,21).
633 3394 845 3448 Panem
872 3391 942 3444 de
958 3387 1099 3442 cmlo
1115 3388 1314 3440 datum
1335 3382 1726 3439 substantiam

94 3497 140 3545 et
184 3489 550 3544 dulcedinem
584 3483 684 3539 Dei
717 3497 846 3536 esse
874 3479 1170 3550 Scriptura
1193 3481 1474 3530 testatur:
1521 3489 1726 3542 panem

91 3581 288 3633 verode
301 3583 444 3633 creto
461 3577 668 3629 datum
693 3571 897 3625 Filium
916 3568 1012 3622 Dei
1038 3564 1380 3636 esse,ipsius
1398 3563 1520 3616 Filii
1540 3561 1728 3616 verbis

90 3671 416 3730 ostenditur,
453 3665 556 3737 qui
588 3665 670 3718 ait
705 3679 718 3715 :
750 3662 996 3728 Egosum
1013 3655 1178 3728 panis
1198 3657 1374 3717 vivus,
1397 3653 1494 3724 qui
1515 3651 1580 3706 de
1600 3653 1728 3705 caelo

88 3759 318 3815 descendi
351 3759 531 3828 (Joan.
562 3771 639 3819 γι,
689 3751 767 3821 4).
826 3754 903 3803 De
954 3763 1070 3818 quo
1123 3743 1301 3799 David
1355 3742 1471 3796 ait:
1524 3743 1727 3795 Panem

88 3851 394 3920 angelorum
426 3839 786 3900 manducavit
819 3839 976 3892 homo
1007 3834 1176 3906 (Psal.
1215 3848 1418 3896 Lxxvn,
1448 3831 1561 3902 25).
1588 3830 1728 3884 Ecce

85 3937 491 3992 desubstantia
513 3933 704 3988 Patris
725 3925 1021 3984 exstitisse
1044 3923 1275 3985 Filium,
1302 3937 1412 3974 non
1429 3920 1622 3974 solum
1646 3935 1731 3971 ra-

84 4027 332 4082 tionabili
345 4032 428 4081 ter
439 4024 959 4084 credimus,verum
970 4016 1144 4071 etiam
1159 4009 1514 4067 testimoniis
1527 4023 1733 4079 appro-

80 4109 866 4186 bamus,Scripturadicente
892 4102 1239 4176 :Quldiligit
1255 4095 1726 4170 genitorem,dili-

84 4205 154 4270 git
182 4222 308 4258 rum
337 4203 440 4276 qui
470 4209 642 4256 natus
661 4202 740 4254 est
771 4213 840 4252 ex
870 4212 930 4252 eo
958 4197 1008 4266 (Ι
1037 4195 1194 4249 Joan.
1239 4207 1292 4260 v,
1329 4191 1412 4260 1);
1448 4186 1724 4258 quoniam

101 4293 218 4347 ﬁdes
251 4275 382 4348 vera
405 4292 560 4361 quod
586 4289 793 4354 credit,
827 4303 938 4341 non
975 4283 1178 4342 nescit.
1212 4277 1438 4334 etiamsi
1466 4275 1724 4331 nondum

100 4390 264 4450 potest
297 4383 488 4438 videre
521 4378 676 4451 quod
703 4382 901 4448 sperat
929 4380 988 4428 et
1019 4372 1219 4427 credit.
1256 4369 1322 4424 Hi
1349 4383 1480 4422 vero
1512 4366 1610 4437 qui
1640 4363 1724 4418 Fi-

99 4469 216 4526 lium
253 4474 326 4528 de
359 4471 552 4526 Patris
582 4465 915 4523 substantia
949 4469 1148 4517 natum
1170 4461 1480 4528 denegant,
1513 4455 1726 4509 debent

99 4565 275 4634 utique
292 4565 508 4629 dicere,
527 4559 681 4614 unde
694 4558 1054 4611 arbitrentur
1071 4554 1162 4607 Dei
1179 4550 1388 4606 Filium
1406 4545 1658 4601 exstitiss

99 4631 270 4708 utrum
303 4655 374 4708 de
395 4652 599 4716 nihilo,
635 4664 707 4702 an
736 4662 804 4701 ex
825 4644 1024 4715 aliquo
1045 4642 1072 4697 ?
1092 4641 1148 4695 Si
1181 4641 1250 4693 de
1274 4636 1457 4692 nihilo
1478 4631 1722 4696 exstitit,

97 4753 340 4797 creatura
361 4741 652 4796 dicendus
673 4743 782 4797 est,
810 4751 924 4788 non
957 4736 1202 4788 creator.
1225 4727 1282 4781 Si
1307 4733 1500 4781 autem
1529 4724 1599 4778 de
1623 4723 1721 4776 ali-

98 4846 189 4898 ttuo
217 4833 468 4898 dicatur,
502 4828 588 4882 sic
620 4825 798 4881 etiam
830 4823 886 4876 id
941 4822 1134 4889 ipsum
1172 4818 1322 4872 Deus
1361 4815 1514 4881 fecit,
1567 4813 1724 4867 unde

99 4918 288 4975 Filium
321 4918 545 4992 genuit.
582 4919 666 4972 An
703 4914 846 4969 forte
878 4916 1226 4966 coaeternum
1254 4906 1470 4961 dicitur
1499 4901 1722 4972 aliquid

95 5007 352 5065 habuisse
388 5009 545 5063 unde
579 5009 778 5077 posset
799 5001 1008 5056 Filium
1041 5011 1320 5071 generare
1341 4995 1368 5049 ‘l
1400 4994 1460 5050 Si
1490 4997 1726 5048 coaeter-

93 5113 216 5154 num
241 5100 459 5172 aliquid
478 5096 809 5150 aestimatur
830 5087 1230 5158 undegenitus
1247 5083 1426 5137 Filius
1446 5083 1724 5145 creditur,

87 5193 479 5247 Haichaorum
496 5201 662 5241 error
675 5184 782 5237 hac
806 5177 1422 5235 assertionelirmatur.
1446 5173 1503 5228 Si
1529 5180 1722 5227 autem

89 5298 190 5336 non
215 5282 322 5336 fuit
344 5277 567 5347 aliquid
592 5272 747 5328 unde
765 5266 1362 5341 generareturFilius,
1385 5280 1488 5318 nec
1505 5268 1722 5315 tamem

87 5372 148 5427 de
169 5372 504 5426 substantia
536 5365 728 5420 Patris
751 5359 968 5414 dicitur
990 5363 1182 5421 natus,
1210 5355 1319 5408 hoc
1346 5358 1637 5423 superest,
1664 5354 1728 5404 ut

85 5461 370 5516 evidenter
400 5474 470 5512 ex
498 5452 688 5510 nihilo
738 5449 836 5506 Dei
869 5447 1076 5502 Filium
1112 5443 1406 5499 exstitisse
1440 5443 1728 5496 fateantur

87 5553 254 5620 quieo
268 5548 394 5604 min
411 5544 723 5602 divinitate
733 5540 1004 5594 minorem
1018 5535 1332 5607 praedicare
1345 5530 1590 5587 contend
1602 5547 1632 5583 u
1644 5545 1674 5582 n
1686 5533 1724 5582 ι.

175 5687 227 5759 a)
261 5685 441 5738 Abest
472 5694 575 5750 per
608 5693 650 5759 a
673 5690 785 5759 ms.
820 5670 984 5759 Corb.

170 5739 290 5832 δίει
300 5739 601 5829 ευριπ-’κω
610 5751 718 5804 itas
739 5745 935 5802 deserti
948 5743 1174 5812 luctum,
1190 5740 1322 5813 quia
1334 5739 1647 5810 delecerunt
1662 5750 1731 5791 ex

1867 507 2116 565 Filium:
2148 511 2380 566 dicatur
2399 527 2536 583 ergo
2569 517 2764 565 utrum
2791 526 2859 564 ex
2891 524 2950 564 se
2968 525 3039 563 an
3069 509 3308 563 aliunde
3339 507 3512 562 Pater

1861 598 2068 653 Filium
2089 601 2344 670 genuit?
2367 603 2422 656 Si
2449 601 2605 655 enim
2629 617 2698 655 ex
2723 616 2785 654 se
2806 598 2934 670 ipso
2949 599 3169 668 genuit,
3189 614 3299 651 non
3321 598 3510 668 potuit

1855 688 2126 742 voluntas
2149 690 2249 746 59
2269 691 2707 762 generationem
2735 690 3074 759 praecedere,
3091 687 3223 757 quia
3241 688 3402 741 nefas
3421 691 3510 742 est

1856 779 2095 834 credere
2120 779 2178 833 in
2213 780 2396 835 Deum
2432 779 2652 851 aliquid
2689 779 2841 849 quod
2873 795 2984 831 non
3017 794 3248 847 semper
3273 777 3508 830 fuitno-

1852 866 1998 922 viter
2018 869 2317 924 accidisse.
2345 869 2510 925 Unde
2533 869 2905 939 cognoscitur
2927 868 3202 938 quoniam
3225 872 3500 920 Ueusom-

1853 972 1984 1010 nem
2011 959 2248 1027 quidem
2265 965 2594 1014 creaturam
2618 959 2689 1013 de
2713 957 2896 1012 nihilo
2919 957 3180 1011 condidit
3204 957 3502 1010 voluntate

1852 1061 1979 1112 sua,
2000 1045 2206 1100 Filium
2225 1063 2358 1101 vero
2379 1048 2710 1102 substantia
2731 1046 2932 1117 genuit
2955 1045 3038 1099 vel
3059 1052 3284 1100 natura.
3311 1045 3367 1099 Si
3395 1061 3499 1098 au-

1850 1138 1968 1188 tem
2003 1134 2237 1190 aliunde
2261 1135 2441 1190 Filius
2459 1136 2674 1191 dicitur
2705 1140 3020 1198 natus,aut
3069 1151 3136 1188 ex
3161 1132 3342 1188 nihilo
3368 1134 3495 1204 ejus

1848 1223 2008 1293 origo
2039 1224 2346 1291 asseritur,
2379 1230 2479 1280 aut
2513 1223 2981 1296 (sicutsuperius
3013 1223 3234 1276 dictum
3269 1227 3376 1286 est)
3399 1239 3490 1276 ex-

1847 1322 2008 1384 cepto
2038 1314 2174 1379 Deo,
2209 1330 2444 1385 semper
2474 1315 2698 1385 aliquid
2751 1314 2932 1368 fuisse
2977 1319 3180 1367 contra
3223 1312 3485 1382 regulam

1845 1420 1991 1459 vera
2040 1403 2174 1457 fidei
2231 1405 2599 1475 praedicatur.
2651 1403 2862 1457 Beatus
2909 1402 3124 1473 quippe
3172 1403 3487 1472 Apostolus

1845 1493 2035 1548 sciens
2059 1491 2268 1547 Filium
2303 1509 2371 1547 ex
2402 1492 2592 1546 Patris
2615 1490 2867 1546 essentia
2889 1506 3087 1544 verum
3123 1489 3302 1544 Deum
3329 1491 3485 1560 geni-

1842 1584 1992 1647 tum,
2026 1586 2083 1636 et
2114 1580 2185 1636 ob
2218 1580 2326 1635 hoc
2358 1597 2491 1636 cum
2521 1581 2684 1635 Patre
2718 1596 2898 1634 unum
2927 1578 3235 1632 Dominum
3270 1579 3476 1646 Deum,

1843 1684 1948 1724 nec
1978 1669 2290 1725 immemor
2320 1671 2592 1740 praecepti
2625 1669 2924 1736 dominici,
2959 1684 3074 1739 quo
3108 1667 3485 1737 prohibemur

1841 1759 2075 1813 duobus
2118 1759 2372 1813 dominis
2404 1758 2714 1824 deservire,
2767 1757 3007 1812 Domino
3057 1757 3283 1811 Christo
3332 1758 3485 1812 sicut

1841 1864 1972 1902 vero
1998 1847 2110 1902 Deo
2135 1848 2403 1917 pracepit
2423 1849 2817 1914 serviendum,
2841 1863 3011 1916 quem
3029 1845 3328 1915 aequaliter
3350 1864 3484 1900 cum

1842 1936 2258 1992 Patrcsnoverat
2277 1936 2702 2002 honorandum,
2719 1937 2846 2005 ipso
2861 1935 3124 2006 -Domino
3139 1935 3364 1988 dicente
3391 1953 3403 1987 :
3426 1937 3487 1992 Ut

1839 2041 2025 2081 omnes
2056 2025 2418 2093 honorificent
2451 2024 2675 2086 Filium,
2701 2029 2844 2078 sicut
2872 2021 3240 2090 honoriﬁcam
3270 2024 3488 2078 Patrem

1839 2116 2016 2185 (Joan.
2044 2131 2099 2183 v,
2119 2115 2232 2184 23).
2254 2118 2434 2178 Quem
2457 2130 2656 2168 verum
2682 2113 2862 2167 Deum
2883 2111 3139 2166 Joannes
3163 2113 3484 2180 apostolus,

1839 2203 2038 2276 ipsoin
2065 2221 2125 2259 se
2148 2203 2696 2272 Dominoloquente,
2714 2201 3206 2256 testaturdirens:
3230 2201 3289 2256 Ut
3315 2201 3488 2255 simus

1843 2295 1902 2348 in
1933 2310 2057 2349 vero
2087 2293 2226 2350 Filio
2257 2294 2373 2361 eius
2401 2297 2534 2351 Jesu
2578 2291 2757 2346 Christ
2778 2317 2790 2337 ι
2818 2309 2839 2354 ;
2872 2291 2960 2344 hic
3007 2293 3086 2344 est
3132 2307 3289 2343 verus
3347 2291 3487 2345 Deus

1841 2385 1890 2438 et
1919 2386 2034 2438 vita
2061 2388 2272 2439 (eterna
2302 2384 2345 2450 (Ι
2383 2383 2532 2436 Ιοαη.
2577 2398 2629 2447 ν,
2664 2381 2773 2450 20).
2829 2379 3108 2445 Quocirca
3161 2395 3306 2432 verae
3352 2379 3481 2433 ﬁdei

1837 2473 2088 2527 tenenda
2110 2478 2197 2527 est
2221 2470 2441 2542 regula,
2467 2487 2583 2541 qua
2611 2469 2900 2525 DeiFilius
2919 2469 2988 2522 de
3016 2468 3482 2523 Patrissubslan-

1838 2561 1939 2628 tia,
1979 2562 2083 2616 hoc
2115 2566 2225 2628 est,
2260 2563 2329 2615 de
2360 2576 2426 2615 eo
2460 2560 2614 2631 quod
2652 2559 2774 2628 ipse
2805 2565 2910 2623 est,
2961 2557 3329 2610 inel'l‘abiliter
3359 2559 3484 2612 sine

1837 2650 2004 2704 initio
2032 2655 2209 2704 natus
2231 2650 2510 2717 creditur,
2535 2653 2591 2702 et
2613 2664 2785 2701 verus
2820 2647 2969 2700 Deus
2994 2662 3125 2699 cum
3155 2646 3318 2700 Patre
3343 2647 3484 2699 coli-

1835 2746 1952 2805 tur,
1989 2747 2045 2795 et
2077 2745 2307 2794 tenetur
2337 2739 2432 2808 (al.
2481 2738 2757 2807 timetur).
2811 2737 2956 2800 Quia
3001 2752 3105 2788 nec
3138 2736 3484 2789 Christianis

1838 2834 2060 2888 licitum
2095 2837 2205 2900 est,
2237 2831 2286 2884 ei
2322 2829 2420 2901 qui
2455 2835 2664 2882 natura
2696 2843 2808 2881 non
2843 2831 2933 2880 est
2967 2831 3136 2892 Deus,
3170 2832 3321 2880 sncut
3353 2842 3482 2880 vero

1838 2923 1952 2978 Deo
1975 2921 2228 2988 servire;
2259 2935 2361 2974 nec
2386 2919 2660 2989 cuiquam
2689 2918 2774 2971 fas
2797 2922 2908 2979 est,
2932 2914 3158 2969 Christo
3183 2916 3483 2984 unigenito

1841 3012 1935 3067 Dei
1968 3011 2132 3073 Filio,
2166 3026 2277 3063 non
2303 3007 2455 3063 sicut
2485 3023 2617 3062 vero
2643 3005 2754 3060 Deo
2786 3004 3002 3059 servire
3047 3003 3187 3057 Nam
3221 3021 3352 3058 cum
3384 3003 3484 3073 qui

1835 3102 2017 3157 servit
2046 3101 2298 3167 Christo,
2333 3097 2558 3168 placere
2591 3096 2705 3150 Deo
2735 3097 2938 3148 beatus
2972 3093 3210 3160 Paulus,
3243 3093 3343 3162 qui
3379 3093 3486 3147 diis

1840 3190 1945 3263 (al.
1981 3189 2112 3258 his),
2147 3190 2242 3260 qui
2267 3197 2470 3242 natura
2494 3202 2598 3241 non
2625 3195 2753 3240 sunt
2775 3183 2880 3244 dii,
2900 3183 3270 3236 serviendum
3298 3181 3484 3234 inter-

1838 3281 2082 3343 dixerat,
2113 3277 2554 3333 evidentissime
2601 3275 2956 3334 manifestat,
2993 3273 3226 3324 dicens:
3261 3272 3375 3324 Non
3408 3273 3485 3323 est

1841 3371 1938 3425 Dei
1959 3385 2186 3437 regnum
2206 3383 2355 3429 esca,
2388 3375 2438 3420 et
2461 3376 2651 3435 potus,
2681 3364 2773 3416 sed
2787 3363 3015 3431 justi/ia
3033 3365 3086 3412 et
3107 3376 3236 3427 pom,
3271 3368 3319 3412 et
3341 3375 3479 3425 gau-

1837 3458 1988 3513 dium
2010 3460 2066 3511 in
2093 3457 2302 3525 Spiritu
2322 3463 2526 3509 sancto.
2556 3453 2657 3520 Qui
2678 3454 2827 3505 enim
2854 3456 2905 3502 in
2941 3449 3042 3503 hoc
3061 3453 3220 3501 servit
3243 3448 3481 3513 Christo,

1837 3549 2016 3621 placet
2051 3551 2159 3601 Deo
2213 3546 2534 3615 (Rom.x1v,
2589 3543 2692 3612 l7).
2737 3541 3015 3604 Quocirca
3067 3544 3480 3603 cognoscentes

1837 3641 2133 3693 Christum
2159 3653 2356 3690 verum
2388 3636 2570 3690 Deum
2596 3648 2745 3699 esse,
2773 3650 2882 3685 non
2915 3631 3236 3683 audeamus
3255 3645 3386 3681 eum
3409 3631 3481 3682 ah

1838 3728 2170 3801 aequalitate
2191 3734 2442 3798 paternae
2468 3724 2810 3780 substantia:
2827 3737 3124 3791 separare:
3142 3736 3311 3771 wrus
3327 3719 3480 3772 enim

1838 3819 1993 3875 Deus
2013 3823 2103 3871 est
2120 3817 2218 3888 qui
2243 3819 2452 3869 natura
2468 3814 2620 3868 Deus
2643 3818 2731 3867 est
2756 3831 2768 3879 ;
2792 3817 2992 3865 natura
3009 3817 3201 3864 autem
3228 3809 3378 3862 Deus
3397 3817 3484 3862 est

1838 3908 1934 3977 qui
1965 3907 2241 3961 deitatem
2274 3920 2341 3959 ex
2376 3903 2694 3958 aeternitate
2726 3919 2868 3956 verre
2902 3899 3221 3954 nativitatis
3257 3898 3480 3960 habuit,

1839 4013 1951 4052 non
1969 3993 2646 4067 ex(c)gratiadonationis
2666 3991 2940 4061 possedit.
2960 3990 3118 4052 Quod
3136 3989 3286 4042 enim
3301 3986 3487 4040 nasci-

1837 4087 2290 4151 tur,connexum
2307 4088 2620 4152 cstgenere
2643 4079 2829 4148 ;quod
2853 4093 2985 4131 vero
3007 4077 3339 4146 adoptatur,
3359 4073 3484 4128 sola

1838 4172 2179 4246 provehitur
2214 4171 2498 4240 largitate.

1909 4261 2143 4332 Objectio
2171 4262 2226 4313 5.
2262 4256 2734 4312 Perturbationes
2758 4253 3060 4316 mentium,
3087 4269 3211 4322 quae
3231 4252 3356 4304 sine
3389 4267 3484 4303 ra-

1837 4351 1993 4405 tione
2024 4350 2323 4410 dicuntur,
2356 4363 2488 4400 cum
2520 4347 2829 4398 hortantur
2852 4341 3090 4401 adverti,
3119 4343 3332 4392 veritas
3366 4355 3480 4392 non

1837 4439 2071 4493 videtur
2102 4437 2173 4490 ab
2203 4436 2288 4490 eis
2315 4431 2754 4503 comprehendi,
2801 4445 2906 4482 nec
2943 4427 3236 4492 proﬁteri;
3270 4427 3342 4479 ob
3376 4429 3480 4480 hoc

1663 4559 1720 4597 e;
1763 4518 1804 4581 Ι)
1839 4529 1988 4599 quod
2024 4526 2348 4581 absurdum
2405 4527 2481 4576 sit
2511 4521 2701 4574 dicere
2750 4518 2834 4572 vel
2886 4518 3117 4571 credere
3170 4520 3390 4569 Patrem
3426 4522 3482 4571 et

1837 4619 2046 4674 Filium
2062 4615 2354 4687 ingenitos
2369 4629 2515 4666 esse.
2533 4609 2640 4676 Qui
2656 4608 2766 4663 sibi
2784 4607 2988 4662 suadet
3004 4609 3110 4660 ista
3132 4607 3478 4675 excogitare,

1834 4709 1959 4779 ipse
1989 4723 2050 4761 se
2073 4702 2413 4759 vultl’raude
2435 4700 2721 4768 decipere,
2747 4715 2873 4770 quae
2907 4697 3141 4766 quidem
3169 4697 3343 4768 exigit
3363 4696 3480 4752 illis

1834 4798 1942 4853 hoc
1961 4797 2072 4850 dici
2099 4794 2198 4864 qui
2218 4793 2442 4848 Patrem
2467 4796 2522 4844 et
2546 4789 2750 4844 Filium
2770 4789 3304 4854 mqualesasserunt
3329 4805 3478 4842 esse.

1906 4883 2214 4957 Responsio.
2236 4883 2658 4951 Perturbantqu
2671 4880 2818 4934 idem
2837 4885 3083 4941 mentes,
3104 4885 3202 4932 aut
3216 4879 3476 4948 ignavas,

1835 4976 2191 5040 autinscias,
2214 4971 2858 5045 quivoluerintPatrem
2881 4974 2934 5022 et
2955 4967 3162 5022 Filium
3185 4967 3476 5037 ingenitus

1835 5065 2156 5130 dicere;sed
2175 5080 2286 5118 non
2304 5063 2408 5116 hoc
2426 5059 2757 5129 faciuntqui
2773 5062 3210 5127 cognoscuntur
3226 5056 3478 5122 mquales

1834 5160 2063 5211 Patrem
2090 5159 2145 5208 et
2176 5151 2380 5206 Filium
2411 5149 2744 5220 praedicare.
2779 5149 2840 5201 In
2866 5147 3099 5198 duobus
3124 5144 3277 5196 enim
3315 5143 3473 5210 inge-

1835 5246 1973 5303 nitis
2005 5245 2231 5298 diversa
2259 5239 2544 5296 Divinitas
2569 5235 2882 5291 invenitur.
2919 5237 2980 5287 In
3015 5249 3130 5285 uno
3163 5237 3354 5283 autem
3384 5245 3476 5297 ge-

1835 5347 1956 5402 nito
1979 5345 2061 5415 (ul
2087 5341 2437 5414 unigenito),
2458 5354 2526 5391 ex
2549 5353 2664 5390 uno
2685 5332 2968 5402 ingenito,
2987 5328 3264 5383 naturalis
3282 5328 3477 5384 unitas

1835 5427 2649 5496 demonstratur.l)uoquippe
2664 5421 2903 5489 ingeniti
2922 5436 3032 5472 non
3051 5424 3295 5488 possunt
3313 5437 3342 5472 u
3357 5437 3482 5475 nam

1837 5525 2050 5581 habere
2085 5530 2375 5582 naturam,
2411 5513 2510 5568 ubi
2545 5527 2648 5566 nec
2673 5525 2824 5564 unus
2858 5509 2918 5562 in
2952 5525 3065 5562 uno
3098 5524 3291 5563 veram
3325 5527 3393 5563 ex
3416 5527 3479 5564 se

1835 5677 1895 5719 eo
1911 5659 2190 5732 quodnon
2220 5661 2366 5732 sunt.
2394 5652 2518 5704 Hinc
2545 5647 2717 5732 verba
2739 5646 3036 5732 adduntur
3068 5647 3125 5701 in
3159 5663 3270 5701 ms.
3304 5647 3475 5704 Corb.

1909 5722 1976 5803 (ο)
2012 5729 2120 5785 Ms.
2154 5727 2345 5794 Corb.,
2374 5739 2446 5779 ea:
2474 5723 2684 5791 gratiae
2713 5722 3024 5776 donatione.

3395 284 3515 342 214
3580 307 3582 310 τ
