3886 6338
376 355 497 419 3w
1340 345 1404 406 8.
1451 341 1873 407 FULGENTII
1917 338 2267 403 EPISCOPI
2315 342 2754 406 RUSPENSIS
3235 357 3237 360 ‘
3639 358 3739 417 216

378 486 813 564 generationem
843 480 1088 549 invenit,
1123 496 1231 537 nec
1260 495 1416 536 unus
1451 495 1519 536 ex
1546 494 1663 534 uno
1710 493 1846 533 vere
1880 475 1941 532 in
1972 490 2035 531 se
2064 476 2116 542 Α
2150 475 2334 532 Filius
2352 477 2514 534 solus
2534 477 2733 534 lumen
2754 478 3039 552 appellari
3055 481 3458 554 creditur,ipsi
3478 470 3743 560 Patri,qui

384 574 786 635 substantiam
811 570 1131 628 nativitatis
1145 570 1429 641 agnoscit.
1450 567 1569 624 Nos
1586 571 1782 623 autem
1808 567 2037 622 Patrem
2148 565 2346 623 lumen
2367 570 2817 640 genuit,nomen
2836 568 3081 625 luminis
3104 572 3420 643 abnegatur
3459 574 3558 637 Qui
3575 582 3743 633 autem

387 671 446 725 et
462 666 698 731 Filium,
725 680 829 719 nec
852 663 1001 717 duos
1028 659 1321 731 ingenitus
1341 660 1617 726 dicimus,
1650 674 1755 713 nec
1779 658 1927 711 duos
1948 671 2041 728 ge-
2150 674 2265 713 non
2294 659 3042 730 substantialiterpossidet
3060 678 3267 716 nomen
3284 661 3532 733 luminis,
3551 682 3649 721 non
3669 685 3748 740 po-

385 758 541 814 nitos
555 753 941 827 appellamus,
962 767 1069 805 nec
1083 748 1468 821 personaliter
1481 747 2043 815 confundimus,nec
2152 746 3333 806 testhaberesubstantialitervocabulum
3368 752 3607 809 Deitatis.
3628 760 3744 812 Bea-

386 843 859 904 substantialiter
877 856 1245 913 separamus.
1262 843 1327 892 Et
1343 840 1472 893 ideo
1494 837 1747 911 mquales
1770 837 1898 891 sine
1913 852 2041 891 am-
2150 838 2246 890 tus
2260 836 2746 907 quippeJoannes
2760 838 3518 911 apostolusdicitzQuoniam
3531 846 3745 901 Deusta:

341 981 343 984 ‹
389 936 677 1009 biguitate
706 930 984 996 dicimus,
1004 930 1146 1000 quia
1174 926 1432 982 diversos
1456 943 1488 981 a
1519 942 1580 980 se
1602 923 2041 979 nullatenusin-

386 1024 695 1081 venimus:
730 1036 885 1076 unus
935 1033 1121 1073 unum
1154 1014 1378 1089 genuit,
1415 1031 1569 1070 unus
1620 1014 1690 1069 de
1722 1029 1838 1068 uno
1872 1019 2044 1067 natus

385 1115 489 1171 σθ
511 1116 618 1168 est.
638 1114 711 1166 Et
731 1108 874 1181 quia
893 1107 965 1162 de
982 1103 1450 1161 incommutabili
1466 1104 1632 1159 Patre
1648 1102 2045 1158 incommuta-

382 1201 522 1260 bilis
554 1199 737 1257 Filius
768 1196 1017 1265 exstitit,
1051 1200 1111 1251 et
1160 1194 1331 1249 Pater
1375 1197 1631 1249 mternus
1663 1197 1719 1248 et
1743 1193 2045 1264 perfectus

386 1300 736 1348 ooasternum
770 1286 1217 1359 perfectumque
1250 1282 1459 1339 Filium
1486 1282 1716 1354 genuit,
1742 1286 2049 1353 propterea

389 1379 575 1438 Filius
590 1393 784 1434 veram
805 1391 979 1447 quam
1004 1374 1178 1429 habet
1198 1390 1268 1430 ex
1288 1389 1421 1429 vero
1442 1372 1606 1428 Patre
1620 1370 2045 1436 substantiam,

374 1460 499 1526 nec
516 1469 799 1524 minorem
819 1465 1035 1520 habere
1056 1462 1265 1535 potuit,
1283 1479 1387 1518 nec
1402 1462 1715 1517 diversam.
1732 1464 2050 1515 Contume-

389 1559 472 1616 lia
501 1561 591 1613 est
618 1554 833 1628 quippe
866 1552 1076 1608 divinae
1103 1562 1343 1616 naturae,
1363 1551 1413 1605 si
1444 1555 1613 1606 Pater
1634 1548 1842 1604 Filium
1869 1563 2048 1619 gene-

401 1663 540 1703 rans
570 1662 686 1700 non
720 1642 912 1715 potuit
941 1658 1072 1697 esse
1102 1639 1159 1694 in
1190 1639 1333 1693 Filio
1370 1644 1629 1710 quantus
1647 1642 1960 1708 ’permanet
1989 1637 2048 1691 in

399 1736 616 1808 seipse,
638 1738 695 1789 et
714 1731 960 1805 genitori
978 1730 1155 1801 (quod
1180 1728 1342 1785 nefas
1354 1728 1464 1798 est)
1486 1727 1744 1799 potentia
1760 1724 2049 1780 naturalis

2156 934 2237 981 est
2264 927 2307 995 (Ι
2333 927 2494 983 Joun.
2529 943 2571 992 ι,
2603 927 2680 997 5).
2714 928 2770 983 Si
2806 945 2943 1000 ergo
2983 930 3082 999 qui
3122 931 3266 985 Deus
3299 934 3385 985 est
3423 930 3514 987 lux
3541 938 3642 1003 est,
3665 937 3745 1005 qui

2154 1013 2255 1070 lux
2285 1032 2399 1070 non
2434 1021 2524 1071 est
2545 1015 2701 1072 Deus
2731 1034 2845 1072 non
2870 1023 2994 1087 est;
3029 1036 3209 1091 quare
3245 1017 3437 1074 lumen
3468 1037 3531 1077 ex
3561 1023 3747 1081 lumine

2153 1105 2481 1161 credendus
2498 1111 2588 1160 est
2618 1105 2817 1175 Filius,
2841 1108 2982 1178 quia
2999 1110 3069 1163 de
3087 1108 3200 1163 Deo
3224 1113 3400 1164 natus
3416 1122 3497 1165 est
3520 1116 3674 1182 Deus,
3689 1131 3748 1170 ne

2153 1195 2291 1249 dum
2316 1193 2498 1249 Filius
2517 1194 2713 1249 lumen
2730 1195 2970 1261 dicitur,
2991 1197 3147 1252 Deus
3174 1197 3335 1253 Pater
3356 1198 3749 1258 intolerabiliter

2153 1282 2617 1354 blasphematur.
2656 1291 2732 1339 Ac
2779 1301 2849 1340 ne
2883 1290 3160 1356 putemus
3203 1290 3427 1342 Patrem
3459 1290 3750 1360 conjectura

2155 1373 2344 1446 magis
2361 1391 2535 1444 quam
2562 1375 2807 1430 veritate
2825 1376 3014 1431 lucem
3036 1377 3248 1443 dicere,
3268 1378 3750 1437 necessebabemus

2155 1462 2263 1518 hoc
2277 1478 2507 1534 quoque
2521 1465 2876 1521 testimoniis
2890 1465 3300 1537 approbareJn
3316 1469 3528 1524 sanctis
3539 1468 3749 1543 eloquiis

2156 1553 2226 1608 de
2246 1552 2543 1623 Sapientia
2558 1554 2806 1609 dicitur:
2833 1554 3091 1610 Omnium
3106 1556 3549 1626 mobilitantium(
3567 1558 3633 1613 aI.
3653 1575 3749 1616 om-

2154 1641 2320 1696 nibus
2359 1641 2675 1702 mobilibus,
2707 1641 2795 1697 vel
2824 1647 3078 1699 omnium
3111 1646 3503 1718 mobilitatum)
3534 1649 3752 1705 mobilior

2158 1733 2234 1785 est
2283 1730 2569 1801 Sapientia
2602 1747 2615 1785 :
2648 1734 2873 1802 attingit
2914 1737 3100 1789 autem
3142 1736 3345 1806 ubique
3375 1741 3581 1806 propter
3624 1754 3753 1793 suam

400 1826 703 1890 adimitur,
727 1823 778 1879 si
802 1821 947 1878 Filio
976 1826 1229 1892 paternos
1250 1818 1593 1874 substantias
1619 1816 1926 1888 aequalitas
1946 1816 2046 1870 ab-
2082 1838 2127 1902 B
2157 1820 2494 1875 munditiam
2530 1844 2545 1887 ;
2579 1837 2750 1892 vapor
2773 1826 2849 1877 est
2880 1823 2975 1878 Ol
3005 1828 3198 1879 autem
3221 1826 3437 1880 virtutis
3466 1826 3573 1891 Dei,
3600 1833 3753 1883 etma-

400 1921 666 1988 negetur,
698 1929 833 1967 cum
870 1911 1018 1966 hanc
1051 1907 1375 1981 apostolica
1404 1907 1668 1962 doctrina
1695 1922 1808 1961 non
1840 1909 2048 1975 taceat,

397 2003 758 2076 evangelista
776 2001 1006 2057 Joanne
1031 1998 1263 2054 dicente
1290 2013 1303 2051 :
1328 1999 1621 2068 Propterea
1654 1995 1905 2051 volebant
1924 2010 2050 2050 eum

384 2094 566 2153 Iudam
595 2091 926 2160 interﬁcere,
954 2090 1087 2160 quia
1116 2103 1228 2142 non
1258 2087 1434 2142 solum
1464 2085 1708 2141 solvebat
1740 2085 2049 2151 sabbatum,

392 2183 487 2241 sed
510 2187 564 2239 et
601 2184 820 2237 Patrem
840 2196 1002 2235 suum
1026 2178 1237 2234 dicebat
1259 2178 1451 2241 Deum,
1474 2176 1745 2246 aqualem
1768 2191 1827 2231 se
1846 2176 2054 2245 faciens

392 2276 498 2332 Deo
532 2275 711 2337 (Joan.
744 2288 801 2325 v.
829 2270 940 2339 18).
973 2269 1154 2334 Quam
1187 2265 1583 2338 aequalitatem
1618 2282 1731 2320 non
1766 2262 2054 2319 malevola

392 2358 1059 2420 Judaorumadversitas
1074 2354 1881 2428 (sicutquibusda'nvidetur)
1902 2353 2057 2423 obje-

396 2451 493 2519 cit,
520 2451 617 2507 sed
648 2447 1017 2513 evangelista
1045 2444 1297 2499 veridica
1321 2459 1558 2514 prorsus
1580 2442 1900 2498 auctoritas
1952 2442 2053 2497 de-

406 2539 668 2597 claravit.
698 2537 804 2601 Qui
840 2535 994 2591 sicut
1023 2549 1155 2590 vere
1190 2533 1334 2587 dixit
1353 2533 1553 2589 Jesum
1578 2532 1820 2588 solvisse
1841 2532 2052 2587 sabba-

404 2634 703 2696 tum,vere
721 2626 897 2681 etiam
920 2628 1147 2681 Patrem
1164 2639 1338 2679 suum
1356 2621 1572 2678 dixisse
1594 2621 1800 2691 Deum,
1824 2622 1906 2676 ita
1921 2636 2055 2677 vere

408 2718 554 2774 dixit
577 2733 677 2788 per
701 2712 1122 2787 professionem
1148 2711 1374 2785 paterni
1398 2711 1657 2767 nominis
1686 2710 1967 2783 aequalem
1992 2727 2055 2766 se

411 2807 622 2865 fecisse
653 2804 943 2860 divinitati
995 2807 1048 2859 et
1079 2802 1509 2872 omnipotentiae
1559 2801 1860 2873 genitoris.
1894 2800 2053 2855 Hanc

410 2896 801 2969 mqualitatem
827 2894 884 2948 in
904 2909 966 2949 se
992 2893 1115 2963 ipse
1136 2891 1509 2946 verus'Filius
1533 2891 1857 2962 praedicans
1875 2895 1934 2943 et
1955 2889 2053 2944 de-

407 2991 746 3043 monstrans
776 2984 893 3039 ait:
929 2986 1050 3055 Ego
1079 2989 1133 3037 et
1157 2984 1325 3038 Pater
1369 2998 1545 3036 unum
1573 2996 1765 3036 sumus
1796 2980 1969 3050 (Joan.
1993 2995 2052 3046 x,
2090 3048 2091 3051 η

409 3075 510 3132 30.
547 3076 617 3130 Et
647 3072 759 3128 alio
804 3073 950 3138 loco,
981 3073 1187 3130 Omnia
1211 3088 1329 3142 qum
1371 3073 1534 3126 Pater
1578 3072 1737 3141 facit,
1768 3069 1957 3124 eadem
2003 3076 2055 3124 et

408 3167 586 3222 Filius
613 3165 762 3236 facit
787 3162 1052 3218 similiter
1080 3160 1259 3233 (Joan.
1296 3177 1349 3214 v.
1397 3160 1482 3215 19.
1533 3160 1687 3215 Idem
1714 3159 1838 3231 ipse
1869 3159 2048 3214 dicit:

407 3257 596 3323 Pater,
621 3252 887 3321 clari/ica
918 3252 1127 3307 Filium
1157 3260 1329 3318 tuum,
1362 3253 1422 3305 ut
1449 3259 1500 3305 et
1519 3250 1700 3305 Filius
1720 3250 1983 3318 clari/teet
2005 3256 2054 3305 te

407 3346 588 3415 (Joan.
620 3360 757 3409 xvu,
792 3343 866 3413 l).
895 3341 964 3396 Et
994 3340 1106 3396 alio
1159 3340 1319 3396 loco:
1357 3340 1421 3398 Ut
1465 3355 1650 3395 omnes
1697 3338 2061 3409 honoriﬁcent

406 3434 639 3499 Filium,
669 3435 807 3488 sicut
838 3430 1214 3501 honoriﬁcant
1264 3434 1497 3485 Patrem
1547 3431 1725 3501 (.Ioan.
1759 3445 1815 3498 v,
1844 3429 1957 3501 23).
1991 3428 2060 3483 Et

407 3522 524 3581 alia
556 3522 759 3590 multa,
794 3538 922 3594 quas
977 3519 1368 3591 prolixitatem
1424 3518 1678 3574 vitantes
1722 3518 2053 3573 omisimus.

413 3611 708 3685 Equalem
747 3627 809 3665 se
839 3613 1037 3683 itaque
1087 3609 1203 3664 Deo
1236 3626 1337 3680 per
1380 3608 1798 3679 professionem
1832 3607 2055 3678 paterni

408 3702 666 3757 nominis
693 3702 902 3765 facere,
948 3714 1133 3753 unum
1173 3714 1306 3753 cum
1329 3702 1499 3753 Patre
1535 3713 1685 3762 esse,
1715 3698 1907 3753 omnia
1932 3712 2059 3768 qua

406 3792 576 3846 Pater
590 3791 744 3859 facit,
765 3788 953 3843 eadem
972 3786 1235 3842 similiter
1252 3785 1849 3858 facere,§claritlcatus,
1864 3785 1947 3840 eti
1956 3802 2058 3858 pse

405 3877 748 3943 clarificare,
764 3872 1154 3947 aequalitatem
1173 3872 1288 3928 sibi
1309 3875 1536 3945 paterni
1552 3874 1789 3929 nonoris
1803 3875 2055 3946 exigere,

405 3970 559 4024 sicut
591 3963 802 4021 minori
842 3979 953 4019 non
979 3966 1351 4034 competunt,
1385 3962 1469 4016 sic
1498 3962 1803 4033 aqualem,
1828 3968 2053 4020 remoto

404 4053 685 4128 scrupulo
717 4050 1135 4118 dubitationis,
1172 4050 1517 4107 ostendunt.

474 4142 712 4210 Obiectio
728 4143 783 4197 6.
807 4141 1031 4197 Interea
1061 4141 1200 4195 dum
1229 4140 1298 4193 de
1320 4139 1541 4195 lumine
1567 4140 1800 4207 dicitur,
1824 4158 1938 4197 non
1961 4141 2054 4196 in-

403 4233 672 4307 telligunt
692 4231 845 4302 quod
873 4230 1160 4303 scriptum
1185 4235 1292 4291 est,
1318 4229 1453 4300 quia
1481 4229 1631 4283 alius
1658 4234 1745 4283 ρει
1770 4230 1936 4286 Pater
1958 4230 2049 4287 lu-

402 4324 602 4390 minis,
635 4327 693 4378 et
713 4321 866 4378 alius
883 4325 974 4377 est
1002 4318 1104 4393 qui
1128 4318 1324 4375 lumen
1348 4336 1431 4373 uc:
1457 4320 1805 4390 appellatus,
1829 4319 2053 4377 etlucet

402 4416 462 4471 in
484 4411 765 4477 tenebris,
791 4415 848 4467 et
877 4410 1129 4466 tenebrm
1147 4425 1282 4465 eum
1310 4425 1425 4464 non
1456 4408 2047 4481 comprehenderunt.

400 4503 619 4560 Idcirco
650 4503 825 4556 debet
854 4499 1077 4556 adverti
1121 4499 1263 4571 quid
1299 4498 1390 4554 lex
1419 4499 1662 4554 mandat
1688 4499 1778 4554 vel
1811 4499 2051 4555 instruit

2079 3212 2126 3277 C

2157 1911 2311 1964 natio
2324 1910 2579 1982 quaedam
2601 1912 2677 1981 (a)
2696 1911 2785 1967 cla
2793 1915 2975 1967 ritatts
2994 1915 3383 1985 omnipotentis
3396 1915 3485 1969 Dei
3494 1914 3752 1971 sincera.Et

2161 1998 2277 2054 ideo
2302 1999 2450 2055 nihil
2496 2001 2911 2071 inquinamenti
2928 2003 2985 2057 in
3018 2004 3178 2058 illam
3195 2003 3467 2072 incurrit;
3506 2005 3752 2061 candorest

2159 2091 2309 2144 enim
2343 2089 2480 2145 lucis
2508 2093 2759 2158 aeternae,
2793 2100 2843 2146 et
2872 2093 3152 2162 speculum
3176 2097 3298 2149 sine
3323 2095 3533 2149 macula
3553 2095 3641 2151 Dei
3664 2113 3754 2150 ma-

2154 2179 2401 2250 jestatis,
2430 2182 2483 2234 et
2497 2178 2678 2250 imago
2696 2179 2956 2236 bonitatis
2969 2180 3145 2236 illius.
3173 2182 3547 2238 Candorlucis
3567 2189 3753 2240 sternte

2165 2268 2459 2338 Sapientia
2483 2268 2717 2335 dicitur,
2737 2287 2912 2341 quam
2930 2268 3117 2326 lucem
3143 2278 3416 2327 aeternam
3442 2271 3641 2329 Patrem
3655 2290 3756 2329 esse

2165 2358 2437 2413 universa
2451 2357 2527 2412 Ch
2538 2358 2862 2415 ristianitas
2876 2362 3021 2432 proli
3033 2366 3151 2416 tetu
3162 2378 3209 2418 r.
3234 2362 3391 2426 Quod
3406 2362 3450 2417 si
3470 2363 3601 2418 forte
3612 2361 3754 2435 aliqui

2164 2445 2558 2518 putantistam
2577 2445 2762 2502 lucem
2780 2454 3080 2516 aeternam,
3097 2451 3272 2520 cujus
3286 2449 3566 2522 Sapientia
3578 2452 3755 2507 candor

2163 2539 2272 2600 est,
2299 2538 2520 2589 Patrem
2550 2535 2732 2607 accipi
2767 2553 2879 2592 non
2913 2537 3147 2603 debere,
3180 2555 3417 2595 necesse
3436 2544 3520 2595 est
3546 2545 3619 2605 ut,
3637 2540 3749 2594 dum

2163 2621 2346 2677 Deum
2365 2622 2590 2677 Patrem
2606 2621 2795 2678 lucem
2811 2629 3084 2680 asternam
3102 2626 3413 2699 denegant,
3429 2625 3749 2681 aliamlucem

2164 2719 2437 2766 aeternam
2462 2719 2744 2782 quaerant,
2769 2716 2941 2781 cujus
2961 2731 3091 2769 esse
3112 2716 3424 2770 candorem
3446 2714 3749 2788 Sapientiam

2163 2801 2458 2857 evidenter
2473 2802 2808 2858 ostendant.
2830 2802 2938 2859 Sed
2957 2804 3066 2875 ipsi
3084 2804 3351 2860 noverint
3366 2806 3632 2878 quomodo
3647 2820 3751 2877 pos-

2163 2891 2304 2957 sint,
2328 2890 2628 2946 autlucem
2645 2907 2774 2962 quae
2790 2897 2946 2949 Deus
2964 2910 3078 2948 non
3096 2894 3195 2962 sit,
3212 2894 3557 2950 autalteram
3579 2893 3751 2959 lucem,

2163 2997 2366 3051 praeter
2398 2980 2781 3051 Sapientiam,
2813 2999 2936 3053 qua:
2964 2985 3072 3037 Deo
3099 2988 3382 3040 coaeterns
3407 2982 3749 3054 sit,invenirs.

2162 3072 2557 3139 Cognoscatur
2585 3086 2722 3141 ergo
2745 3071 2842 3125 lux
2874 3087 3002 3126 esse
3026 3072 3196 3127 Pater
3225 3074 3483 3141 luminis,
3508 3078 3567 3128 ut
3585 3072 3750 3127 saltem

2163 3158 2248 3214 sic
2280 3158 2461 3214 Filius
2501 3159 2648 3213 Patri
2683 3176 2795 3214 non
2829 3160 3132 3215 dubitetur
3162 3162 3249 3217 vel
3284 3167 3517 3235 negetur
3534 3159 3749 3234 aequalis.

2168 3248 2419 3319 Unojam
2440 3248 2778 3305 testimonio
2792 3249 2975 3305 Deum
2998 3253 3225 3306 Patrem
3257 3253 3438 3307 lucem
3464 3266 3580 3307 esse
3600 3250 3756 3305 docui-

2168 3354 2322 3407 mus,
2354 3337 2562 3394 melius
2584 3344 2672 3393 est
2693 3339 2816 3393 siid
2846 3339 3039 3409 ipsum
3065 3340 3386 3411 apostolica
3406 3356 3617 3412 quoque
3635 3354 3751 3411 prte-

2167 3427 2457 3482 dicatione
2481 3434 2890 3483 monstremus.
2919 3429 3131 3485 Beatus
3161 3431 3383 3487 Paulus
3405 3432 3548 3487 ﬁlios
3567 3429 3651 3485 Dei
3673 3443 3754 3483 nos

2166 3521 2417 3572 testatur
2441 3517 2644 3572 dicens
2669 3559 2681 3572 .
2716 3519 3039 3589 Quicunque
3090 3518 3305 3590 Spiritu
3335 3522 3430 3575 Dei
3454 3524 3687 3589 aguntur,
3712 3514 3758 3571 hi

2165 3605 2275 3676 ﬁlii
2297 3611 2427 3661 sunt
2457 3606 2571 3661 Dei
2602 3623 2615 3662 :
2640 3624 2751 3661 non.
2774 3609 2923 3663 enim
2954 3606 3759 3682 accepistisspiritumscrvitutis

2167 3697 2262 3751 iter
2277 3712 2373 3751 um
2393 3697 2449 3750 in
2485 3698 2696 3766 timore,
2728 3698 2823 3752 sed
2844 3698 3126 3767 accepistis
3150 3700 3412 3769 spiritum
3433 3699 3702 3769 adaptt'onis
3713 3696 3760 3766 ﬁ-

2165 3784 2393 3850 liarum,
2426 3784 2488 3839 in
2513 3801 2615 3856 quo
2643 3786 2965 3853 clamamus,
3000 3787 3171 3854 Abba,
3205 3793 3392 3845 Pater.
3426 3788 3532 3860 Ipse
3563 3788 3756 3856 Spiritus

2163 3875 2542 3929 testimonium
2573 3875 2750 3930 reddit
2767 3877 3197 3945 spirituinostro
3226 3879 3372 3949 quod
3403 3881 3563 3934 simus
3573 3875 3669 3947 ﬁlii
3685 3874 3759 3929 Dei

2162 3963 2341 4032 (Rom.
2371 3981 2494 4025 VIII,
2526 3963 2617 4033 44,
2651 3965 2736 4029 15,
2773 3966 2877 4035 16).
2928 3965 3180 4021 Joannes
3221 3969 3399 4023 etiam
3450 3963 3755 4037 evangelista

2163 4051 2305 4107 dicit
2328 4069 2341 4107 :
2369 4054 2832 4126 Quotquotautem
2855 4055 2929 4125 (b)
2959 4056 3316 4112 crediderunt
3338 4059 3396 4111 in
3417 4071 3532 4112 eum
3550 4054 3677 4111 dedit
3693 4066 3759 4107 et:

2159 4149 2475 4212 potestatem
2507 4144 2653 4213 ﬁlios
2669 4144 2766 4198 Dei
2790 4143 2920 4204 ﬁeri
2943 4144 3140 4217 (Joan).
3180 4163 3218 4213 ι,
3240 4148 3350 4218 12).
3377 4146 3445 4204 Ut
3464 4145 3628 4218 igitur
3645 4144 3753 4199 Pau-

2159 4230 2253 4287 lus
2276 4231 2478 4293 Deum.
2504 4233 2675 4303 cujus
2700 4232 2801 4287 filii
2825 4250 3054 4298 sumus,
3077 4233 3266 4290 lucem
3290 4252 3418 4291 esse
3433 4235 3755 4297 monstraret,

2158 4320 2386 4376 eosdem
2401 4320 2549 4376 ﬁlios
2566 4321 2578 4375 l
2593 4322 2960 4394 ucisquoque
2977 4322 3751 4396 liliosappellavit,itadicens:

2164 4411 2454 4465 Vosautem
2473 4410 2684 4482 fratres
2705 4428 2813 4467 non
2832 4415 2959 4467 estis
2985 4414 3043 4466 in
3073 4413 3332 4481 tenebris,
3357 4422 3420 4470 ut
3442 4431 3525 4471 vos
3539 4413 3645 4469 dies
3660 4409 3754 4475 ille,

2118 4514 2122 4519 ‘
2159 4508 2422 4570 tanquam
2449 4501 2562 4570 fur,
2579 4500 3005 4570 comprehendat
3027 4518 3236 4571 ;omnrs
3258 4506 3413 4559 enim
3428 4520 3512 4560 vos
3538 4503 3637 4573 ﬁlii
3652 4498 3759 4556 lucis

400 4589 972 4653 menteshominum,
993 4586 1269 4660 quiinter
1289 4584 1454 4643 illum
1476 4590 1784 4658 auctorem
1808 4587 2053 4644 luminis
2081 4578 2129 4643 D
2159 4591 2308 4654 estis,
2341 4593 2397 4643 et
2425 4589 2680 4659 ﬁliidiei
2701 4590 2746 4659 (ι
2780 4590 2957 4645 Thess.
2990 4608 3045 4660 ν,
3076 4593 3185 4664 45).
3225 4596 3294 4648 Et
3326 4592 3504 4649 Filius
3525 4594 3588 4648 ad
3617 4589 3755 4645 disci-

400 4682 457 4735 et
487 4679 642 4733 istud
685 4678 882 4733 lumen
918 4677 975 4731 in
1010 4677 1269 4732 tenebris
1308 4675 1535 4742 lucens,
1569 4676 1724 4748 quod
1753 4674 2050 4733 illuminat

401 4782 635 4824 omnem
666 4766 967 4820 hominem
999 4764 1327 4820 venientem
1353 4764 1413 4818 in
1435 4763 1594 4820 hunc
1616 4765 1924 4834 mundum,
1950 4782 2052 4837 per

403 4856 559 4929 quod
581 4855 700 4909 vita
720 4854 909 4909 factus
924 4856 1016 4908 est
1032 4851 1235 4921 Filius,
1259 4856 1316 4907 et
1337 4851 1437 4909 lux
1456 4857 1546 4908 est
1565 4858 1839 4911 ostensus
1858 4853 2049 4910 homi-

405 4960 573 5013 num,
605 4942 707 4998 illo
740 4941 894 5015 quod
927 4940 1264 4996 ostenditur
1291 4940 1500 5012 factus,
1533 4959 1647 4999 non
1679 4947 1768 4998 est
1784 4942 1972 5015 Pater,
1995 4952 2052 5001 et

407 5032 650 5106 aequalis
680 5047 810 5088 esse
841 5047 957 5086 non
992 5032 1203 5102 potest.

472 5121 792 5197 Responsio.
826 5119 945 5177 Hoc
975 5135 1209 5191 semper
1224 5118 1412 5175 Patris
1439 5123 1496 5175 et
1527 5119 1659 5175 Filii
1687 5122 2051 5179 demonstrat

400 5214 724 5287 aqualitas,
750 5215 813 5267 ut
840 5207 1127 5284 quidquid
1156 5207 1741 5280 fueritderogationis
1762 5211 1847 5265 vel
1867 5211 2049 5267 bono-

400 5303 697 5360 riﬂcentite
728 5301 906 5357 simul
932 5300 1012 5354 sit
1062 5298 1296 5369 utrique
1325 5313 1659 5353 commune.
1695 5298 1815 5362 Quo
1866 5300 1929 5353 fit
1961 5305 2044 5367 ut,

401 5393 540 5447 dum
574 5397 778 5447 contra
804 5388 937 5444 fidei
958 5402 1229 5442 normam
1254 5385 1435 5441 Filius
1452 5404 1486 5442 a
1508 5387 1698 5442 Patris
1721 5388 2049 5459 aequalitate

402 5478 773 5545 discernitur,
788 5475 979 5549 magis
998 5475 1148 5531 Patri
1165 5491 1343 5547 quam
1360 5474 1503 5531 Filio
1516 5475 2045 5540 detrahatur.Quod

402 5563 708 5637 bujuslooi
724 5563 1089 5621 manifestius
1107 5565 1471 5622 demonstrat
1491 5566 1756 5638 assertio,
1771 5582 1885 5639 qua
1905 5566 2045 5622 dum

475 5711 555 5786 (a)
581 5713 688 5768 Ms.
722 5709 916 5780 Corb.,
943 5709 1217 5765 caritatis.

2157 4679 2364 4750 pulos:
2402 4679 2465 4736 Ut
2501 4681 2624 4733 sitis
2673 4678 2786 4749 ﬁlii
2812 4680 3000 4734 Patris
3043 4681 3233 4748 vestri,
3285 4685 3383 4755 qui
3431 4685 3485 4738 in
3526 4682 3663 4737 ralis
3699 4685 3759 4733 est

2158 4768 2365 4840 (Matth.
2398 4785 2455 4836 v,
2477 4769 2588 4837 45).
2613 4773 2813 4840 Ipsum
2836 4786 2972 4825 vero
2996 4770 3206 4826 Filium
3237 4771 3425 4828 lucem
3449 4786 3569 4828 esse
3596 4768 3759 4825 nullus

2158 4857 2370 4930 poterit
2394 4858 2700 4930 abnegare,
2725 4858 2797 4913 de
2829 4877 2943 4932 quo
2968 4860 3322 4933 evangelista
3342 4862 3482 4918 dicit
3508 4878 3520 4917 :
3550 4862 3666 4917 Erat
3683 4857 3760 4911 tu:

2155 4963 2285 5004 uera
2298 4963 2427 5020 quae
2441 4947 2954 5003 illuminatomnem
2970 4948 3244 5010 hominem
3261 4950 3561 5007 venientem
3578 4952 3628 5005 in
3644 4947 3761 5002 hunc

2155 5036 2428 5091 mundum
2452 5037 2629 5108 (Joan.
2663 5054 2702 5105 1,
2733 5037 2812 5109 9).
2836 5037 2905 5093 Et
2937 5056 3141 5094 rursus
3168 5056 3181 5095 :
3210 5042 3275 5096 Et
3307 5049 3417 5097 vita
3437 5046 3553 5095 erat
3574 5040 3661 5093 tua:
3685 5038 3757 5089 ho-

2154 5128 2393 5194 minum,
2424 5129 2474 5181 et
2502 5127 2603 5180 tua:
2630 5127 2689 5182 in
2722 5127 2959 5183 tenebris
2989 5130 3150 5196 lucet,
3191 5134 3243 5184 et
3273 5131 3511 5188 tenebrae
3536 5147 3647 5184 eam
3671 5140 3757 5181 non

2155 5210 2687 5279 comprehenderunt
2710 5209 2898 5278 (Ibid,
2919 5212 2995 5281 5).
3021 5212 3149 5280 Ipse
3171 5228 3402 5283 quoque
3417 5210 3753 5267 Filiuslucem

2158 5313 2221 5350 se
2250 5313 2380 5352 esse
2413 5299 2649 5369 propria
2690 5315 2825 5353 voce
2857 5303 3140 5354 testatur:
3177 5301 3284 5369 Ego
3317 5316 3436 5355 sum
3484 5293 3757 5371 (inquiens)

2158 5386 2466 5442 luxmundi
2495 5388 2669 5455 (toan.
2694 5402 2811 5451 vm,
2840 5388 2947 5457 12).
2975 5386 3255 5444 Utautem
3273 5389 3759 5462 agnoscaturPater

2156 5476 2215 5532 in
2231 5475 2393 5542 Filio,
2421 5475 2621 5531 lumen
2636 5474 2693 5530 in
2724 5475 2949 5531 lumine
2962 5492 3109 5541 esse,
3126 5476 3184 5532 in
3202 5477 3449 5533 Joannis
3465 5471 3756 5533 testimonio

2155 5565 2525 5637 perdocetur,
2573 5564 2674 5636 qui
2727 5564 2809 5619 ait
2833 5582 2852 5618 :
2884 5565 3024 5620 Deus
3046 5567 3146 5621 lux
3170 5574 3265 5635 est,
3287 5572 3341 5622 et
3368 5567 3605 5623 tenebrae
3630 5563 3681 5618 in
3710 5573 3757 5616 eo

2221 5711 2297 5783 (b)
2331 5711 2435 5769 Ms.
2468 5711 2663 5781 Uorb.,
2690 5719 3011 5782 receperunt
3036 5726 3182 5769 eum.
