3886 6324
130 416 215 481 235
1319 416 1426 478 AD
1468 413 1664 477 TRAS

1319 416 1426 478 AD
1468 413 2066 478 TRASIMUNDUM
2107 415 2256 477 LIB.
2306 417 2354 478 Ι.

3412 425 3532 484 226

136 555 244 624 cipis
272 551 450 606 citata:
467 548 1058 607 delibanslectionis
1079 565 1758 621 excursu,poposceram,
1793 559 1843 623 Α
1876 548 2053 604 etiam
2088 549 2303 605 servitii
2337 551 2590 622 quadam
2616 552 3032 610 communione
3062 554 3404 629 perstringit
3429 557 3527 625 (al.

138 643 244 698 ιιιιά
258 646 461 698 cuncta
479 639 676 712 plena
699 640 1072 696 recensionis
1107 640 1206 710 (al.
1233 638 1664 709 recensitionis)
1688 655 1780 694 or-

141 736 241 789 dine
266 731 616 805 perlegenda
648 731 854 786 noctis
889 731 1064 786 unius
1086 729 1256 784 nobis
1279 729 1535 801 spatium
1564 728 1775 784 fuisset

142 822 411 887 indultum;
437 821 598 892 quod
626 827 844 876 vestris
872 818 1344 874 mansuetudinis
1358 816 1630 872 voluntas
1655 833 1780 872 om-

142 915 252 969 nino
277 911 476 966 statuit
503 909 959 982 abnegandum,
993 910 1069 962 ita
1105 912 1168 961 ut
1195 922 1299 961 nec
1332 905 1541 961 saltem
1575 907 1647 961 ad
1682 922 1774 961 re-

138 1004 276 1057 sidra
297 1000 656 1072 perlegenda
683 999 1005 1069 Scriptura;
1024 997 1191 1052 nobis
1217 995 1590 1068 praecepisses
1615 995 1778 1050 attri-

135 1092 229 1145 bui.
247 1093 348 1158 Ego
364 1105 521 1153 vero,
547 1104 689 1143 cum
707 1089 902 1156 spatio
937 1085 1328 1157 quorumdam
1358 1085 1588 1140 dierum
1614 1083 1774 1140 ordi-

130 1182 398 1234 nationem
414 1179 499 1231 tui
519 1176 796 1232 culminis
813 1175 1269 1245 przestolarcr,ac
1283 1173 1770 1246 deinceps,inter—

130 1268 429 1340 rogationis
451 1266 611 1321 illius
633 1271 838 1321 tenore
856 1265 1315 1335 subtracto,sola
1331 1264 1537 1319 fuisset
1555 1281 1588 1318 a
1603 1262 1772 1318 nobis

127 1359 366 1429 flagitata
381 1353 1427 1426 responsio,pauca,quibus,Do.nino
1442 1353 1771 1423 adjuvante,

125 1445 289 1502 nostri
324 1446 592 1517 parvitas
621 1444 843 1500 sufﬁcit
876 1443 1198 1515 ingenii,de
1224 1443 1427 1498 eadem
1455 1442 1774 1513 interroga-

123 1538 286 1602 tione,
324 1551 507 1607 quam
537 1551 606 1589 ex
639 1531 933 1605 principio
989 1531 1241 1587 tenuiter
1270 1531 1534 1604 cognovi,
1566 1535 1771 1586 vestras

124 1625 536 1681 recensendam
556 1621 988 1678 mansuetudini
1007 1621 1396 1689 destinavi,ne
1415 1621 1655 1676 forsitan
1673 1623 1773 1674 aut

123 1715 346 1770 fastidio
375 1720 618 1786 putarer
638 1718 697 1766 tu
711 1711 1035 1777 midus,aut
1057 1709 1478 1764 taciturnitatis
1501 1708 1774 1780 culpaju-

123 1805 337 1858 dicerer
351 1803 703 1868 obstrictus,
723 1817 899 1872 quem
925 1804 1118 1854 vestra
1137 1797 1423 1854 celsitudo
1445 1798 1773 1870 suspicare-

124 1896 232 1956 tur,
281 1895 384 1944 aut
435 1889 715 1960 superbia
751 1887 1190 1958 responsionem
1228 1903 1342 1940 non
1376 1887 1632 1953 reddere,
1667 1891 1770 1941 aut

123 1998 259 2036 vera
290 1981 426 2035 ﬁdei
461 1977 798 2035 difﬁdentia
830 1977 1108 2033 tacuisse.
1147 1976 1292 2033 Nam
1324 1976 1521 2032 studio
1554 1982 1769 2041 vestro,

126 2070 584 2126 clementissime
598 2073 1088 2137 rex,compertum
1103 2083 1357 2122 essenon
1374 2065 1608 2137 ambigo
1622 2065 1774 2137 apud

129 2177 218 2216 eos
248 2162 344 2232 qui
378 2159 730 2214 Christiana:
762 2158 960 2229 gratia:
1012 2155 1456 2226 participatione
1489 2155 1774 2226 redempti

124 2258 428 2320 sunt,pene
449 2249 503 2303 id
527 2247 862 2310 esse,ﬁdem
887 2245 1037 2300 nolle
1064 2244 1506 2317 assererequod
1534 2259 1768 2316 negare-

124 2340 334 2410 Quippe
366 2355 502 2394 cum
540 2338 665 2409 ipse
699 2336 1040 2407 unigenitus
1093 2336 1241 2390 Deus
1268 2333 1514 2389 humani
1547 2332 1775 2404 generis

126 2431 383 2484 conditor
395 2435 453 2484 et
468 2429 600 2482 rede
629 2448 654 2479 τι
669 2426 981 2498 ptor,sicut
996 2441 1057 2481 se
1073 2425 1482 2480 confessurum
1499 2424 1779 2479 conﬁten-

128 2525 257 2584 tem,
279 2520 356 2572 ita
401 2535 465 2572 se
508 2525 859 2587 negaturum
888 2520 1391 2587 negantem,certa
1418 2531 1658 2584 prorsus
1681 2513 1777 2568 de-

132 2609 488 2662 nuntiatione
520 2612 792 2672 testatur,
826 2605 1050 2659 dicens:
1081 2605 1188 2673 Qui
1213 2620 1298 2659 me
1326 2603 1677 2674 conﬁtebitur
1694 2617 1777 2658 co-

132 2715 243 2752 ram
267 2695 608 2762 hominibus,
664 2695 959 2763 conﬁtebor
987 2703 1037 2748 et
1066 2709 1166 2762 ego
1193 2709 1318 2748 eum
1366 2709 1550 2748 ceram
1611 2697 1776 2747 Patre

132 2803 258 2848 meo,
289 2785 389 2856 qui
417 2795 497 2840 est
527 2787 584 2838 in
617 2783 785 2839 catis:
819 2785 919 2855 qui
946 2788 1127 2838 autem
1156 2784 1439 2851 negaverit
1473 2798 1558 2836 me
1581 2797 1775 2836 coram

135 2874 453 2942 hominibus,
486 2877 699 2940 negabo
728 2875 778 2928 et
807 2887 908 2939 ego
934 2888 1058 2926 eum
1079 2887 1263 2927 coram
1297 2877 1463 2926 Patre
1492 2887 1632 2938 meo,
1678 2870 1776 2941 qui

133 2973 201 3018 est
233 2967 288 3018 in
315 2965 464 3020 calis
491 2963 701 3032 (Matth.
735 2978 794 3024 κ,
825 2961 914 3025 32,
948 2960 1056 3031 33).
1088 2961 1171 3015 ita
1202 2960 1395 3016 denuo
1417 2960 1772 3015 erubescen-

132 3059 237 3108 tem
269 3071 329 3109 se
360 3068 625 3123 suosque
673 3066 978 3106 sermones
1008 3049 1146 3119 {ipse
1179 3049 1278 3105 τι)
1311 3065 1544 3121 quoque
1573 3049 1633 3104 in
1666 3065 1774 3104 sua

134 3143 424 3213 majestate
436 3142 680 3197 veniens
695 3141 1017 3194 erubescet.
1033 3138 1214 3208 Cujus
1231 3138 1370 3194 dicti
1390 3155 1655 3193 normam
1673 3136 1774 3193 tali

135 3231 308 3287 Lucas
327 3231 626 3286 sententia
644 3229 1020 3300 cognoscitur
1033 3227 1430 3299 posuisse,ubi
1454 3227 1632 3298 hujus
1645 3243 1778 3282 con-

133 3321 374 3376 {usionis
388 3321 472 3376 sic
494 3317 730 3375 exitiale
755 3317 1216 3373 ﬁrmattacituro
1239 3315 1630 3381 silentium,ut
1647 3332 1777 3372 eru-

132 3409 457 3465 bescentem
476 3406 790 3479 perditioni
814 3423 924 3460 non
943 3406 1114 3461 sileat
1131 3405 1609 3477 mancipandam;
1628 3405 1781 3460 inter

130 3497 233 3552 alia
252 3501 502 3554 Dominu
514 3515 567 3552 m
585 3497 710 3552 hzrc
733 3495 949 3551 dixisse
963 3511 1450 3550 commemorans:
1475 3494 1619 3564 Quid
1631 3497 1781 3550 enim

125 3589 335 3656 proﬁcit
365 3588 586 3642 homini
639 3585 738 3654 (al.
799 3585 1004 3654 homo),
1052 3583 1104 3638 si
1160 3584 1405 3638 lucretur
1462 3582 1781 3638 universum

125 3677 416 3744 mundum,
449 3693 509 3731 se
539 3679 731 3730 autem
763 3676 947 3746 ipsum
973 3672 1164 3742 perdat
1189 3681 1240 3728 et
1261 3671 1660 3728 detrimentum
1691 3673 1782 3727 sui

127 3769 292 3832 faciat
327 3771 479 3826 (Luc.
514 3782 594 3829 Ix,
626 3765 719 3834 2|)
755 3767 778 3818 Ρ
830 3778 1191 3834 causamque
1218 3761 1398 3832 hujus
1431 3761 1780 3834 perditionis

129 3857 441 3911 insinuans
472 3854 708 3925 adjecit:
743 3855 884 3909 Nam
910 3851 1008 3925 qui
1038 3869 1123 3906 me
1151 3853 1434 3906 erubuerit
1458 3851 1556 3923 (al.
1588 3851 1781 3907 erube-

129 3947 264 4012 scit),
288 3951 341 4001 et
369 3962 514 4001 meos
539 3943 989 4007 sermonesJiunc
1007 3941 1186 3997 Filius
1213 3941 1452 3996 hominis
1480 3940 1778 4009 erubescet,

128 4053 246 4090 cum
281 4037 493 4092 venerit
527 4040 587 4090 in
617 4035 906 4104 majestate
933 4050 1055 4102 sua,
1084 4037 1134 4088 et
1167 4035 1374 4096 Patris,
1397 4033 1448 4088 el
1465 4036 1780 4087 sanctorum

133 4129 470 4191 onustarum.
497 4125 614 4180 Nec
638 4123 933 4178 immerito
969 4121 1100 4178 talis
1122 4137 1325 4176 servus
1347 4127 1404 4175 et
1427 4121 1704 4190 abjicitur
1724 4125 1782 4176 et

132 4217 389 4284 punitur,
411 4214 696 4286 quoniam
722 4230 840 4268 uno
862 4213 1188 4282 eodemque
1209 4210 1448 4266 silentio
1472 4209 1669 4264 ﬁrmat
1689 4226 1776 4265 er-

128 4308 695 4376 rorem,qui,terrore
709 4318 809 4356 seu
835 4306 1069 4372 torpore
1089 4300 1420 4371 (al.tepore)
1438 4315 1776 4370 possessus,

138 4392 350 4448 silendo
378 4412 492 4449 non
527 4392 745 4448 astruit
770 4390 1095 4446 veritatem.
1138 4388 1508 4444 Dominicam
1546 4404 1780 4460 quoque

139 4481 368 4551 gloriam
403 4485 502 4555 qui
539 4498 654 4537 non
689 4481 960 4546 ﬁrmarit,
995 4483 1262 4546 evaouat,
1294 4477 1628 4532 etdivinam
1651 4493 1784 4533 con-

137 4573 429 4629 tumeliam
453 4573 554 4646 qui
582 4588 698 4627 non
734 4569 1022 4637 refutarit,
1046 4565 1404 4624 accumulat.
1430 4567 1782 4639 Plerumque

1884 637 2180 710 pertingit)
2211 638 2439 695 dicente
2471 640 2758 698 Domino:
2794 640 3019 711 Clama,
3055 660 3123 700 ne
3148 661 3339 709 cesses,
3368 645 3532 718 quasi

1881 727 2013 783 tuba
2041 729 2228 783 exaltu
2257 745 2437 786 vocem
2463 733 2613 786 tuam
2640 731 2790 802 (Isai.
2840 749 2994 800 Lvm,
3048 735 3116 804 1).
3171 735 3336 800 Quod
3365 736 3529 791 Isaia:

1881 833 2014 872 cum
2044 817 2258 872 dicitur
2284 819 2340 873 in
2364 837 2503 882 uno,
2523 821 2790 891 pluribus
2815 822 3156 894 imperatur:
3183 823 3309 894 ipso
3332 825 3536 898 unige-

1883 906 2006 962 nito
2036 907 2151 964 Deo
2181 908 2492 978 discipulis
2510 911 2800 982 loquente:
2825 913 2985 982 Quod
3008 916 3112 969 uni
3132 923 3371 970 vestrum
3388 917 3530 990 dico,

1877 997 2134 1052 omnibus
2162 997 2284 1052 dico
2328 999 2513 1067 (Marc.
2548 1017 2672 1066 χιιι,
2713 1001 2832 1070 37).
2873 1002 3189 1072 Propterea
3220 1020 3328 1059 nos
3358 1005 3535 1060 etiam

1880 1084 2088 1142 beatus
2112 1090 2316 1143 Petrus
2338 1089 2409 1142 ad
2436 1091 2912 1160 respondendum
2936 1097 3170 1162 paratos
3183 1109 3312 1148 esse
3325 1093 3536 1148 debere

1878 1176 2310 1245 paternmjubet
2326 1176 2658 1233 dilectionis
2678 1178 2986 1233 instinctu:
3010 1180 3532 1251 Parati,inquiens,

1878 1277 2088 1333 semper
2123 1264 2194 1320 ad
2221 1265 2662 1336 respondendum
2684 1269 2839 1322 omni
2855 1267 3110 1337 poscenti
3141 1285 3232 1324 vos
3261 1271 3540 1325 rationem

1874 1349 1942 1407 de
1968 1351 2077 1422 ﬁde
2124 1362 2178 1409 et
2224 1370 2318 1426 spe
2363 1371 2483 1425 quae
2513 1355 2568 1410 in
2601 1356 2751 1412 vobis
2780 1366 2860 1412 est
2887 1359 2934 1425 (ι
2963 1358 3113 1414 Petr.
3139 1359 3350 1429 111,15).
3385 1362 3530 1414 Cum

1878 1439 2038 1494 omni
2059 1443 2321 1511 poscenti
2348 1444 2635 1500 rationem
2663 1445 2793 1500 ﬁdei
2827 1447 3074 1518 speique
3098 1455 3307 1502 nostra;
3332 1447 3533 1517 praeci-

1878 1527 2074 1600 pimur
2093 1531 2554 1600 reddere,cessat
2577 1550 2812 1605 prorsus
2836 1535 3124 1592 universae
3143 1540 3262 1592 tam
3288 1537 3538 1608 dignita-

1877 1616 1954 1673 tis
1983 1621 2246 1692 exceptio
2273 1639 2452 1693 quam
2477 1638 2758 1695 personae.
2785 1624 2888 1680 Cui
2912 1625 3068 1680 enim
3106 1625 3376 1681 veritatis
3400 1623 3541 1681 insi-

1879 1710 2082 1764 nuatio
2113 1710 2458 1783 deneganda
2492 1712 2814 1784 putabitur,
2849 1729 2983 1768 cum
3019 1731 3080 1770 se
3113 1713 3374 1770 locutum
3409 1713 3536 1769 sine

1879 1797 2222 1855 confusione
2245 1816 2439 1856 coram
2466 1801 2702 1873 regibus
2723 1801 3005 1873 propheta
3028 1803 3533 1869 testatur,dicens:

1879 1881 2167 1953 Loquebar
2182 1880 2243 1936 in
2267 1883 2593 1939 testimoniis
2611 1885 2721 1937 tuis
2737 1882 2794 1937 in
2818 1887 3107 1956 conspectu
3124 1900 3337 1954 regum,
3352 1889 3404 1940 et
3421 1901 3531 1940 non

1882 1970 2265 2043 con/undebar
2289 1972 2458 2040 (Psal.
2496 1989 2692 2036 cxvm,
2715 1971 2838 2039 46)?

1882 2061 2073 2133 Caru'r
2131 2077 2188 2116 ιι.
2250 2061 2308 2116 In
2367 2062 2739 2131 respmdendo
2772 2061 3027 2117 habenda
3077 2069 3155 2118 est
3182 2064 3330 2118 ratio
3369 2061 3533 2133 regite

1951 2132 2258 2199 dignitatis.
2301 2137 2444 2205 Deus
2472 2133 2594 2202 plus
2625 2133 2902 2188 timendus
2929 2144 2980 2189 et
2996 2134 3347 2190 honorandus
3367 2132 3533 2205 quam

1950 2221 2052 2260 rex
2068 2204 2417 2331 temporalis.
2448 2209 2590 2260 Laus
2621 2205 2851 2261 barbari
2872 2207 3022 2274 regis
3039 2215 3262 2278 propter
3285 2204 3532 2261 studium

1950 2292 2145 2331 sumen
2176 2291 2268 2331 ias.

1949 2291 2268 2344 sapientiae.

1951 2365 2390 2433 Quocirca,cum
2416 2381 2517 2434 pro
2539 2370 2738 2420 nostra
2760 2364 2961 2432 ﬁde,in
2985 2370 3270 2434 quantum
3295 2364 3534 2422 faculta-

1878 2459 1996 2510 tem
2026 2454 2309 2509 divinitus
2332 2453 2879 2525 accepimus,libere
2902 2455 3350 2526 respondemus.
3371 2453 3530 2510 nulla

1880 2560 1984 2599 con
1997 2543 2263 2598 tumaoizn
2281 2559 2382 2598 seu
2398 2549 2571 2598 contu
2582 2543 2765 2599 melius
2784 2544 3068 2599 debemus
3081 2543 3418 2616 suspicione
3434 2559 3533 2600 n0-

1878 2633 2016 2698 tari,
2048 2649 2182 2688 cum
2215 2648 2320 2688 nec
2353 2639 2565 2688 nostra
2600 2632 2974 2701 humilitatis,
3010 2650 3113 2689 nec
3147 2634 3313 2705 regite
3337 2632 3528 2689 simus

1877 2721 2180 2794 dignitatis
2214 2722 2610 2787 immemores,
2641 2723 3019 2794 sciamusque
3067 2722 3184 2778 Deo
3232 2723 3530 2788 timorem,

1877 2810 2160 2866 honorem
2194 2811 2432 2882 regibus
2462 2811 2883 2879 exhibendum,
2945 2811 3266 2884 apostolica
3312 2811 3394 2867 ita
3425 2827 3532 2867 nos

1877 2904 2266 2974 praemonente
2287 2899 2586 2956 doctrina:
2641 2900 2862 2956 Reddite
2890 2901 3140 2956 omnibus
3199 2901 3412 2970 debita,
3471 2905 3532 2957 et

1877 2989 2048 3062 paulo
2081 2995 2230 3061 post:
2264 2988 2371 3045 Cui
2399 2990 2680 3059 timorem,
2703 2991 2984 3051 timorem;
3003 2991 3101 3046 cui
3121 2990 3400 3056 honorem,
3434 2988 3535 3047 Ito-

1875 3101 2064 3142 norem
2096 3087 2268 3158 (Rom.
2303 3102 2425 3153 xm,
2448 3087 2527 3154 7).
2555 3086 2744 3157 Hujus
2776 3087 3010 3142 timoris
3041 3087 3400 3157 honorisque
3417 3103 3535 3141 ma-

1880 3177 2094 3232 nifesta
2126 3175 2291 3230 nobis
2315 3176 2519 3230 beatus
2545 3176 2745 3231 Petrus
2767 3175 2996 3246 aperuit
3024 3175 3369 3230 discretione
3393 3175 3536 3229 noti-

1807 3288 1850 3354 c
1879 3265 2042 3330 tiam,
2094 3265 2326 3320 dicens:
2375 3265 2530 3321 Sicut
2555 3265 2709 3320 servi
2739 3264 2838 3320 Dei
2867 3279 3055 3319 omnes
3093 3264 3381 3328 honorate,
3412 3269 3536 3334 [ru-

1885 3355 2203 3409 ternitalem
2231 3352 2470 3421 diligite,
2492 3354 2884 3418 Deumtimele,
2909 3369 3086 3420 regem
3109 3362 3297 3407 autem
3321 3351 3540 3407 honori-

1883 3442 2044 3513 ﬁeate
2072 3442 2117 3511 (Ι
2151 3446 2296 3496 Petr.
2330 3457 2393 3506 ιι,
2427 3441 2538 3512 47).
2572 3440 2697 3495 Νοιι
2731 3447 2928 3496 autem
2973 3457 3180 3512 parum
3217 3439 3537 3495 clementia

1884 3536 1998 3586 tuae
2029 3529 2359 3586 dilectionis
2388 3528 2621 3584 exhibet
2655 3531 2745 3585 71
2779 3533 2835 3585 et
2866 3527 3131 3596 honoris,
3153 3528 3426 3601 quisquis
3457 3527 3542 3582 in-

1885 3620 2205 3692 terroganti
2223 3619 2327 3674 tibi
2355 3619 2462 3674 hoc
2486 3620 2800 3690 respondet
2822 3618 2977 3690 quod
3003 3618 3075 3673 ad
3097 3618 3268 3674 ﬁdem
3295 3616 3546 3688 pertinet

1884 3707 2312 3764 veritatis.Com
2323 3717 2520 3780 petens
2545 3707 2728 3781 igitur
2750 3708 3188 3764 mansuetudini
3207 3711 3321 3762 tua:
3338 3704 3543 3761 deferi-

1886 3815 2018 3854 mus
2033 3797 2272 3853 honoris
2287 3797 2575 3870 obsequiu
2589 3799 2761 3866 m,cui
2789 3797 3005 3870 regalis
3019 3797 3242 3870 apicem
3259 3794 3538 3852 culminis

1887 3888 2389 3944 divinacernimus
2407 3888 2672 3960 largitate
2688 3887 3113 3944 collatum.Nec
3131 3893 3325 3942 tamen
3343 3900 3542 3958 quem-

1886 3994 2064 4049 quam
2101 3977 2422 4050 sapientem
2461 3977 2608 4049 fugit
2637 3984 2858 4050 quanto
2884 3977 3284 4050 sempiternus
3307 3975 3406 4030 ille
3425 3978 3538 4030 Rex

1887 4083 2091 4140 regum
2115 4072 2171 4123 et
2196 4068 2476 4123 Dominus
2499 4067 2929 4122 dominantium
2954 4067 3154 4122 timore
3179 4067 3385 4121 debeat
3410 4080 3543 4119 sus-

1890 4155 2028 4226 pici,
2060 4172 2158 4226 (ιω
2183 4155 2539 4224 temporales
2560 4154 2734 4209 etiam
2762 4171 2924 4225 reges
2948 4153 3212 4226 praecipit
3243 4151 3543 4208 honorari.

1889 4245 2053 4298 Hunc
2084 4243 2290 4315 siquis
2315 4258 2521 4314 parum
2551 4243 2777 4308 metuit,
2803 4241 2972 4297 valde
2993 4241 3335 4303 contemnit;
3363 4239 3546 4308 hujus

1888 4332 1988 4404 qui
2021 4331 2278 4386 minorat
2307 4332 2401 4401 (al.
2430 4348 2542 4386 non
2564 4333 2868 4400 memorat)
2888 4329 3420 4394 honoriﬁcentiam,
3448 4342 3546 4381 au-

1885 4419 1982 4485 get
2011 4411 2316 4482 injuriam;
2343 4428 2447 4466 nec
2466 4411 2682 4483 ingrati
2707 4411 2920 4478 refugit
2939 4407 3301 4480 culpam,qui
3330 4414 3549 4461 creato—

1889 4501 1970 4556 ris
2002 4500 2469 4555 immensitatem
2504 4504 2846 4572 perpetuam
2883 4503 2942 4554 et
2967 4499 3406 4570 perpetuitatem
3429 4495 3544 4550 imo

1890 4606 2153 4646 mensam
2169 4595 2570 4644 creaturarum
2598 4589 2695 4660 (al.
2725 4588 3027 4659 creatum)
3051 4584 3334 4659 putaverit
3360 4583 3551 4655 quali-

138 4662 295 4718 miles
325 4665 570 4735 ignavus
591 4661 983 4753 regiarcastra,
1011 4657 1381 4753 somnolento
1419 4657 1784 4753 torporede'
1817 4657 1860 4724 Ῑ)
1891 4682 2112 4737 tatibus
2145 4681 2579 4736 aestimandam.
2606 4657 2727 4736 illoc
2757 4657 3424 4753 benigna-mansuetudo
3447 4680 3550 4731 tua

135 4767 385 4821 pressus,
410 4752 894 4824 oppugnantibus
917 4750 1116 4814 tradit,
1137 4749 1274 4803 dum
1299 4745 1774 4818 competentibus

138 4843 384 4897 excubiis
419 4859 536 4897 non
570 4839 852 4895 defendit.
915 4838 1041 4892 Haac
1091 4837 1307 4892 idcirco
1351 4835 1547 4891 curavi
1596 4851 1774 4906 quam

136 4932 378 4987 maxime
403 4927 836 5000 premittenda,
865 4942 934 4982 ne
961 4942 1026 4981 su
1039 4925 1227 4995 perbm
1251 4923 1654 4996 responsionis
1675 4922 1778 4980 ali-

143 5027 420 5088 quatenus
432 5026 629 5074 notare
646 5025 746 5070 tua
762 5017 944 5086 pietas
963 5013 1218 5079 velit,cui
1235 5012 1360 5083 ipsa
1382 5012 1776 5084 respondendi

144 5109 451 5163 necessitas
483 5106 744 5161 ofﬁcium
791 5104 986 5158 liberte
1034 5099 1437 5173 responsionis
1486 5101 1774 5173 imponit:

143 5212 269 5251 nam
303 5214 434 5253 cum
468 5197 539 5251 de
574 5201 685 5250 Deo
705 5211 796 5249 res
819 5194 1032 5266 agitur,
1065 5208 1180 5246 non
1203 5191 1346 5246 levis
1370 5199 1563 5245 reatus
1583 5196 1691 5258 est,
1725 5192 1776 5246 si

143 5288 285 5356 quod
319 5290 387 5340 ad
420 5287 676 5340 salutem
712 5285 956 5354 pertinet
982 5286 1228 5335 tacetur.
1264 5279 1350 5333 ita
1379 5295 1638 5351 namque
1669 5297 1776 5336 nos

144 5381 359 5432 ooortet
385 5377 550 5430 corde
582 5373 650 5427 ad
661 5371 949 5443 justitiam
977 5368 1230 5435 credere,
1267 5374 1328 5422 ut
1367 5367 1482 5424 oris
1508 5370 1779 5438 confessio

147 5464 237 5518 fiat
255 5465 554 5535 pariterad
573 5463 810 5517 salutem
828 5462 1005 5530 (Rom.
1031 5475 1086 5527 ι,
1110 5457 1220 5528 10);
1245 5457 1525 5527 quoniam
1555 5458 1778 5516 verbum

142 5551 232 5608 Dei
249 5571 357 5609 non
381 5562 462 5610 est
487 5553 736 5608 vinctum
768 5551 840 5622 (11
873 5549 1008 5604 Tim.
1042 5564 1103 5616 ιι,
1125 5547 1199 5618 9).
1233 5545 1354 5601 Huc
1370 5547 1594 5602 accedit
1625 5548 1781 5620 quod

140 5642 274 5698 illud
295 5643 506 5698 divina
532 5638 941 5714 praeceptionis
965 5637 1269 5692 oraculum
1292 5635 1490 5690 omnis
1509 5635 1782 5692 ecclesia-

143 5732 264 5788 stici
285 5731 683 5804 predioatoris
713 5741 1046 5802 personam,
1077 5739 1192 5782 non
1216 5728 1447 5782 tantum
1485 5724 1641 5794 ﬁdei,
1677 5729 1778 5785 sed

1893 4771 2090 4843 procul
2125 4771 2302 4825 dubio
2331 4770 2625 4841 perspicit,
2651 4771 2758 4826 hoc
2780 4770 2997 4842 ingenii
3023 4768 3321 4840 studiique
3340 4766 3423 4822 tui
3447 4783 3551 4822 sa-

1885 4857 2111 4931 gacitas
2135 4858 2520 4930 recognoscit;
2547 4875 2724 4930 quam
2747 4876 2880 4915 vere
2909 4859 3240 4914 mirandam
3270 4854 3546 4928 quisquis

1889 4947 2050 5004 novit
2080 4948 2452 5003 considerare
2485 4949 2846 5020 pronuntiat,
2881 4966 2995 5004 non
3031 4948 3184 5020 quod
3228 4945 3540 5002 insolitum

1888 5038 1966 5094 sit
1982 5038 2275 5094 hominem
2289 5038 2408 5093 Scri
2421 5045 2724 5110 pturarum
2741 5040 2873 5094 stud
2887 5039 2954 5094 iis
2968 5036 3366 5101 insistere,sed
3385 5033 3542 5104 quod

1889 5144 2085 5183 rarum
2113 5127 2394 5182 hactenus
2421 5127 2705 5184 habeatur
2725 5127 2958 5184 barbari
2984 5127 3138 5197 regis
3154 5123 3416 5178 animum
3435 5136 3548 5174 nu-

1890 5217 2134 5272 merosis
2169 5217 2329 5286 regni
2363 5216 2757 5288 curisjugiter
2777 5231 2918 5270 ocou
2933 5221 3130 5284 patum
3157 5216 3276 5264 tam
3303 5205 3553 5261 ferventi

1887 5306 2302 5378 cognoscendas
2323 5306 2626 5375 sapientiae
2651 5303 3040 5360 delectatione
3067 5295 3386 5364 ﬂammari,
3411 5309 3552 5350 cum

1887 5393 2298 5467 hujuscemodi
2315 5394 2788 5466 (al.hujusmodi)
2807 5407 3043 5462 semper
3059 5384 3454 5457 infatigabiles
3471 5383 3558 5439 ni-

1888 5500 1992 5540 sus
2023 5501 2135 5539 non
2172 5483 2285 5538 nisi
2308 5485 2392 5537 vel
2418 5485 2649 5539 otiosus
2672 5482 2808 5554 quis
2837 5481 3050 5536 habere
3081 5477 3290 5542 soleat,
3323 5474 3409 5530 vel
3437 5472 3560 5528 Ro-

1891 5589 2125 5628 manus.
2159 5570 2264 5625 Per
2295 5576 2371 5636 te,
2404 5571 2865 5627 clementissime
2893 5586 3015 5638 rex,
3052 5585 3153 5641 per
3187 5572 3260 5633 te,
3288 5566 3556 5634 inquam,

1889 5659 2217 5732 disciplina
2231 5661 2426 5715 studia
2443 5660 2911 5732 moliunturjura
2931 5657 3251 5716 barbaricas
3264 5652 3457 5725 gentis
3475 5649 3562 5705 in-

1885 5751 2118 5816 vadere,
2150 5763 2275 5820 quis
2306 5748 2422 5806 sibi
2452 5748 2615 5806 velut
2642 5747 2963 5806 vernacula
3003 5745 3369 5822 proprietate
3401 5738 3559 5794 soles
