3886 6318
102 316 195 377 233
1199 301 1306 360 AD
1346 290 1694 357 TRASIMU

1884 286 1934 348 Μ
1976 286 2129 348 LIB.
2174 284 2222 346 Ι.

3331 287 3450 348 234

104 436 811 516 aeprecipitChl-istusipse
831 431 1219 507 sequendum,
1253 430 1493 485 dicens:
1535 424 1688 516 Sinis
1717 425 1769 492 Α
1800 419 2011 516 Christi
2026 417 2321 516 loquentis
2346 417 2475 515 haec
2497 416 2643 516 dicit
2674 432 2687 470 :
2722 415 2967 516 Gaudeas
2996 416 3246 516 gaude—bo
3264 419 3324 472 in
3358 417 3453 516 Do:

100 513 316 610 perfectus
340 547 465 594 esse,
495 526 819 595 va:le,vende
844 525 1032 581 omnia
1061 538 1188 595 quae
1222 522 1313 577 11
1344 518 1588 610 habes,et
1618 513 1689 567 da

98 607 377 699 pauperibus
405 640 418 688 ;
442 631 491 673 et
509 619 728 673 habebis
751 616 1073 671 thesaurum
1089 616 1145 669 in
1163 612 1298 667 cwlo
1330 628 1344 671 ;
1367 618 1434 699 et,
1450 607 1691 699 ueni,”-

103 729 224 786 σιεγε
249 710 535 769 metllatlh.
566 725 682 769 xix,
714 708 834 776 21).
860 705 981 760 Non
1008 720 1144 773 ergo
1175 698 1459 770 corporali
1481 708 1686 786 gressu

103 783 191 856 solo
210 801 498 871 quisquam
526 796 793 866 sequitur
815 794 1132 853 Christum,
1163 796 1264 844 aut
1292 792 1450 842 errat
1481 801 1513 840 ει
1533 783 1695 837 Chri-

102 896 182 944 sto.
206 870 269 955 (tt)
299 886 562 957 Equidem
586 882 801 938 erroris
829 881 1010 948 hujus
1031 878 1379 949 qualitatem
1409 870 1689 926 Dominus

101 978 190 1048 ipse
208 975 555 1044 Salvatorque
575 972 829 1031 noster,d
843 985 939 1022 um
958 966 1306 1021 Sudducaaos
1329 959 1681 1027 increparet,

107 1068 320 1128 ostendit,
344 1065 539 1118 dicens
567 1061 832 1125 :Erratis,
854 1059 1152 1113 nescientes
1169 1054 1688 1121 Scripturasmequc

103 1159 304 1211 virtqu
324 1154 414 1207 Dei
444 1152 653 1222 (Matth.
686 1166 826 1211 xm,
855 1147 967 1216 29).
1001 1146 1313 1214 Propterea
1337 1140 1540 1209 utique
1574 1135 1684 1189 mi-

106 1243 364 1301 scrabiliter
402 1242 699 1308 errabant,
723 1236 1071 1307 quiaillum,
1104 1234 1205 1306 qui
1238 1230 1337 1286 Dei
1362 1231 1553 1282 virtus
1578 1228 1688 1292 est,

104 1331 550 1389 nesciebantﬁicut
578 1345 721 1400 ergo
750 1324 988 1381 virtutis
1014 1322 1110 1378 Dei
1142 1319 1388 1377 scientia
1407 1321 1580 1371 tenax
1601 1317 1692 1367 est

106 1424 298 1479 celestis
325 1420 567 1485 itineris,
591 1419 676 1473 sic
689 1422 779 1472 est
798 1414 1031 1471 inscitia
1054 1417 1241 1467 mater
1261 1407 1496 1464 erroris.
1527 1401 1692 1467 Quod

104 1515 232 1568 etiam
251 1512 439 1566 beatus
460 1508 644 1564 David
676 1504 1162 1568 ostendit,dicens
1194 1499 1265 1553 de
1283 1494 1679 1567 quibusdam:

105 1604 373 1668 Fuderunt,
393 1614 567 1669 neque
594 1594 1024 1653 intellexerunt.
1046 1592 1108 1645 in
1138 1588 1375 1643 tenebris
1402 1582 1693 1638 ambulant

106 1692 221 1755 (Ptol.
260 1705 470 1755 unm,
505 1690 578 1757 1).
618 1686 723 1741 His
753 1690 927 1754 atque
960 1677 1302 1749 bujusmodi
1334 1669 1692 1729 testimoniis

1796 509 1971 576 mino,
2003 513 2056 564 et
2076 507 2377 563 exsultabit
2434 507 2626 561 anima
2655 522 2775 561 mea
2804 505 2867 560 in
2900 506 3000 561 Deo
3031 505 3125 576 (al.
3163 510 3271 561 Deo
3307 505 3448 579 meo)

1797 599 1893 669 qui
1915 600 2011 668 (al.
2045 598 2197 668 quia)
2228 596 2410 651 induit
2444 613 2551 660 me,
2576 596 2960 651 vestimentum
2984 596 3261 661 solutis,et
3292 595 3454 653 indu.

1796 696 2037 740 mentum
2058 686 2299 756 justitiae
2318 685 2679 740 circumdedit
2699 701 2803 750 me,
2828 684 2998 756 quasi
3016 701 3275 753 sponsum
3298 684 3452 740 deco-

1797 783 1889 829 rat
1902 793 1993 829 um
2007 791 2227 841 corona,
2257 780 2306 830 et
2337 774 2498 846 quasi
2525 790 2780 845 sponsam
2801 778 3123 829 decoratum
3150 775 3451 829 monilibus

1795 866 1910 919 suis
1940 866 2090 934 (lsui.
2127 880 2236 929 Lxr,
2274 864 2380 936 10).
2420 864 2556 918 Ecce
2581 880 2734 918 unus
2765 867 2854 918 est
2885 864 3244 934 sponsus,(d)
3275 868 3364 918 est
3392 867 3449 918 et

1798 954 2143 1025 sponsa,qui
2170 969 2231 1007 se
2252 952 2429 1006 etiam
2450 937 2705 1006 animum
2734 953 2946 1006 habere
2970 957 3216 1006 testatur
3239 967 3446 1022 :quam

1797 1048 1864 1097 ut
1906 1043 2239 1097 ostenderet
2285 1058 2396 1096 non
2455 1041 2583 1096 sine
2637 1040 2930 1096 intellectu
2966 1047 3317 1113 susceptam,
3351 1057 3450 1097 cor

1799 1131 1973 1201 (quod
1996 1131 2295 1201 proprium
2319 1136 2408 1184 est
2428 1129 2636 1183 animm
2668 1129 2958 1200 humanae)
2993 1130 3088 1185 78
3113 1130 3289 1185 simul
3312 1146 3447 1185 cum

1799 1236 1974 1274 carne
2019 1220 2075 1273 in
2133 1224 2244 1273 Deo
2293 1217 2620 1273 exsultasse
2663 1235 2731 1272 ex
2764 1235 3010 1289 persona
3043 1218 3299 1273 hominis
3332 1235 3452 1275 sus-

1800 1307 1953 1379 cepti
1986 1308 2332 1362 monstravit
2359 1307 2559 1362 dicens
2596 1323 2608 1360 :
2644 1306 2747 1362 Cor
2775 1324 2957 1362 meum
2985 1314 3038 1366 er
3065 1324 3196 1364 caro
3212 1325 3333 1364 mea
3361 1324 3455 1364 e1:-

1798 1398 2144 1453 sultaverunt
2202 1395 2264 1450 in
2322 1397 2491 1451 Deum
2524 1397 2712 1451 viuum
2739 1397 2912 1468 (Psal.
2938 1414 3165 1463 Lxxxm,
3198 1399 3275 1468 2).
3309 1398 3457 1463 Quia

1798 1503 1934 1542 vero
1959 1492 2179 1541 natura:
2205 1485 2492 1556 primitias
2509 1486 2841 1557 suscipiens
2873 1485 3178 1553 Dominus,
3212 1487 3365 1541 sicut
3394 1485 3456 1542 in

1803 1593 1909 1632 suo
1930 1591 2173 1646 corpore
2207 1579 2554 1629 cunctorum
2591 1574 2852 1630 fidelium
2885 1577 3226 1646 corpus,sic
3258 1576 3316 1630 in
3352 1592 3460 1632 sua

1802 1665 2001 1719 anima
2024 1666 2429 1718 universorum
2456 1664 2716 1718 ﬁdelium
2734 1664 2960 1719 animus
2976 1682 3077 1735 per
3100 1671 3318 1727 naturae
3337 1663 3461 1719 uni-

107 1752 927 1835 evidentissimademonstratur
944 1771 1067 1827 ovis
1088 1768 1543 1829 illiuserrorem,
1576 1776 1688 1859 non
1726 1797 1771 1859 Β
1802 1759 1981 1808 tatem
2009 1753 2343 1859 ethgratiam
2382 1752 2826 1854 iustiﬁcationis
2859 1754 3099 1859 accepit
3126 1771 3278 1859 :iper.
3303 1753 3457 1810 hanc

107 1868 244 1924 solum
265 1867 500 1935 corpori,
533 1865 642 1920 sed
678 1864 853 1918 etiam
887 1860 1100 1914 animm
1129 1855 1568 1924 deputandum:
1597 1847 1696 1903 illa

110 1958 272 2011 scilicet
294 1955 575 2025 ratione,q
588 1952 827 2007 uoniam
842 1951 945 2005 etsi
964 1949 1037 2003 ab
1061 1944 1299 2002 homine
1316 1937 1699 2025 corporaliter

110 2046 308 2101 videatur
332 2024 571 2115 aliquod
596 2038 833 2096 admitti
861 2043 1188 2110 peccatum,
1221 2050 1287 2088 ex
1321 2032 1493 2086 corde
1514 2024 1696 2115 sumit

110 2136 359 2197 exordium,
384 2113 484 2187 nec
500 2130 875 2187 extrinsecus
897 2126 1178 2198 quiddam
1228 2118 1548 2191 perficitur,
1583 2113 1693 2169 nisi

107 2223 506 2279 bocintrinsecus
519 2216 928 2287 cogitationisj
941 2214 1131 2269 udicio
1148 2204 1609 2283 porrigaturﬂuj
1622 2219 1691 2257 us

108 2315 159 2367 rei
176 2312 430 2367 veritatem
454 2309 698 2365 Veritas
723 2308 890 2361 nobis
914 2306 1042 2376 ipsa
1065 2297 1431 2359 monstravit,
1465 2294 1547 2348 ita
1578 2293 1695 2347 dis-

108 2400 260 2471 cipulis
290 2400 528 2473 loquens
572 2414 592 2452 :
624 2398 699 2451 De
752 2399 913 2451 corde
937 2396 1086 2449 enim
1116 2398 1316 2446 coeunt
1342 2385 1697 2473 cogitationes

114 2492 243 2552 M12.
269 2471 576 2553 homicidia,
616 2487 726 2541 adu
740 2484 923 2541 lteria.
941 2471 1695 2553 fornicationes,furta,/alsa

110 2581 366 2641 testimonia,
391 2578 757 2647 blasphemiae
801 2575 924 2629 Htrc
944 2577 1072 2628 sunt
1096 2584 1221 2643 qum
1236 2561 1699 2631 coinquinantho-

108 2668 250 2724 minem
275 2670 469 2739 (llatth.
499 2684 595 2729 xv,
618 2666 731 2728 19).
758 2665 820 2719 In
844 2664 951 2718 hoc
981 2662 1160 2732 igitur
1180 2654 1587 2726 unusquisque
1607 2667 1692 2705 cr-

109 2757 230 2819 rat,in
249 2775 344 2827 quo
359 2756 751 2828 semetipsum
779 2754 940 2808 mala:
966 2746 1338 2822 cogitationis
1356 2740 1697 2799 assensione

108 2845 437 2901 commaculat.

105 2970 243 3025 Caper
265 2988 310 3026 ι.
341 2972 417 3025 Et
450 2966 740 3028 narabola
771 2968 886 3021 ovis
915 2966 1212 3034 reportalw
1252 2956 1697 3036 probatur'totus

154 3044 332 3096 homno
386 3043 601 3096 Christo
635 3043 940 3098 susceptus.
991 3037 1237 3091 Christus
1292 3046 1392 3103 per
1446 3041 1698 3103 animam

152 3129 274 3167 suam
302 3113 589 3168 Ecclesium
624 3114 687 3167 in
716 3111 1038 3177 coniugium
1068 3099 1301 3176 recepit;
1324 3099 1574 3157 Christus
1605 3113 1694 3152 ca-

149 3192 239 3255 put,
264 3185 489 3241 Ecclesia
518 3200 726 3255 corpus
756 3193 899 3237 recte
926 3179 1151 3234 dicitur.

154 3290 484 3363 Quapropter,
519 3308 664 3347 cum
684 3289 965 3344 erroriste
984 3285 1192 3340 animis
1207 3281 1382 3337 simul
1398 3276 1691 3348 intelliga-

105 3388 229 3435 taret
246 3381 506 3453 corporis,
540 3380 592 3436 si
629 3379 726 3434 Dei
760 3376 941 3433 Filius
963 3377 1187 3444 absque
1210 3363 1691 3426 animarationali

108 3470 308 3535 {bisolam
324 3473 536 3543 accepit
553 3462 1442 3527 hominiscarnem,inferiorem
1468 3461 1688 3543 partem

109 3556 225 3613 illius
243 3560 350 3615 ovis
372 3542 611 3616 domum
633 3554 1162 3624 retulit,meliorem
1181 3547 1489 3619 vero(quod
1517 3542 1691 3613 absit)

105 3649 236 3701 errori
264 3657 522 3719 perpetuo
584 3644 902 3716 dereliquit
937 3662 949 3699 :
1014 3658 1147 3696 nam
1197 3638 1573 3693 manifestum
1606 3637 1696 3688 est

107 3738 321 3805 quoniam
361 3739 464 3794 hoc
492 3735 815 3793 revocavit.
850 3732 1001 3805 quod
1032 3730 1284 3802 propriis
1313 3723 1575 3780 humeris
1609 3738 1692 3777 re-

108 3827 313 3889 portavit.
341 3828 393 3882 Si
444 3833 654 3881 autem
709 3824 837 3893 ipse
886 3828 1066 3875 totam
1102 3836 1163 3873 se
1198 3814 1501 3887 proﬁtetur
1530 3826 1694 3866 ovem

106 3914 299 3983 propriis
312 3914 564 3970 humeris
579 3914 666 3967 im
678 3909 1510 3981 positamtc)reportasse,totus
1526 3901 1699 3954 homo

107 4011 423 4067 cognoscatur
448 4007 503 4058 in
533 3998 798 4057 Christo.
836 3999 1121 4063 Quoaiam
1152 4001 1291 4049 tunc
1322 3999 1411 4047 est
1442 3988 1700 4044 hominis

107 4090 331 4145 credenda
354 4088 754 4161 redemptiosi
782 4088 842 4143 in
877 4087 1017 4141 Filio
1043 4085 1136 4138 Dei
1169 4078 1562 4152 susceptionis
1592 4075 1701 4130 hu-

107 4191 262 4245 mane,
291 4181 442 4236 idest
466 4182 593 4236 ovis
619 4178 786 4232 illius
817 4181 1142 4246 reportata},
1168 4188 1279 4226 non
1308 4169 1494 4223 defuit
1519 4164 1702 4237 pleni-

105 4266 491 4325 ludo.llocenim
515 4269 678 4324 Deus
721 4271 777 4319 in
797 4260 1245 4323 nobissalvavit,
1278 4259 1428 4330 quod
1463 4274 1563 4327 pro
1599 4272 1703 4311 no—

105 4351 170 4407 bis
186 4360 419 4430 a--cepit;
466 4365 527 4414 et
575 4358 743 4411 illam
768 4360 924 4411 Deus
953 4354 1047 4406 Dei
1073 4349 1536 4405 Filiusnuturam
1576 4346 1708 4399 lecit

110 4445 386 4515 participem
419 4448 638 4502 salutis
672 4450 923 4507 eterna},
956 4456 1134 4511 quam
1168 4437 1277 4493 sibi
1312 4434 1618 4505 conjunxit
1650 4435 1705 4487 in

1806 1860 2036 1899 omnem
2054 1841 2371 1897 Ecclesiam
2390 1842 2448 1895 in
2465 1842 2803 1911 conjugium
2825 1841 2936 1896 sibi
2965 1847 3253 1912 perpetuae
3268 1844 3457 1897 incor-

1806 1931 2214 2003 ruptibilitatis
2238 1932 2640 1999 ascivit,cujus
2659 1931 3065 2001 desponsionis
3089 1932 3355 1986 mirabile
3374 1948 3462 1987 sa-

1806 2026 2168 2076 cramentum
2186 2020 2270 2073 sic
2287 2019 2472 2073 tidelis
2488 2019 2689 2088 sponsi
2711 2035 2915 2073 servus
2930 2019 3041 2089 ipsi
3056 2037 3282 2089 sponsa:
3298 2036 3460 2074 com-

1807 2112 2065 2173 mendat,
2085 2109 2378 2162 utmentis
2402 2107 2766 2179 intelligatur
2788 2109 2973 2176 magis
2996 2125 3124 2163 esse
3148 2125 3319 2180 quam
3342 2125 3464 2163 cor-

1808 2200 1965 2270 poris
1999 2199 2199 2252 dicens
2227 2213 2240 2250 :
2267 2196 2530 2264 Despondi
2569 2196 2718 2251 enim
2748 2213 2838 2252 vos
2868 2200 2970 2251 uni
2998 2201 3137 2252 viro.
3192 2200 3462 2267 virginem

1805 2299 2014 2345 castam
2043 2287 2302 2342 exhibere
2332 2286 2756 2341 Christo.Ttmeo
2778 2292 2959 2343 autem
2988 2303 3059 2342 ne
3076 2289 3216 2341 sicut
3242 2304 3463 2357 serpens

1808 2382 1975 2434 Evam
2005 2378 2224 2433 seduxit
2272 2379 2478 2431 astutia
2508 2394 2632 2440 sua,
2678 2379 2755 2432 ita
2781 2384 3218 2445 corrumpantur
3272 2396 3464 2434 sensus

1806 2470 1995 2535 vestri,
2026 2472 2079 2522 et
2121 2466 2378 2521 excidant
2409 2484 2445 2520 ιι
2480 2467 2856 2535 simplicitate,
2890 2482 3016 2537 qua?
3047 2477 3125 2522 est
3154 2470 3213 2521 in
3245 2468 3465 2525 Christo

1812 2560 1886 2635 (II
1913 2558 2038 2612 Cor.
2072 2574 2148 2623 χι,
2182 2557 2239 2621 2,
2271 2557 2346 2617 3).
2382 2556 2623 2624 lbiergo
2644 2555 2930 2626 spiritalis
2961 2556 3460 2613 adultercorrum-

1806 2663 1940 2717 pere
1990 2646 2197 2716 quaerit
2229 2645 2557 2698 castitatem
2609 2644 2912 2715 virginalis
2947 2646 3327 2709 matrimonii,
3362 2647 3467 2701 ubi

1806 2736 1994 2790 cernit
2016 2732 2230 2787 cmlesti
2252 2749 2468 2803 sponso
2491 2733 2661 2786 Iidem
2679 2732 2954 2786 Connubii
2986 2734 3192 2788 debere
3217 2736 3459 2791 servari.

1807 2824 2066 2879 Inaniter
2095 2828 2292 2877 autem
2320 2824 2527 2876 animae
2548 2823 2875 2876 castitatem
2903 2823 3186 2877 custodiri
3219 2826 3461 2880 mandat

1805 2910 2199 2983 Apostolus,si
2225 2910 2399 2980 hujus
2423 2909 2712 2979 primitias
2730 2911 3232 2979 conjunctionisin
3256 2930 3317 2967 se
3343 2929 3458 2968 non

1807 3000 2014 3056 habuit
2043 3001 2212 3055 homo
2237 3017 2267 3052 a
2294 3002 2401 3053 Deo
2416 3006 2730 3070 susceptus
2756 3017 2769 3065 ;
2799 3001 3115 3070 praesertim
3134 3018 3262 3055 cum
3284 3006 3461 3072 caput

1808 3094 1865 3145 et
1896 3106 2106 3161 corpus
2125 3090 2416 3144 Christum
2440 3089 2881 3159 Ecclesiamque
2922 3090 3124 3144 doctor
3148 3091 3298 3144 idem
3320 3107 3460 3161 gen-

1648 3212 1657 3218 ι
1719 3164 1762 3232 C
1802 3180 1948 3234 tium
1985 3180 2298 3250 praedicare
2356 3195 2472 3233 non
2504 3185 2683 3244 esset,
2716 3178 2916 3232 dicens
2947 3194 2960 3232 :
2990 3178 3301 3232 Secundum
3332 3194 3460 3248 ope-

1796 3271 2069 3323 rationem
2103 3268 2366 3338 potentig‘
2398 3269 2620 3321 virtutis
2651 3266 2768 3336 ejus
2797 3282 2964 3337 quam
2993 3272 3251 3333 aperatus
3282 3271 3363 3320 est
3398 3268 3459 3321 in

1799 3357 2015 3411 Christo
2035 3361 2195 3421 Jesu,
2222 3353 2493 3409 suscitans
2521 3353 2687 3407 illum
2735 3372 2769 3407 a
2816 3356 3071 3417 mortuis,
3119 3358 3459 3410 constituens

1799 3447 1868 3500 ad
1896 3445 2180 3499 dexteram
2206 3460 2364 3497 suam
2394 3444 2451 3495 in
2482 3442 2785 3496 cwlestibus
2815 3459 2985 3511 supra
3016 3458 3229 3496 omnem
3250 3443 3461 3513 princi-

1798 3540 2011 3606 patum,
2043 3543 2091 3588 σι
2120 3536 2459 3602 potestatem,
2512 3541 2564 3585 et
2612 3532 2898 3591 virtutem,
2918 3535 2969 3585 et
3000 3531 3453 3601 dominationem,

1800 3626 1852 3676 et
1882 3638 2247 3677 omnenomen
2262 3624 2405 3693 quod
2422 3620 2761 3682 nominatur,
2795 3635 2902 3673 non
2935 3621 3110 3673 solum
3136 3620 3194 3674 in
3226 3622 3323 3675 hoc
3342 3636 3449 3679 sae-

1801 3715 1944 3779 culo,
1975 3713 2067 3768 sed
2096 3712 2335 3768 etiamin
2366 3715 2557 3781 futuro
2590 3728 2602 3765 :
2639 3721 2689 3766 et
2716 3715 2900 3766 omnia
2922 3712 3147 3777 subiecit
3169 3714 3266 3767 sub
3294 3713 3450 3783 pedi-

1804 3805 1902 3860 bus
1955 3807 2093 3875 eius,
2122 3809 2174 3860 et
2206 3807 2386 3875 ipsum
2442 3803 2589 3859 dedit
2629 3815 2793 3873 caput
2819 3820 2993 3871 supra
3034 3820 3246 3858 omnem
3277 3805 3452 3861 Eccle-

1800 3895 1965 3961 siam,
1998 3910 2118 3966 qua:
2177 3900 2254 3949 est
2305 3911 2505 3965 corpus
2564 3893 2761 3963 ipsius,
2788 3894 3069 3964 plenitudo
3099 3895 3244 3960 eius,
3269 3896 3339 3965 (ε)
3368 3895 3469 3966 qui

1806 3986 1995 4039 omnia
2027 3985 2085 4037 in
2127 3982 2386 4037 omnibus
2412 3982 2674 4052 adimplet
2736 3983 2949 4052 (Ephes.
3005 3999 3046 4051 ι,
3078 3984 3279 4053 20-22).
3340 3983 3467 4041 Atio

1809 4089 2044 4144 quoque
2080 4072 2204 4127 loco
2238 4072 2454 4126 dicitur
2483 4073 2576 4132 tat.
2611 4072 2807 4141 dicit):
2850 4073 2936 4125 Vir
2965 4081 3135 4142 caput
3163 4082 3242 4126 est
3274 4074 3467 4129 mulie-

1806 4166 1908 4225 ris,
1938 4163 2080 4215 sicut
2110 4160 2361 4216 Christus
2409 4166 2575 4225 caput
2617 4169 2695 4213 est
2751 4160 3026 4224 Ecclesiae,
3070 4162 3185 4229 ipse
3214 4160 3468 4217 Salvator

1810 4250 2056 4320 corporis
2083 4250 2297 4319 (Ep/tes.
2332 4266 2384 4303 v.
2415 4249 2526 4317 23).
2561 4247 2864 4310 Quomodo
2895 4264 3031 4318 ergo
3055 4250 3251 4303 anima
3283 4248 3470 4304 Eccle-

1814 4340 1912 4393 sia:
1941 4339 2150 4407 poterit
2172 4336 2405 4400 salvari,
2458 4336 2504 4389 si
2533 4336 2717 4389 defuit
2760 4337 2958 4389 anima
3013 4335 3295 4390 Salvatori
3323 4335 3351 4389 ?
3379 4336 3465 4392 vel

1814 4428 2007 4499 qualis
2030 4424 2651 4481 eﬂ‘ectusliberationis
2691 4424 3074 4490 credetur(al.
3114 4425 3464 4496 crederetur)

110 4512 284 4589 unitate
309 4553 603 4607 pel-song:
639 4533 806 4589 illam
841 4532 901 4586 in
933 4529 1167 4585 cteleste
1200 4525 1483 4598 palatium
1518 4523 1701 4577 intro-
1734 4538 1781 4602 Ι)
1814 4522 2125 4572 secuturus
2157 4514 2214 4569 in
2248 4529 2507 4607 corpore,
2541 4512 2639 4583 qui
2665 4528 2777 4565 non
2800 4512 3097 4582 praecessit
3127 4512 3184 4565 in
3219 4512 3406 4583 capite
3432 4512 3462 4569 τ

108 4618 247 4686 duxit,
265 4641 384 4680 cum
416 4642 534 4698 qua
562 4638 825 4697 sponsus
848 4622 920 4675 de
942 4618 1200 4673 thalamo
1226 4616 1372 4669 uteri
1401 4610 1704 4683 virginalis

107 4710 261 4769 exivit:
292 4717 399 4787 ipse
414 4717 598 4779 enim,
622 4720 891 4783 tanquam
920 4723 1149 4780 sponsus
1168 4703 1462 4777 procedens
1492 4706 1562 4757 de
1581 4703 1700 4757 thu-

108 4798 213 4853 lumo
234 4803 675 4868 suo,exsultavit
732 4804 790 4856 ut
844 4802 998 4870 gigas
1050 4796 1121 4851 ad
1175 4793 1511 4849 currendum
1540 4794 1698 4846 viam

105 4886 233 4947 (ρωι.
253 4908 393 4955 xvm,
420 4894 475 4957 6,
496 4894 574 4963 7).
600 4890 743 4955 Quis
787 4895 978 4943 auten:
1005 4885 1286 4940 moliatur
1310 4883 1501 4936 dicere
1522 4879 1696 4934 Verbi

108 4977 175 5028 Ue:
194 4996 435 5046 sponsam
458 4998 696 5035 carnem
720 4978 1037 5044 fuisse,non
1056 4969 1355 5026 animam?
1376 4970 1466 5024 cui
1491 4969 1695 5023 animae

99 5059 190 5131 jam
206 5070 274 5135 pri
295 5075 396 5124 tem
411 5069 823 5126 dictumestab
839 5066 962 5135 ipso
981 5063 1208 5117 Donino
1227 5077 1324 5130 per
1339 5060 1694 5130 prOpheta'm

107 5150 150 5202 Et
192 5156 490 5225 desponsabo
546 5169 605 5213 te
634 5158 777 5211 mihi
822 5155 881 5208 in
918 5167 1187 5210 aeternum
1227 5155 1320 5215 :el
1350 5151 1621 5220 Sponsabo
1650 5157 1700 5205 te

105 5242 213 5299 mihi
235 5248 293 5301 ad
319 5250 584 5311 iustitiam
616 5250 715 5315 (al.
751 5250 808 5301 in
844 5247 1073 5313 iustitia)
1117 5248 1169 5299 et
1199 5260 1259 5296 in
1292 5241 1518 5307 iudicio,
1551 5249 1601 5295 et
1637 5244 1699 5296 in

106 5333 451 5401 misericordia,
481 5345 537 5392 rt
563 5337 765 5407 pietate
793 5338 1056 5401 (Οςμιικιι,
1094 5333 1197 5401 19).
1227 5332 1409 5399 Cujus
1435 5336 1702 5403 mysterii

107 5419 251 5479 Isaias
268 5441 488 5500 quoque
512 5427 680 5482 testis
712 5425 902 5480 ﬁdelis
949 5423 1193 5491 exstitit,
1225 5437 1325 5494 qui
1358 5438 1423 5476 ex
1454 5437 1703 5493 persona

162 5548 221 5623 (tn
245 5549 344 5623 με.
374 5552 568 5613 Corb.:
605 5555 670 5607 Et
702 5551 951 5623 quidem.

182 5618 219 5681 bl
245 5620 341 5677 Ms.
370 5624 560 5689 Corb.,
590 5618 787 5679 solum.

206 5694 220 5759 l
246 5695 411 5751 Abest
436 5713 469 5751 a
501 5712 616 5750 ms.
650 5695 773 5751 Cor.
799 5694 919 5749 haec
949 5708 1055 5749 vox
1088 5689 1425 5760 impositam.

388 5816 652 5880 Panos.
692 5811 863 5876 LXV.

1816 4606 1959 4663 Nam
1981 4606 2136 4660 sicut
2166 4604 2291 4659 suis
2316 4600 2585 4656 ﬁdelibus
2634 4600 2813 4655 dicit:
2841 4600 2901 4655 Si
2927 4618 3013 4656 vos
3043 4600 3223 4656 Filius
3262 4602 3463 4658 libera-

1804 4698 1964 4753 verit.
1990 4698 2124 4749 tunc
2156 4709 2277 4748 vere
2307 4690 2474 4746 liberi
2512 4693 2667 4746 eritis
2693 4690 2874 4761 (Joan.
2909 4707 3030 4759 VIII,
3065 4692 3265 4763 36),ita
3296 4692 3368 4748 de
3397 4709 3461 4750 se

1804 4798 2034 4853 quoque
2069 4780 2408 4851 pronuntiat
2442 4794 2454 4831 :
2485 4777 2622 4846 Quia
2654 4778 2842 4848 fac/us
2873 4789 2951 4834 est
2978 4782 3124 4834 sicut
3155 4780 3311 4835 homo
3341 4782 3463 4837 sine

1806 4871 2079 4940 adjutorio
2109 4871 2255 4923 inter
2277 4872 2511 4924 mortuos
2539 4867 2865 4939 liber(Psal.
2900 4885 3147 4935 Lxxxvu,
3180 4870 3257 4936 5).
3294 4867 3462 4933 Quod

1804 4976 1938 5025 ergo
1961 4968 2136 5029 caput
2159 4958 2403 5011 liberum
2433 4958 2565 5011 fecit
2590 4959 2643 5010 in
2670 4974 2750 5019 se.
2782 4959 2888 5012 hoc
2911 4958 3083 5012 etiam
3116 4958 3379 5013 liberavit
3402 4958 3459 5012 in

1805 5064 2066 5118 corpore.
2091 5047 2230 5118 quia
2261 5052 2488 5101 intrans
2520 5047 2574 5101 in
2606 5048 2846 5100 domum
2882 5049 3066 5112 fortis,
3120 5053 3294 5116 atque
3326 5044 3459 5099 alli-

1806 5154 1951 5209 guns
1978 5138 2181 5191 fortem
2215 5137 2432 5208 (Matth.
2470 5152 2571 5196 x11.
2602 5136 2713 5205 29),
2750 5138 2854 5189 hoc
2896 5137 2974 5188 ibi
2999 5152 3030 5188 a
3053 5136 3287 5188 servitio
3312 5135 3456 5187 libe-

1807 5226 2148 5297 ravit,quod
2186 5226 2459 5295 primitus
2493 5226 2549 5279 in
2583 5241 2644 5279 se
2698 5241 2798 5295 pro
2825 5240 2990 5278 servo
3022 5223 3322 5292 suscepit;
3352 5237 3455 5278 ueo

1808 5316 1965 5370 aliud
2012 5321 2100 5369 est
2132 5316 2186 5369 in
2220 5331 2456 5383 corpore
2475 5314 2540 5383 (Γ)
2573 5319 2971 5381 regnaturum,
3008 5327 3182 5380 quam
3208 5310 3359 5379 quod
3397 5313 3454 5367 in

1809 5409 1998 5478 capite
2032 5404 2331 5477 praecessit
2363 5403 2467 5472 (ul.
2504 5399 2889 5472 processit)ad
2923 5399 3344 5471 cmlum.Cujus
3374 5399 3458 5457 rei

1883 5548 1962 5620 (di
1990 5549 2055 5620 _In
2085 5563 2190 5600 ms.
2222 5544 2390 5599 Corb.
2424 5544 2587 5620 deest
2615 5552 2711 5599 est.

1885 5615 1953 5690 (ρ)
1987 5618 2095 5673 Ms.
2125 5619 2276 5674 Corb
2309 5658 2322 5676 .
2349 5619 2483 5690 quia
2511 5618 2783 5690 omniain
2814 5615 3066 5672 omnibus
3093 5615 3461 5689 adimpletur.

1883 5689 1949 5763 (ι)
1985 5690 2067 5745 Ita
2095 5705 2208 5745 ms.
2239 5689 2410 5745 Corb.
2444 5693 2513 5746 At
2535 5689 2673 5745 editi
2705 5689 2924 5748 habent
2959 5692 3341 5763 regnantium.
