3886 6334
456 339 577 398 235

1453 337 1519 395 S.
1566 329 1993 396 FULGENTII
2035 327 2385 391 EPISCOPI
2431 331 2895 397 RUSPENSIS.

3700 342 3796 418 238

458 466 859 524 credulitatem
887 464 1135 521 fideliter
1163 482 1230 522 ac
1274 465 1626 521 ﬁducialiter
1655 482 1865 538 gerens
1894 461 2111 519 Paulus
2139 463 2193 529 Α
2292 465 2660 552 setpnnti/‘ex,
2692 466 2908 537 integer
2934 472 2999 526 ut
3046 478 3181 528 esset
3233 473 3404 542 homo,
3457 493 3522 535 ea:
3548 480 3797 552 ἱέρειαι.

459 557 739 620 exsultat,
776 564 831 611 ct
862 557 1000 610 dicit
1030 574 1042 611 :
1081 556 1274 609 Nostra
1303 561 1495 611 autem
1524 554 1867 611 conversatio
1889 554 2115 610 iacietis

460 658 539 703 est
573 647 806 719 (Philip.
845 647 1050 716 p.20).
1074 645 1153 699 lbi
1180 646 1492 717 itaque(ai.
1532 647 1754 717 utique)
1786 662 1951 700 suam
1988 643 2114 698 ani-

463 754 613 792 mam
634 752 735 790 eun
750 735 964 788 versari
988 752 1097 787 non
1122 735 1385 806 ambigit,
1403 736 1499 789 ubi
1519 735 1831 789 humanam
1854 733 2114 789 animam

467 830 523 882 in
559 825 787 879 Christo
813 840 1052 892 regnare
1072 823 1346 877 confidit:
1384 836 1618 894 propter
1639 826 1790 894 quod
1816 823 1988 877 etiam
2011 823 2114 876 Co-

458 913 751 969 lossenses
772 912 1285 981 bii)uscemodi(al.
1315 910 2117 983 bujusmodi)praedicationis

458 1003 732 1058 hortatur
764 1001 995 1071 eloquio
1044 1002 1245 1056 dicens
1276 1018 1287 1056 :
1341 1001 1399 1056 St
1431 1000 1957 1072 consurrexististal.
1990 1017 2119 1055 con-

456 1090 838 1161 surrercrt'ti~)
861 1108 984 1143 cum
1035 1092 1269 1156 Christo,
1304 1105 1429 1161 quae
1458 1107 1677 1145 sursum
1706 1096 1835 1145 sunt
1867 1090 2118 1161 quaerite,

456 1181 559 1238 ubi
595 1181 844 1237 Christus
875 1188 953 1235 est
986 1180 1043 1234 in
1070 1179 1298 1236 dextera
1332 1181 1427 1235 Dei
1446 1187 1661 1236 sedens.

814 1270 1005 1325 CAPUT
1034 1287 1109 1324 χι.
1152 1270 1282 1325 Atia
1314 1273 1458 1326 ratio
1481 1287 1551 1326 ex
1581 1271 1758 1326 Petro.

536 1379 653 1431 Nec
688 1375 829 1430 illud
857 1382 945 1430 cst
966 1376 1343 1447 aliquatenus
1377 1376 1956 1448 omittendum,quod
1981 1391 2115 1430 cum

462 1481 674 1536 magno
693 1466 1120 1536 praedicationis
1147 1464 1429 1520 miraculo
1453 1466 1657 1521 Petrus
1672 1463 2119 1521 commendatio

463 1553 721 1621 Christo,
755 1556 895 1625 quia
924 1558 1208 1625 peccatum
1226 1571 1333 1609 non
1358 1555 1453 1609 79
1477 1558 1631 1624 fecit,
1650 1572 1753 1609 nec
1768 1556 2022 1610 inventus
2041 1556 2119 1608 est

457 1642 616 1697 dolus
642 1644 699 1698 in
725 1661 816 1698 ore
856 1645 988 1713 ejus.
1023 1644 1112 1698 Sic
1135 1643 1291 1698 enim
1325 1644 1500 1698 dicit:
1553 1644 1802 1699 Christus
1831 1660 1928 1716 pro
1958 1643 2118 1698 nobis

458 1733 561 1803 (at.
597 1733 780 1800 vobis)
811 1744 1060 1788 martuus
1080 1739 1178 1799 est,
1199 1733 1346 1788 vobis
1374 1733 1697 1804 relinquens
1725 1734 2040 1803 exemplum
2055 1737 2116 1787 ut

2294 539 2473 594 batur.

2291 627 2397 682 Est
2416 627 2558 700 igitu
2571 629 2698 684 rDei
2718 629 2895 686 Filius
2909 631 3233 689 animarum
3250 642 3562 696 nostrarum
3579 643 3795 706 visitator

2222 722 2279 773 et
2293 724 2509 790 pastor,
2533 719 2665 792 quia
2691 720 2811 775 ﬁeri
2831 721 3210 794 dignatusest
3230 726 3799 796 animaehumantesue—

2223 820 2439 878 cepior,
2462 810 2556 863 cui
2581 826 2647 864 ex
2675 826 2925 879 persona
2950 811 3154 868 futura;
3184 819 3559 890 susceptionis
3578 822 3798 883 humana

2224 895 2518 951 diciturin
2555 897 2783 968 psalmo
2833 898 3110 968 :Suscipe
3159 920 3248 959 me
3293 909 3571 964 secundum
3620 916 3798 971 verbum

2222 996 2400 1053 tuum,
2429 995 2481 1042 et
2511 987 2693 1043 vivam
2716 989 2885 1054 (Psal.
2920 1006 3114 1059 cxvm,
3141 993 3281 1066 116).
3314 995 3564 1054 Christus
3589 1017 3705 1073 ergo
3730 1021 3801 1074 pa-

2225 1082 2349 1131 stor
2372 1082 2567 1132 noster
2587 1082 2695 1143 est,
2728 1080 2897 1149 cujus
2920 1097 3028 1136 nos
3050 1098 3183 1138 oves
3209 1099 3335 1140 esse
3355 1088 3797 1158 apostolicatesta-

2224 1169 2324 1221 tur
2354 1167 2675 1223 auctoritas
2701 1169 2835 1240 ;qui
2857 1173 3080 1238 tamen,
3114 1177 3178 1227 ut
3207 1173 3371 1245 plene
3392 1184 3797 1249 susceptoremse

2229 1260 2441 1311 nostra:
2470 1261 2691 1311 natura:
2721 1256 3394 1331 dignareturostendere,
3418 1282 3527 1321 non
3545 1266 3706 1324 solum
3719 1287 3797 1342 pa-

2226 1353 2463 1415 storem,
2486 1348 2586 1401 sed
2619 1356 2672 1402 et
2704 1363 2869 1403 ovem
2929 1365 2992 1405 se
3024 1365 3136 1405 non
3169 1350 3509 1425 dedignatus
3549 1364 3627 1413 est
3651 1359 3802 1431 appel-

2226 1434 2348 1490 lare
2375 1434 2476 1505 (at.
2509 1434 2839 1509 appellari),
2881 1443 2946 1493 ut
2987 1443 3122 1510 pote
3152 1441 3221 1496 de
3254 1458 3388 1513 quo,
3419 1450 3604 1501 sancto
3627 1446 3798 1518 Spiritu

2224 1528 2392 1579 actus
2421 1524 2516 1592 (at.
2581 1529 2817 1592 tactus),
2846 1528 3133 1600 propheta
3161 1534 3442 1588 testatur:
3469 1533 3610 1590 Sicut
3631 1538 3724 1591 ovis
3747 1535 3797 1591 ad

2223 1615 2509 1669 victimam
2530 1614 2793 1671 adductus
2821 1622 2921 1686 est,
2948 1626 3002 1674 et
3031 1617 3174 1674 sicut
3201 1636 3377 1689 agnus
3395 1637 3571 1679 coram
3592 1626 3797 1682 tondente

2224 1705 2347 1759 sine
2378 1720 2520 1771 voce,
2573 1707 2653 1760 sic
2680 1720 2792 1760 non
2846 1706 3076 1778 aperuit
3104 1724 3162 1764 os
3190 1711 3494 1780 suumUsai.
3526 1729 3629 1782 Lm,
3654 1715 3699 1785 7)
3725 1731 3736 1781 ;
3760 1718 3800 1769 et

454 1825 769 1889 sequamini
816 1824 1041 1893 vestigia
1070 1823 1189 1894 ejus
1221 1842 1236 1891 ;
1271 1827 1368 1894 qui
1395 1834 1679 1893 peccatum
1708 1840 1817 1879 non
1838 1823 1988 1894 fecit,
2019 1838 2121 1877 nec
2146 1815 2196 1882 Β
2230 1808 2353 1894 ipse
2383 1810 2482 1864 per
2503 1793 2619 1894 (at;
2641 1794 2834 1850 denuo
2855 1795 2975 1867 per)
2996 1797 3308 1894 ’93?me
3344 1799 3482 1871 :Ego
3506 1799 3794 1894 ³ί⁰¹¹ί⁰9⁷¹¹ξδ

456 1910 715 1966 inventus
744 1916 821 1966 est
853 1916 1016 1967 (lotus
1066 1914 1126 1967 in
1156 1929 1249 1968 ore
1275 1913 1436 1985 ejus(l
1467 1917 1613 1969 Petr.
1643 1930 1703 1979 ii,
1734 1914 1827 1983 22)
1881 1913 2028 1968 Nam
2061 1911 2110 1967 si

461 2001 558 2055 Dei
593 2001 769 2055 Filius
802 2003 1061 2056 animum
1100 2003 1418 2057 humanam
1450 2002 1511 2057 in
1530 2001 2111 2073 carnissnsceptione

457 2105 571 2143 non
601 2090 823 2155 habuit,
850 2097 906 2144 et
931 2091 1038 2145 hoc
1058 2092 1264 2146 beatus
1290 2091 1494 2145 Petrus
1526 2092 1597 2145 de
1615 2092 1740 2161 ejus
1763 2089 2114 2145 crediturdi-

453 2179 695 2234 vinitate
715 2180 950 2246 dixisse,
983 2178 1122 2250 quid
1142 2184 1231 2234 est
1258 2180 1412 2250 quod
1440 2196 1541 2250 pro
1564 2180 1847 2248 magnoin
1874 2177 2108 2233 laudem

455 2269 671 2323 dicitur
701 2268 934 2332 Christi,
958 2270 1095 2338 quia
1118 2267 1393 2324 divinitas
1408 2270 1536 2338 ejus
1560 2268 1843 2321 immunis
1866 2284 1993 2323 esse
2018 2283 2113 2338 po-

455 2358 613 2412 tuita
635 2358 761 2411 labe
786 2360 1024 2429 peccati,
1059 2374 1189 2411 cum
1213 2357 1309 2412 Dei
1328 2357 1403 2411 sit
1428 2357 1749 2428 proprium,
1776 2373 1889 2412 non
1916 2356 2107 2411 solum

456 2463 573 2501 non
602 2463 858 2516 peccare.
894 2449 991 2499 sed
1014 2447 1185 2500 etiam
1220 2464 1252 2500 a
1277 2453 1509 2516 peccato
1543 2446 1795 2501 salvare:
1843 2445 1942 2516 qui
1978 2461 2108 2517 pro-

454 2540 653 2606 pterea
677 2536 837 2589 solus
859 2540 1047 2605 potest
1069 2535 1287 2589 donare
1311 2532 1757 2604 indulgentiam,
1792 2534 1929 2605 quia
1950 2534 2111 2588 solus

464 2624 771 2678 admittere
798 2642 909 2677 non
935 2630 1123 2693 potest
1145 2625 1377 2692 culpam
1410 2624 1574 2687 ;ideo
1598 2623 1756 2679 solus
1784 2630 1875 2679 est
1904 2622 2109 2677 vulne-

457 2723 716 2769 ratorum
745 2714 1177 2787 medicus,quia
1198 2716 1391 2769 divina
1416 2723 1623 2769 natura
1644 2731 1945 2786 nunquam
1970 2714 2028 2768 in
2050 2729 2113 2768 se

457 2806 665 2876 recipit
696 2803 945 2858 vulnus?
979 2805 1035 2858 Si
1062 2809 1256 2858 autem
1280 2804 1386 2859 hoc
1412 2804 1697 2858 adChristi
1732 2820 1963 2858 carnem
1997 2818 2117 2857 cre-

460 2894 623 2948 ditur
639 2893 1330 2964 re*erendum,quomodo
1350 2892 1421 2946 ab
1435 2894 1747 2947 animabus
1763 2895 1978 2949 nostris
2001 2910 2119 2948 ser-

458 2982 581 3037 vari
632 2983 866 3051 justitia
899 2983 1131 3053 poterit,
1164 2982 1382 3053 quibus
1412 2982 1743 3052 exemplum
1800 2982 2118 3054 apostolico

453 3078 829 3127 memoratum
848 3071 1140 3141 susceptio
1158 3070 1365 3125 Christi
1383 3088 1496 3126 non
1513 3072 1703 3126 dedit?
1723 3071 1829 3126 Sed
1855 3077 2120 3127 utosten-

462 3162 625 3216 deret
665 3162 873 3216 beatus
922 3166 1127 3215 Petrus
1166 3165 1222 3214 et
1261 3160 1321 3215 in
1345 3160 1543 3214 anima
1574 3161 1746 3215 simul
1772 3167 1829 3215 et
1855 3162 1910 3214 in
1946 3176 2116 3216 carne
2144 3186 2189 3255 α

459 3251 673 3308 Christi
703 3248 1401 3322 praecessissejustitiam,
1436 3266 1612 3320 quam
1668 3250 1835 3305 nobis
1868 3250 2118 3322 imperat

460 3339 829 3409 imitandam,
846 3346 1085 3394 secutus
1101 3339 1369 3405 adiunxit
1392 3354 1404 3392 :
1424 3339 1661 3407 Quicum
1674 3339 2115 3403 malediceretur,

458 3445 572 3482 non
602 3428 1149 3495 remalediccbut(al,
1171 3426 1548 3498 maledicebat)
1575 3445 1588 3494 ;
1622 3427 1780 3499 quod
1800 3428 2027 3499 pr0prie
2042 3427 2115 3482 ad

458 3519 663 3573 anima:
691 3519 1026 3588 patientiam
1053 3518 1336 3588 pertinet;
1356 3519 1762 3588 propterquod
1786 3525 1841 3571 et
1864 3517 2118 3573 alioloco

460 3606 636 3662 dicit:
666 3611 785 3661 Non
827 3608 1123 3661 raridmtes
1144 3605 1365 3661 malum
1420 3621 1523 3677 pro
1573 3608 1741 3674 malo,
1772 3607 1859 3661 vel
1888 3607 2120 3661 maledi—

458 3706 605 3753 ctum
633 3713 728 3764 pro
758 3698 1069 3761 maledic/0,
1129 3698 1230 3750 sed
1278 3699 1330 3749 et
1385 3698 1665 3749 contrario
1696 3696 2071 3751 benedicentes
2104 3713 2118 3751 :

462 3791 589 3857 quia
621 3786 681 3839 in
715 3787 812 3839 hor
841 3788 1012 3839 vocati
1043 3786 1189 3849 estis,
1224 3793 1283 3837 ut
1315 3784 1747 3839 benedictiottt‘m
1771 3785 2123 3842 hscrrditatis

461 3877 829 3947 possideatin
857 3877 999 3927 Pt'll‘.
1036 3889 1122 3929 Ill.
1154 3872 1227 3941 9).
1262 3875 1444 3941 Cujus
1478 3873 1899 3927 benedictionis
1930 3875 2123 3929 Salva-

466 3969 555 4018 tor
589 3972 785 4017 noster
833 3979 901 4015 ex
944 3962 1114 4016 ccide
1153 3960 1381 4032 prodire
1408 3962 1782 4016 commend‘tt
1814 3964 2116 4019 exordium

464 4055 665 4109 dicens
694 4070 705 4107 :
733 4056 900 4108 [tumo
925 4057 1092 4106 bonus
1122 4056 1189 4105 de
1224 4053 1359 4106 bono
1387 4051 1641 4107 thesauro
1670 4053 1849 4106 cordis
1879 4058 1972 4108 sui
2003 4072 2120 4121 pro-

460 4144 674 4216 fert(al.
713 4141 987 4212 prot'rret)
1022 4144 1155 4195 bona
1187 4141 1398 4207 (Matth.
1428 4157 1530 4195 xit.
1570 4142 1681 4205 35).
1718 4141 1773 4195 Ci
1803 4149 1958 4196 uetat
1983 4161 2119 4213 ergo

465 4234 522 4289 in
556 4235 751 4288 anima
780 4232 1239 4286 benevolentiam
1275 4246 1423 4293 esse,
1459 4228 1613 4284 unde
1648 4231 2115 4287 benedictionem

463 4325 759 4396 poet-imus
779 4320 1265 4377 maledicentibus
1282 4318 1892 4375 redhibere.Utautem
1912 4322 2118 4377 beatus

460 4416 763 4473 Petrus,et
785 4412 991 4465 animae
1017 4411 1205 4473 nobis,
1232 4414 1287 4462 et
1317 4407 1511 4462 carnis
1543 4408 1600 4461 in
1631 4408 1862 4463 Christo
1882 4410 2122 4466 damon-

462 4508 677 4557 straret
706 4498 1061 4571 exemplum,
1096 4515 1226 4553 cum
1261 4497 1509 4552 dixisset
1541 4513 1553 4551 :
1595 4497 1695 4566 Qui
1728 4515 1851 4553 cum
1884 4501 2114 4555 maledi-

2224 1884 2484 1938 innocens
2513 1883 2781 1939 adductus
2825 1901 2943 1942 sum
2967 1891 3030 1941 ut
3058 1888 3396 1953 immotarer,
3425 1898 3473 1944 et
3506 1892 3685 1946 nescivi
3706 1908 3718 1945 :
3752 1890 3795 1945 iit

2218 1988 2306 2028 me
2333 1975 2712 2043 cogitaverunt
2731 1974 3120 2047 cogitationem
3134 1977 3608 2034 malamdicentes:
3640 1978 3793 2047 Venite,

2217 2064 2502 2117 mittamus
2534 2063 2751 2132 tignum
2777 2067 2837 2119 in
2867 2081 3066 2135 panem
3092 2068 3218 2137 ejus
3244 2068 3372 2138 (Jer.
3394 2084 3468 2132 χι,
3500 2068 3577 2140 19)
3599 2093 3612 2134 ;
3637 2068 3694 2124 de
3708 2085 3792 2140 quo

2216 2151 2392 2207 etiam
2426 2152 2683 2209 Joannes
2714 2153 2975 2225 Baptista
2998 2156 3359 2228 proclamat:
3388 2158 3512 2212 Ecce
3534 2158 3787 2225 AgnusDei,

2217 2256 2336 2297 ecce
2364 2242 2461 2313 qui
2489 2243 2641 2298 tollit
2670 2248 2889 2309 peccata
2934 2244 3011 2317 (at
3033 2246 3365 2318 peccatum)
3387 2248 3569 2302 mundi
3600 2247 3742 2319 (Joan.
3762 2263 3790 2309 ι,

2216 2332 2326 2403 29).
2362 2331 2485 2388 Non
2518 2332 2830 2388 dissimilia
2859 2332 2932 2390 de
2984 2335 3216 2390 Christo
3256 2336 3351 2407 (al.
3393 2336 3462 2391 de
3490 2341 3610 2407 quo)
3637 2335 3790 2390 Petrus

2219 2436 2452 2492 quoque
2483 2421 2646 2492 ponit
2692 2422 2996 2493 apostolus
3048 2424 3292 2481 dicens:
3326 2425 3548 2482 Scientes
3575 2426 3689 2498 quod
3710 2440 3788 2479 non

2217 2511 2680 2582 corruptibitibus
2710 2511 2812 2568 80
2839 2523 3089 2584 argento,
3112 2516 3201 2570 vel
3231 2531 3365 2571 auro
3384 2516 3624 2583 redempti
3633 2516 3731 2570 estis
3745 2513 3793 2568 de

2218 2617 2370 2656 vana
2400 2612 2579 2656 vestra
2597 2602 3008 2659 conversatione
3025 2609 3271 2671 paterna
3295 2604 3690 2670 traditionis,sed
3702 2618 3792 2675 pre-

2220 2692 2356 2745 tioso
2387 2693 2685 2760 sanguine,
2719 2695 2887 2763 quasi
2915 2695 3052 2761 agni
3084 2694 3510 2751 incontaminati
3524 2705 3569 2750 et
3586 2695 3792 2748 immacu-

2223 2780 2322 2834 tati
2374 2784 2509 2836 Jesu
2572 2781 2882 2853 Christi(I
2938 2787 3088 2838 Petr.
3147 2785 3313 2850 1.18,
3364 2784 3462 2856 19).
3495 2781 3636 2839 Unus
3662 2782 3795 2854 igitur

2224 2869 2498 2941 idemque
2531 2874 2813 2927 mediator
2845 2871 2942 2926 Dei
2974 2878 3032 2928 et
3061 2873 3392 2938 hominum,
3415 2873 3575 2928 homo
3591 2872 3795 2929 Christus

2222 2959 2418 3028 Jesus,
2450 2960 2577 3031 ipse
2611 2967 2807 3032 pastor
2837 2966 2895 3016 et
2923 2962 3070 3028 ovis,
3100 2962 3231 3034 ipse
3260 2979 3507 3035 sponsus
3551 2970 3601 3017 et
3615 2975 3795 3032 sponsa.

2226 3050 2349 3122 ipse
2381 3051 2655 3105 sacerdos
2711 3057 2766 3105 et
2796 3049 3052 3121 victima,
3084 3068 3244 3107 unus
3266 3053 3528 3124 idemque
3554 3057 3603 3107 et
3623 3049 3798 3106 oblator

2228 3158 2281 3195 m
2294 3141 2490 3195 uneris
2504 3146 2561 3195 et
2584 3157 2797 3195 munus
2823 3144 3012 3196 tactus
3028 3147 3117 3196 est
3133 3142 3227 3197 obl
3240 3143 3498 3211 atoris,ut
3513 3157 3607 3197 nec
3623 3137 3798 3195 oblator

2228 3247 2261 3284 a
2284 3231 2548 3286 muneris
2564 3229 2840 3301 qualitate
2864 3231 3237 3298 descisceret,
3255 3249 3361 3288 nec
3390 3248 3590 3287 munus
3609 3232 3670 3285 ab
3685 3227 3801 3283 obla-

2227 3326 2374 3376 toris
2422 3319 2624 3374 merito
2646 3321 3025 3391 discreparet.
3058 3321 3163 3387 Qui
3196 3321 3252 3376 si
3286 3321 3477 3377 minus
3506 3318 3693 3390 aliquid
3722 3315 3794 3370 ba-

2229 3410 2648 3465 buitbumanaa
2667 3415 2911 3476 naturae,
2945 3427 3049 3466 nec
3076 3428 3387 3482 personam
3422 3425 3632 3467 sumere
3660 3403 3801 3478 ponti-

2228 3500 2377 3567 ficis,
2410 3517 2516 3555 nec
2546 3500 2737 3556 offerri
2766 3500 2954 3573 potuit
3008 3517 3112 3573 pro
3144 3501 3431 3572 peccatis:
3474 3499 3527 3555 in
3554 3500 3657 3564 lege
3684 3493 3799 3549 enim

2229 3591 2553 3646 sacerdotio
2586 3590 2747 3662 fungi
2770 3608 2883 3646 non
2909 3595 3156 3662 poterat,
3180 3591 3229 3645 si
3265 3592 3399 3663 quis
3445 3590 3603 3645 homo
3628 3585 3704 3657 (at.
3728 3583 3801 3636 bo-

2231 3680 2484 3750 minum)
2515 3679 2950 3750 minusaliquid
2966 3681 3340 3735 babuissetin
3357 3696 3436 3749 se,
3460 3677 3800 3734 necvitiosum.

2228 3769 2313 3825 vel
2343 3770 2744 3839 imperfectum
2773 3784 2948 3838 pecus
2979 3770 3048 3823 ad
3084 3760 3801 3837 sacriﬁciumcuiquamlice-

2230 3859 2331 3913 bat
2361 3858 2567 3914 offerre
2595 3876 2607 3913 :
2639 3858 2972 3928 pontiﬁcem
3007 3872 3141 3911 vero
3174 3866 3440 3913 nostrum
3472 3856 3649 3912 Jesum
3675 3846 3801 3906 Chri-

2232 3956 2385 4004 stum
2418 3966 2549 4003 esse
2580 3948 2709 4018 quis
2740 3949 3020 4015 ambigat,
3045 3964 3221 4019 quem
3248 3948 3359 4004 sub
3392 3947 3494 4002 hac
3525 3935 3804 4001 Paulusevi-

2232 4040 2439 4093 denter
2494 4038 2884 4109 appellatione
2914 4041 3290 4093 commendat
3321 4054 3336 4093 :
3391 4037 3636 4092 Habentes
3659 4039 3796 4084 autem

2232 4128 2552 4199 (inquiens)
2596 4128 2911 4198 Pauliﬁcem
2938 4144 3335 4199 magnum,qut
3355 4123 3799 4198 penetrat-italos,

2227 4221 2409 4276 Iesum
2462 4221 2666 4275 Filium
2699 4221 2813 4288 Dei,
2852 4225 3131 4274 teneamus
3170 4214 3668 4285 confessionemNmt
3693 4205 3799 4263 εηίπι

2229 4308 2491 4365 habemus
2537 4309 2847 4379 pontiﬁcem
2908 4310 3005 4380 qui
3031 4326 3149 4363 non
3177 4307 3352 4379 possit
3370 4295 3799 4377 compatiinﬁ’mi'

2229 4399 2439 4455 tatibus
2466 4403 2669 4453 nostris
2694 4417 2708 4465 ;
2731 4404 2995 4454 tentatum
3015 4409 3199 4453 autem
3221 4414 3323 4469 per
3350 4398 3531 4451 omnia
3545 4407 3633 4464 pro
3655 4380 3804 4469 simili?

2230 4490 2419 4545 tudine
2435 4490 2637 4559 absque
2666 4493 2906 4555 peccato.
2960 4468 3235 4543 Adeamus
3261 4501 3391 4554 ergo
3426 4500 3543 4540 cum
3569 4478 3733 4553 ﬁducia
3755 4468 3803 4527 ad

463 4601 694 4651 teretur,
730 4608 837 4643 non
873 4587 1294 4642 remaledicebat
1328 4587 1422 4659 (al.
1449 4587 1857 4659 maledicebat),
1883 4603 2114 4647 secutus

2231 4580 2488 4634 thronum
2548 4578 2770 4648 gratiae,
2830 4581 2890 4630 ut
2924 4576 3367 4631 miseriroidiam
3395 4562 3803 4643 consequamur,d

466 4679 734 4746 adiunxit
770 4696 782 4732 :
820 4678 953 4731 Cum
984 4685 1285 4745 pateretur,
1317 4693 1424 4730 non
1455 4676 1916 4734 comminabatur.
1960 4678 2121 4735 Com-

465 4767 756 4821 mendabat
788 4756 969 4820 autc-in
985 4764 1270 4834 iudicandi
1293 4766 1530 4835 (a)juste
1548 4768 1665 4835 ;qui
1692 4777 1910 4835 peccata
1935 4774 2126 4824 nostra

465 4858 694 4927 pertulit
726 4860 783 4907 in
808 4871 1030 4924 (tmpore
1057 4870 1156 4909 suo
1185 4869 1345 4922 super
1372 4855 1670 4923 tignum,ut
1698 4870 1731 4907 a
1758 4858 1996 4925 peccatis
2024 4873 2123 4914 n0-

463 4946 592 5000 stris
623 4943 884 5013 separati,
909 4960 1035 4997 cum
1082 4941 1309 5012 justitia
1348 4945 1615 5005 vivamus,
1649 4941 1806 5010 cuius
1835 4946 2006 5001 livore
2031 4963 2125 5001 sa-

462 5032 747 5089 natiestis
777 5031 851 5095 (al
898 5031 1106 5101 sumus)
1162 5030 1268 5098 Qui
1321 5031 1463 5084 sicut
1494 5045 1623 5083 oves
1674 5031 1949 5088 errabatis
1975 5051 1997 5096 ;
2025 5035 2122 5091 sed

460 5140 613 5179 nunc
641 5120 1041 5177 convertimini
1072 5119 1143 5173 ad
1170 5128 1464 5190 pastorem,
1485 5126 1535 5173 et
1555 5120 2120 5180 uisitatoremanima-

459 5231 585 5271 rum
618 5219 925 5270 vestrarum
955 5211 997 5280 (Ι
1029 5215 1178 5265 Petr.
1215 5224 1276 5276 ιι,
1304 5207 1506 5277 23-25).

459 5356 644 5411 CAPUT
669 5373 768 5410 xu.
836 5354 1090 5409 Christus
1130 5358 1276 5405 recte
1304 5352 1591 5424 etpastor,
1619 5350 1820 5424 etovis
1849 5367 1912 5405 ac
1941 5370 2116 5424 agnus

525 5430 756 5483 dicitur.
780 5426 914 5481 Alia
936 5428 1080 5481 ratio
1101 5440 1173 5481 ex
1199 5421 1455 5489 Leuitico,
1476 5422 1609 5493 quia
1624 5420 1871 5478 Christus
1893 5420 2019 5482 cum
2037 5444 2117 5485 es-

532 5568 610 5638 (a)
642 5570 726 5622 Ita
747 5567 908 5621 editi.
930 5569 1001 5621 At
1024 5583 1165 5638 mss.
1209 5564 1557 5620 Corbeiense
1574 5569 1630 5638 e_t
1650 5562 1866 5638 Victor.
1892 5565 2112 5627 habent

462 5636 740 5709 iudicanti
769 5656 826 5692 se
851 5638 1069 5708 injuste.
1106 5637 1322 5692 Verum
1352 5638 1412 5692 in
1448 5654 1555 5693 ins.
1588 5636 1758 5693 Corb.
1792 5637 1990 5697 addita
2019 5650 2110 5700 est

461 5708 688 5785 (eadem
708 5713 852 5766 forte
866 5710 1068 5781 manu)
1081 5708 1364 5780 particula
1376 5725 1434 5766 se
1450 5714 1508 5765 et
1521 5710 1684 5781 prior
1709 5711 1939 5785 syllaba
1947 5715 2107 5774 vocis

2232 4673 2469 4741 gratiam
2526 4670 2870 4722 inveniamus
2931 4668 2991 4721 in
3014 4667 3231 4721 amcitia
3259 4668 3553 4735 opportuno
3579 4658 3729 4727 (Hebr.
3753 4664 3804 4741 tv.

2237 4740 2323 4821 ili,
2360 4759 2445 4824 15,
2484 4758 2588 4825 16).
2625 4755 2691 4813 Ut
2721 4763 2914 4812 autem
2950 4757 3216 4811 bumante
3248 4761 3468 4810 natura:
3499 4753 3597 4807 hoc
3625 4740 3807 4821 pontifi-

2233 4848 2674 4903 catusottlcium
2700 4846 3148 4911 demonstraret,
3170 4843 3420 4915 adjecit:
3448 4840 3807 4901 Omnisnamqu!

2229 4937 2480 5010 pontifex
2508 4953 2577 4992 ea:
2608 4933 2924 4991 hominibus
2946 4942 3277 5001 assumptus,
3299 4948 3399 5002 pro
3414 4926 3697 4986 hominibus
3713 4933 3805 4975 σοι·

2230 5028 2556 5082 stiluiturin
2586 5024 2672 5081 his
2697 5039 2826 5096 quae
2852 5031 2984 5078 sunt
3014 5029 3085 5076 ad
3128 5023 3310 5089 Deum,
3342 5024 3403 5074 ut
3432 5019 3612 5091 σπίναι
3638 5014 3750 5068 dona
3770 5010 3808 5102 et

2229 5118 2506 5185 sacriﬁcia
2552 5132 2658 5187 pro
2711 5114 2947 5185 peccatis
2973 5131 2986 5179 ;
3018 5111 3116 5184 qui
3142 5111 3432 5167 condolere
3455 5105 3615 5175 possit
3641 5102 3711 5157 hu
3740 5109 3806 5167 ‘1‘“

2226 5209 2489 5279 ignorant
2520 5212 2572 5263 et
2599 5209 2807 5264 errant.
2835 5205 3097 5277 quoniam
3152 5212 3203 5259 et
3245 5206 3359 5275 ipse
3404 5199 3736 5257 circumdatus
3753 5191 3808 5241 est

2223 5301 2570 5369 inﬁrmitate.
2621 5298 2686 5352 Et
2735 5307 3024 5367 propterea
3075 5292 3230 5349 debet
3283 5285 3707 5364 quemadmodum

2220 5368 2445 5460 populo,
2479 5390 2565 5442 ita
2599 5388 2766 5441 etiam
2813 5399 2913 5456 pro
2941 5386 3226 5454 semetipso
3254 5384 3449 5454 oﬂerre
3498 5395 3589 5452 pta
3613 5368 3808 5446 peccati}.

2221 5480 2327 5536 Nec
2355 5479 2646 5549 quisquam
2672 5474 2843 5532 sumit
2890 5474 3000 5531 sibi
3027 5474 3307 5545 honorem,
3335 5470 3434 5528 sed
3460 5470 3559 5544 qui
3596 5467 3810 5523 vaca!!!”

2218 5622 2453 5750 injusg.
2488 5620 2594 5679 Ms:
2628 5621 2808 5691 Port.,
2831 5617 3249 5705 commendabat
3276 5620 3463 5674 autem
3506 5596 3807 5685 uindicanti.

2218 5709 2374 5750 smus
2434 5734 2449 5749 .

2218 5709 2449 5767 unum.
