3886 6336
418 340 536 400 263

1381 331 1445 392 S.
1494 326 1921 392 FULGENTII
1970 321 2326 386 EPISCOPI
2371 322 2835 386 RUSPENSIS.

3657 325 3752 385 264

411 475 561 542 εαηί,
583 472 637 523 et
659 467 774 539 ipse
801 477 881 523 est
899 476 1031 522 ante
1062 481 1272 528 omnes.
1305 468 1354 519 et
1384 463 1569 519 omnia
1599 463 1658 517 in
1683 463 1799 532 ipso
1828 465 2062 514 constant

2184 477 2240 531 Si
2275 475 2655 531 absconditus
2675 474 2845 530 fuerit
2875 474 3049 530 homo
3072 474 3128 528 in
3153 474 3513 543 absconditis,
3541 489 3757 547 egoergo

423 559 656 630 (Calass.
692 574 732 624 ι,
769 560 852 626 16,
890 559 973 625 17)
1003 574 1024 618 ;
1055 555 1376 611 secundum
1404 555 1652 626 gratiam
1679 569 1809 606 vero
1840 558 1980 604 tunc
2010 547 2070 602 in

424 648 710 702 mundum
732 650 905 713 venit,
921 645 1156 718 quando
1174 646 1431 716 pereunti
1452 643 1672 697 mundo
1692 658 1836 696 mira
1861 641 2074 710 pietate

421 737 716 801 subvenit,
770 737 929 806 quod
975 736 1153 789 etiam
1216 738 1339 805 ipse
1365 740 1631 798 testatur,
1667 731 1868 785 dicens
1905 744 1918 780 :
1952 728 2071 782 Non

420 828 566 881 enim
590 828 740 880 misit
763 827 899 879 Deus
926 824 1132 880 Filium
1162 841 1322 879 suum
1355 822 1636 894 utjudicet
1667 821 1962 881 mundam,
1986 815 2076 871 sed

419 923 479 970 ut
506 916 753 969 salvetur
782 920 1018 968 mundus
1044 931 1148 985 per
1179 919 1356 984 ipsum
1377 914 1554 984 (Joan.
1583 928 1666 980 ni,
1705 913 1810 978 17).
1842 909 1942 962 Est
1966 905 2078 976 igi-

415 1007 512 1058 tur
544 1004 874 1058 immensus
906 1004 1005 1058 Dei
1035 1003 1240 1070 Filius,
1292 1003 1445 1057 sicut
1506 1007 1674 1056 Pater
1705 1007 1761 1053 et
1791 997 2074 1075 Spiritus,

419 1093 694 1162 quoniam
731 1094 799 1146 de
830 1093 957 1163 ipso
984 1094 1206 1147 dictum
1239 1098 1328 1146 est
1361 1092 1622 1160 :Mugnus
1652 1097 1750 1153 est,
1774 1096 1824 1141 et
1854 1100 1964 1138 non
1983 1083 2080 1138 ha-

420 1180 506 1236 bet
537 1181 726 1251 ﬁnem,
764 1184 1012 1238 excelsus
1052 1194 1102 1236 et
1132 1186 1428 1236 immensus
1449 1179 1694 1250 (Baruch
1729 1193 1810 1242 III,
1841 1176 1977 1242 25);
2008 1170 2079 1226 de

420 1285 535 1340 quo
569 1271 740 1340 paulo
773 1278 901 1344 post
929 1273 1144 1326 dicitur
1170 1289 1188 1325 :
1221 1273 1342 1325 Post
1377 1272 1495 1325 haec
1531 1271 1585 1323 in
1622 1271 1789 1323 terris
1814 1263 1962 1318 visus
1979 1267 2078 1341 est,

419 1361 470 1413 et
499 1376 625 1414 cum
644 1361 961 1416 hominibus
975 1368 1328 1417 conversatus
1349 1372 1426 1415 est
1452 1359 1636 1429 (lbid.,
1669 1356 1782 1427 38).
1825 1355 2080 1408 immen-

420 1464 521 1505 sus
545 1457 633 1505 est
653 1454 828 1507 etiam
853 1451 1102 1522 Spiritus
1127 1459 1365 1506 sanctus
1393 1467 1404 1504 :
1434 1451 1586 1520 quod
1619 1449 1810 1502 sciens
1836 1439 2079 1514 prophe-

421 1547 502 1611 ta,
536 1544 765 1598 dicebat
791 1544 859 1598 ad
887 1543 1069 1597 Deum
1096 1559 1108 1596 :
1145 1541 1258 1608 Quo
1290 1540 1378 1594 ibo
1408 1558 1439 1594 a
1473 1538 1690 1610 Spiritu
1720 1541 1836 1599 tuo,
1868 1539 1917 1589 et
1938 1531 2082 1601 facie

419 1638 513 1689 tua
551 1651 656 1705 quo
679 1635 892 1704 fugiam
917 1633 1088 1703 (Psal.
1115 1647 1387 1695 cxxxvm,
1419 1631 1472 1698 7)
1518 1629 1544 1681 ?
1575 1631 1755 1692 Quem
1791 1623 2075 1695 Spiritum

420 1723 548 1789 Dei,
579 1724 848 1793 utipsam
877 1727 1146 1776 sanctum
1169 1721 1452 1790 Spiritum
1483 1717 1762 1788 propheta
1783 1729 2080 1768 memora-

2179 584 2291 622 non
2317 568 2522 620 videbo
2541 582 2674 619 eum
2695 566 2722 619 ‘t
2739 567 3150 619 nonnecaatum
3173 571 3228 618 et
3249 571 3449 618 terram
3463 579 3557 634 ego
3577 563 3758 634 impleo

2179 657 2315 726 (Jer.
2349 673 2509 717 XXIII,
2540 657 2629 719 23,
2663 654 2802 725 24)?
2829 660 2892 709 Et
2949 653 3148 708 iterum
3175 670 3187 706 ε
3225 653 3282 707 lu
3314 655 3461 706 omni
3487 655 3596 706 loco
3633 653 3760 706 oculi

2186 747 2276 799 Dei
2331 747 2710 815 speculantur
2758 745 2942 797 bonos
2997 747 3056 796 et
3102 741 3280 797 malos
3311 743 3480 811 (Prov.
3510 758 3592 808 xv,
3621 741 3684 811 3).
3714 743 3762 796 Et

2181 835 2398 904 quando
2427 837 2482 887 in
2507 850 2679 886 unum
2698 849 2820 886 cum
2839 832 3110 902 fratribus
3128 835 3482 888 convenimus.
3503 834 3546 884 et
3587 831 3766 897 sacriﬁ-

2180 926 2268 978 cia
2289 923 2478 976 divina
2508 939 2628 976 cum
2663 922 2764 977 Dei
2791 921 3070 976 sacerdote
3098 921 3445 980 celebramus,
3478 918 3765 974 verecundia

2180 1019 2233 1067 et
2255 1012 2568 1078 disciptinae
2591 1027 2848 1066 memores
2877 1026 2990 1066 esse
3013 1010 3262 1065 debemus
3285 1025 3296 1063 :
3329 1026 3435 1062 non
3457 1011 3641 1077 passim
3667 1023 3766 1061 ven-

2184 1102 2348 1156 tilare
2358 1117 2540 1171 preces
2565 1105 2783 1154 nostras
2806 1099 3101 1154 inconditis
3125 1098 3358 1164 vocibus,
3380 1113 3473 1152 nec
3500 1099 3766 1165 petitionem

2183 1189 2668 1244 commendandam
2722 1190 2963 1244 modeste
2995 1189 3096 1243 Deo
3138 1188 3463 1242 tumultuosa
3493 1187 3769 1255 loquacitate

2173 1289 2410 1350 Jactare,
2467 1280 2599 1348 quia
2633 1279 2768 1332 Deus
2824 1295 2930 1332 non
2963 1281 3128 1341 vocis,
3154 1279 3249 1330 sed
3274 1274 3449 1331 cordis
3475 1275 3670 1329 auditor
3692 1278 3770 1338 est,

2185 1385 2282 1422 nec
2300 1367 2674 1422 admonendus
2695 1373 2772 1422 est
2791 1367 3154 1429 clamoribus,
3170 1370 3266 1436 qui
3282 1367 3612 1433 cogitationes
3639 1362 3770 1429 videt,

2180 1457 2444 1528 probante
2476 1459 2706 1512 Domino
2735 1461 2787 1511 et
2817 1456 3023 1511 dicente
3071 1472 3085 1512 :
3117 1455 3264 1519 Quid
3296 1453 3547 1524 cogitatis
3568 1467 3770 1521 nequam

2187 1547 2243 1600 in
2271 1547 2546 1600 cordibus
2569 1546 2778 1601 vestris
2796 1546 3001 1614 (Matth.
3027 1563 3104 1609 ix,
3129 1546 3180 1614 4)
3201 1544 3228 1598 ?
3251 1546 3308 1598 Et
3329 1543 3436 1597 alio
3461 1543 3563 1597 loco
3583 1559 3599 1595 :
3617 1541 3774 1595 Scient

2186 1653 2392 1690 omnes
2413 1636 2677 1690 Ecclesiae
2710 1638 2848 1707 quia
2871 1651 2976 1704 ego
3001 1651 3132 1689 sum
3155 1638 3442 1688 scrutator
3470 1631 3537 1702 (ti)
3577 1631 3706 1684 renis
3729 1633 3771 1682 et

2186 1725 2573 1794 cordis(Apoc.
2605 1743 2663 1790 ll,
2695 1726 2805 1794 23).
2826 1753 2852 1779 ι
2881 1725 3085 1778 Beatus
3107 1729 3262 1777 certe
3285 1721 3589 1792 Cyprianus
3611 1721 3772 1782 Deum,

423 1815 519 1867 ίυε
561 1812 912 1903 οεὶεξηάθγθῖι
943 1810 1086 1864 die“
1127 1813 1273 1863 θεοέ
1328 1810 1410 1862 Νι⁸
1455 1804 1718 1903 Nolim”
1746 1819 1836 1857 τηε
1865 1801 2078 1903 ali-001:8
2107 1839 2150 1903 Β
2187 1830 2360 1884 quem
2389 1813 2534 1868 dixit
2560 1815 2778 1883 ubique
2799 1829 2927 1868 esse
2944 1818 3313 1884 praesentem,
3339 1809 3529 1864 audire
3549 1821 3775 1873 omnesei

423 1905 548 1966 tua,
582 1909 633 1956 et
660 1899 928 1970 Spiritum
957 1910 1210 1954 sanctum
1241 1901 1394 1951 tuum
1418 1914 1486 1951 ne
1500 1897 1722 1964 auferas
1743 1912 1778 1948 a
1797 1910 1882 1946 me
1904 1890 2072 1960 (t'sal.

427 2010 480 2061 ι,
519 1993 619 2063 13).
645 1993 824 2056 Quem
845 1991 1127 2062 Spiritum
1155 1989 1252 2044 Dei
1277 1989 1466 2060 ipsum
1494 2003 1623 2043 esse
1641 1985 1922 2056 Spiritum
1949 1999 2079 2036 san-

425 2092 580 2138 ctum
607 2082 917 2154 Apostolus
941 2096 1173 2152 quoque
1206 2079 1312 2132 hac
1335 2078 1707 2132 attostatione
1731 2072 2028 2143 signiﬁcat
2061 2087 2073 2124 :

426 2172 615 2227 Nolite
633 2171 961 2226 contristare
1010 2170 1282 2239 Spiritum
1337 2170 1588 2221 sanctum
1621 2163 1738 2226 Dei,
1771 2165 1827 2217 in
1861 2178 1962 2231 quo
2000 2163 2078 2214 si-

431 2265 590 2330 gnati
618 2264 743 2316 estis
772 2261 828 2314 in
864 2261 942 2329 (a)
961 2258 1050 2313 die
1098 2257 1486 2326 redemptionis
1519 2255 1730 2322 (Ephes.
1766 2268 1840 2316 ιν,
1869 2251 1977 2320 30).
2013 2249 2078 2304 Et

431 2352 683 2406 alioloco
712 2367 724 2404 :
771 2349 1075 2420 Quiautem
1097 2353 1213 2402 ha’c
1229 2348 1461 2415 spernit,
1497 2361 1601 2396 non
1629 2341 1904 2396 hominem
1927 2355 2079 2408 sper-

425 2440 625 2505 nit,sed
651 2441 836 2500 Deum,
881 2438 977 2508 qui
997 2439 1162 2491 etiam
1184 2435 1323 2489 dedit
1343 2433 1614 2502 Spiritum
1638 2436 1887 2486 sanctum
1917 2445 2078 2483 suum

427 2531 487 2583 in
513 2530 669 2582 nobis
693 2529 738 2594 (Ι
767 2528 944 2582 Thess.
980 2535 1077 2592 ιν).
1114 2530 1278 2578 Hunc
1326 2523 1602 2592 Spiritum
1655 2521 1747 2574 Dei
1807 2527 2075 2573 sanctum

431 2617 512 2672 sic
539 2617 890 2671 immensum
925 2615 1100 2670 David
1141 2611 1504 2684 pronuntiat,
1530 2617 1593 2664 ut
1627 2616 1736 2664 Deo
1768 2607 1944 2678 (sicut
1975 2623 2075 2660 su-

430 2705 628 2776 perius
661 2704 1130 2772 memOravimus)
1161 2702 1315 2756 dicat
1348 2717 1360 2754 :
1397 2704 1523 2767 Quo
1552 2700 1638 2753 ibo
1669 2717 1700 2752 a
1725 2700 1933 2768 Spiritu
1964 2706 2076 2765 tuo,

423 2807 474 2854 et
505 2817 534 2851 a
557 2799 711 2868 facie
731 2806 822 2851 tua
849 2812 952 2866 quo
981 2791 1234 2862 fugiam?
1261 2790 1324 2844 5i
1355 2791 1651 2844 ascendero
1682 2791 1739 2842 in
1767 2788 1985 2846 rwlum,
2021 2795 2080 2839 tu

422 2889 551 2943 illic
579 2903 672 2946 es;
704 2890 752 2940 et
782 2888 831 2939 si
861 2883 1189 2938 descendere
1215 2897 1270 2935 in
1306 2879 1614 2949 infernum,
1647 2880 1782 2930 ades
1808 2895 1821 2936 τ
1849 2887 1902 2929 et
1937 2874 2009 2944 (b)
2029 2889 2078 2926 st

420 2990 765 3041 assumpsero
794 2988 1006 3042 pennas
1037 2987 1185 3023 meas
1219 2969 1275 3022 in
1309 2965 1944 3034 directione.sive(sicut
1968 2961 2080 3017 alia

419 3065 728 3120 translatio
762 3063 952 3129 habet)
985 3067 1108 3113 ante
1157 3059 1352 3122 lucem,
1385 3061 1436 3111 et
1467 3056 1781 3110 habitavere
1814 3056 1870 3106 in
1895 3053 2073 3106 novis-

420 3156 558 3210 simo
588 3152 760 3208 maris
792 3168 805 3206 :
838 3151 1040 3206 etenim
1092 3149 1227 3202 illuc
1281 3162 1483 3200 munus
1514 3154 1604 3198 tua
1637 3143 1858 3198 deducet
1890 3157 1992 3206 me,
2024 3143 2077 3194 et

421 3242 714 3299 continebit
743 3258 828 3295 me
859 3243 1087 3294 dextera
1105 3248 1218 3291 tua.
1242 3238 1474 3288 Manum
1505 3233 1688 3287 Patris
1716 3231 1920 3284 Filium
1939 3228 2069 3283 nul-

421 3332 514 3388 lus
540 3332 786 3402 ambigit
809 3327 1197 3391 nominari,de
1217 3341 1333 3394 quo
1353 3325 1474 3394 ipse
1498 3322 1652 3377 Deus
1671 3320 1812 3376 d:cit
1839 3338 1856 3373 :
1880 3319 2069 3374 Nonne

415 3438 612 3476 manus
636 3437 754 3475 mea
777 3421 907 3488 fecit
928 3417 1042 3471 haec
1061 3418 1249 3470 omnia
1273 3413 1376 3483 tte)
1402 3418 1669 3466 Attamen
1691 3408 2069 3479 propheta,ut

415 3513 755 3567 Trinitatem
779 3506 1078 3578 aequaliter
1108 3502 1447 3575 praedicaret
1471 3501 1841 3564 immensam,
1871 3506 1919 3552 et
1958 3496 2064 3550 Pa‘

415 3607 564 3657 trem
588 3597 960 3670 signiﬁcavit,
994 3594 1085 3649 cui
1120 3593 1265 3647 dixit
1298 3609 1310 3646 :
1338 3592 1451 3659 Quo
1507 3591 1592 3644 ibo
1623 3606 1658 3643 a
1687 3589 1898 3658 Spiritu
1932 3585 2069 3640 tuo?

417 3695 475 3746 et
499 3690 689 3760 ipsum
708 3687 1012 3756 Spiritum,
1037 3700 1196 3753 aquo
1217 3699 1277 3734 se
1298 3682 1377 3734 ire
1400 3679 1481 3734 vel
1501 3681 1698 3747 fugere
1720 3677 1877 3730 nullo
1897 3676 2067 3729 modo

422 3795 524 3849 pos
541 3794 600 3831 se
623 3781 871 3830 testatur
902 3792 916 3839 ;
943 3778 999 3824 et
1021 3773 1226 3823 Filium
1254 3768 1691 3826 demonstravit,
1719 3765 1814 3818 ubi
1841 3781 1901 3818 se
1921 3763 2066 3818 aDei

426 3884 594 3921 manu
620 3866 792 3919 etiam
827 3864 881 3916 in
910 3859 1225 3914 novissimo
1260 3858 1438 3912 muris
1475 3855 1744 3926 praedicat
1776 3853 2065 3908 deducen-

421 3955 560 4012 dum
599 3971 611 4008 :
648 3961 710 4008 ut
742 3957 1096 4023 agnoscatur
1122 3949 1302 4003 Patris
1325 3954 1380 4001 et
1402 3941 2068 4016 FiliietSpiritussancti

416 4063 533 4102 una
563 4061 691 4100 esse
720 4043 1109 4106 immensitas,
1143 4043 1198 4092 et
1230 4054 1344 4090 una
1378 4039 1686 4105 praesentia
1712 4036 1765 4087 in
1792 4034 2066 4088 omnibus

415 4134 717 4190 creaturis.
746 4131 873 4186 Haec
891 4136 980 4184 est
1021 4127 1280 4182 Trinitas
1305 4142 1457 4179 unus
1493 4124 1765 4193 Deus,qui
1791 4124 1941 4176 sicut
1966 4138 2064 4192 po-

417 4224 531 4280 tuit
557 4221 719 4277 solus
744 4220 1016 4274 universa
1047 4217 1317 4281 condere,
1351 4213 1433 4267 sic
1467 4219 1654 4281 posest
1686 4210 1879 4263 omnia
1906 4208 2066 4262 solus

419 4313 685 4386 implere,
720 4327 823 4366 nec
855 4309 1056 4364 locatis
1080 4305 1138 4360 in
1171 4305 1317 4372 loco,
1348 4319 1450 4358 nec
1474 4301 1814 4371 temporalis
1838 4300 1895 4353 in
1919 4305 2066 4354 tem-

419 4421 579 4477 pore,
609 4419 714 4458 nec
745 4395 1134 4456 terminabilis
1163 4393 1413 4448 termino
1457 4397 1756 4445 creiturte.

420 4493 604 4550 Capv'r
623 4508 736 4547 xvi.
771 4495 918 4545 Deus
949 4490 1027 4542 est
1079 4485 1300 4565 ubique,
1352 4483 1466 4537 imo
1494 4489 1544 4536 et
1571 4478 1631 4534 in
1659 4487 1863 4534 secreto
1885 4492 2070 4549 preces

1156 4563 1334 4610 audit.

489 4650 642 4705 106
666 4653 806 4702 Nam
829 4638 1625 4701 immensitatemdivinitatis
1651 4638 1776 4693 Filii
1806 4636 1904 4693 Dei
1939 4653 2062 4692 ma-

417 4741 629 4795 nitesta
650 4735 1077 4807 prmdicatione,
1100 4731 1533 4800 eteloquiorum
1552 4729 1880 4783 divinorum
1896 4733 2065 4781 attes-

418 4827 867 4888 tatione,bealus
891 4828 1110 4891 martyr
1123 4819 1366 4890 Cyprian
1379 4836 1445 4872 us
1460 4820 1717 4872 affirmat
1742 4818 1794 4870 in
1817 4814 2064 4887 cpistola

417 4919 485 4972 de
508 4914 776 4972 Oratione
798 4910 1121 4973 Dominica,
1181 4909 1379 4961 dicens
1409 4924 1427 4961 :
1461 4907 1700 4976 Denique
1746 4906 2064 4974 magisterio

414 5023 512 5062 suo
541 5006 800 5060 Dominus
827 5010 1036 5055 secreto
1062 5014 1159 5052 nos
1175 5012 1336 5050 orare
1365 4998 1645 5064 praecepit,
1684 4999 1742 5048 in
1772 4994 1973 5048 abditis
2013 4998 2064 5048 et

415 5095 634 5152 secretis
665 5090 819 5156 locis,
848 5091 904 5143 in
934 5087 1202 5142 cubiculis
1258 5085 1412 5154 ipsis,
1444 5084 1582 5154 quod
1614 5086 1787 5150 magis
1819 5085 2062 5137 convenit

413 5186 553 5254 ﬁdei
581 5201 594 5250 ;
620 5188 676 5236 ut
693 5182 935 5237 sciamus
959 5179 1125 5231 Deum
1149 5173 1347 5243 ubique
1366 5188 1480 5226 esse
1497 5175 2064 5242 prwsentemmudire

412 5290 600 5330 omnes
623 5276 673 5327 et
705 5269 908 5335 videre,
942 5279 991 5322 et
1013 5265 1322 5332 maiestatis
1351 5278 1468 5317 esse
1505 5260 1850 5331 plenitudine
1874 5261 1932 5314 in
1965 5263 2063 5316 ab-

409 5365 522 5418 dita
551 5376 763 5433 quoque
792 5362 841 5414 et
872 5357 1084 5413 occulta
1120 5359 1432 5424 penetrare,
1463 5353 1602 5404 sicut
1633 5352 1904 5417 scriptum
1933 5360 2010 5404 est
2044 5362 2056 5400 :

410 5451 530 5523 Ego
566 5453 714 5504 Deus
746 5445 1181 5518 approxiuians,
1215 5446 1272 5496 et
1328 5457 1443 5495 non
1478 5439 1633 5494 Deus
1663 5437 1734 5492 de
1756 5439 2054 5511 loginquo.

485 5592 560 5664 (a)
584 5589 777 5664 Desit”
797 5587 857 5664 in
888 5587 1053 5653 diem,
1079 5588 1250 5658 juxta
1278 5582 1649 5664 Graecum__sle
1677 5578 1909 5658 ἡμέραν.

483 5656 564 5732 (b)
598 5662 702 5717 Ms.
740 5661 926 5732 Corb.,
953 5656 1332 5732 sumpseram.
1365 5656 1590 5711 tenebit.

485 5730 550 5807 (ε)
580 5738 686 5789 Ms.
719 5730 911 5800 Corb.,
942 5730 1004 5784 ει
1032 5738 1238 5784 tamen.

2186 1905 2463 1966 videre,et
2488 1901 2809 1973 majestatis
2828 1920 2945 1957 suae
2970 1900 3462 1972 plenitudine(e)in
3483 1899 3653 1954 abdita
3673 1911 3778 1968 quo-

2185 2008 2299 2063 que
2321 1999 2378 2046 et
2397 1992 2624 2046 occulta
2649 1999 2969 2061 penetrare,
2993 1992 3191 2061 ipsum
3245 2005 3471 2060 quoque
3513 2006 3612 2043 non
3634 1991 3773 2055 vocis,

2187 2081 2290 2136 sed
2311 2082 2502 2136 cordis
2524 2081 2736 2135 asserit
2757 2081 3100 2143 auditorem,
3138 2095 3244 2133 nec
3275 2080 3674 2133 admonendum
3694 2078 3777 2133 cla-

2189 2171 2580 2240 moribus,qui
2603 2169 2984 2238 cogitationes
3001 2168 3184 2235 videt;
3211 2169 3404 2239 ipsum
3424 2183 3632 2237 quoque
3653 2167 3775 2235 ponit

2188 2259 2509 2315 dicentem:
2537 2258 2679 2327 Quid
2695 2261 2948 2328 cogitatis
2979 2275 3214 2328 nequam
3232 2260 3287 2311 in
3320 2257 3558 2312 cordibus
3585 2254 3776 2310 vestris?

2189 2353 2253 2401 Et
2271 2347 2382 2402 alio
2408 2348 2530 2402 loco
2550 2365 2561 2401 :
2580 2348 2766 2402 Sciant
2789 2347 3250 2403 omnesEcclesize
3279 2348 3408 2417 quia
3429 2363 3516 2415 ego
3534 2362 3639 2399 sum
3653 2361 3772 2397 scru-

2185 2441 2328 2490 tator
2360 2439 2510 2491 renis
2560 2448 2612 2492 et
2650 2439 2845 2491 cordis.
2883 2437 3010 2491 Haec
3035 2443 3236 2490 autem
3271 2435 3371 2506 qui
3396 2437 3642 2489 nesciata
3669 2433 3778 2488 Filio

2189 2526 2286 2580 Dei
2308 2527 2639 2580 dictasicut
2665 2533 2701 2578 Α
2716 2525 3544 2597 pocalypsisEvangeliumque
3561 2521 3782 2576 testatur?

2187 2614 2288 2669 Fili
2303 2632 2368 2668 us
2392 2614 2569 2685 igitur
2589 2614 2758 2676 (sicut
2780 2621 3021 2669 sanctus
3046 2612 3779 2685 asseritCyprianuspibique

2191 2721 2444 2772 praesens
2462 2709 2571 2767 est,
2605 2703 2758 2757 idem
2785 2719 2989 2757 omnes
3013 2704 3180 2756 audit
3205 2710 3265 2756 et
3292 2702 3464 2764 videt,
3487 2708 3539 2756 et
3570 2701 3781 2770 majesta-

2188 2791 2261 2846 tis
2285 2809 2405 2845 sua:
2432 2791 2792 2860 plenitudine
2845 2791 2899 2845 in
2927 2791 3121 2845 abdita
3146 2807 3385 2861 quoque
3417 2797 3472 2844 et
3492 2789 3686 2844 occulta
3708 2805 3778 2860 pe-

2191 2887 2399 2946 netrat,
2436 2898 2539 2935 nec
2573 2881 2928 2936 clamoribus
2961 2880 3373 2936 admonendus
3403 2880 3594 2951 estqui
3617 2881 3778 2946 cogita-

2189 2971 2377 3025 tiones
2410 2970 2584 3024 videt.
2622 2969 2767 3024 Huic
2799 2971 2994 3023 sensui
3023 2970 3276 3024 Joannis
3304 2968 3778 3040 evangelistasdicta

2186 3058 2560 3125 concordant,
2586 3059 2685 3130 qui
2711 3059 2850 3112 dicit
2871 3059 2942 3113 de
2973 3059 3370 3128 quibusdam:
3394 3059 3522 3126 Quia
3549 3059 3774 3112 Jesusnon

2185 3149 2436 3204 credebat
2468 3147 2819 3217 semetipsum
2854 3149 2990 3207 illis.
3037 3164 3098 3202 eo
3119 3149 3263 3219 quod
3290 3151 3405 3217 ipse
3432 3156 3593 3201 nosset
3616 3159 3772 3206 omnes,

2183 3249 2233 3294 et
2264 3242 2398 3311 quia
2416 3255 2550 3308 apus
2569 3239 2623 3292 ei
2644 3255 2752 3292 non
2783 3243 2921 3306 erat,
2955 3245 3014 3292 ut
3038 3240 3161 3308 quis
3179 3239 3551 3293 testimonium
3572 3234 3772 3305 perhibe-

2174 3339 2257 3384 ret
2285 3328 2349 3384 de
2395 3328 2639 3394 homine,
2672 3331 2786 3399 ipse
2807 3332 2956 3382 enim
2985 3329 3188 3382 sciebat
3219 3327 3354 3398 quid
3374 3336 3503 3382 esset
3527 3325 3581 3380 in
3600 3324 3769 3378 homine

2175 3420 2351 3488 (Joan.
2373 3435 2434 3479 ιι,
2455 3418 2571 3484 24).

2174 3508 2360 3562 CAPUT
2387 3523 2521 3561 xvn.
2563 3505 2815 3560 Christus
2839 3523 3122 3577 nunquam
3148 3523 3276 3561 suos
3307 3506 3621 3575 derelinquit
3647 3501 3770 3562 solos,

2319 3582 2449 3649 quia
2479 3581 2556 3633 eis
2589 3579 2787 3648 ubique
2815 3579 2984 3632 adest.
3019 3579 3122 3632 Deo
3151 3581 3342 3632 omnia
3375 3581 3662 3645 manifesta.

2247 3667 2448 3722 Simile
2472 3666 2750 3738 quiddam
2769 3667 2977 3720 beatus
3005 3666 3333 3737 Cyprianus
3357 3669 3524 3721 etiam
3552 3670 3611 3719 ad
3633 3662 3775 3732 Tybs-

2175 3755 2394 3810 ritanos
2443 3757 2703 3810 scribam
2735 3757 2805 3809 de
2841 3755 2965 3809 Filii
3007 3755 3101 3809 Dei
3133 3755 3771 3816 immensitate,testatur

2175 3844 2266 3898 bis
2296 3845 2489 3900 verbis
2512 3845 2699 3898 :Solus
2728 3861 2836 3900 non
2872 3849 2969 3910 est,
2998 3847 3091 3900 cui
3121 3845 3379 3900 Christus
3403 3848 3456 3899 in
3489 3848 3616 3915 fuga
3638 3855 3772 3896 came:

2173 3939 2249 3988 est
2265 3950 2283 3993 ;
2309 3935 2454 3987 solus
2483 3951 2592 3987 non
2621 3942 2724 4001 est,
2759 3938 2854 4004 qui
2885 3935 3144 4004 templum
3178 3936 3280 3989 Dei
3315 3951 3552 3997 servans,
3581 3931 3769 3986 ubicun-

2173 4038 2276 4092 que
2294 4025 2484 4092 fuerit,
2517 4021 2637 4076 sine
2669 4023 2895 4077 Domino
2943 4039 3050 4078 non
3083 4032 3183 4087 est,
3241 4029 3298 4078 et
3355 4027 3404 4076 si
3429 4025 3700 4094 fugientem
3727 4018 3768 4070 in

2172 4111 2478 4167 solitudine
2498 4129 2562 4166 ac
2581 4111 2853 4167 montibus
2878 4110 3028 4167 latro
3041 4115 3518 4182 Oppresseritfera
3535 4110 3768 4170 invaserit.

2173 4207 2371 4270 fames,
2386 4205 2479 4254 aut
2492 4199 2638 4256 sitis.
2660 4202 2944 4270 aut/rigas
2967 4200 3260 4270 afflixerit,
3281 4202 3362 4256 vel
3381 4218 3481 4272 per
3494 4204 3650 4254 maria
3662 4208 3771 4264 pr!

2171 4290 2332 4355 eipiti
2351 4289 2706 4355 navigatione
2727 4303 3130 4362 properantem,
3163 4298 3453 4358 tempestas
3471 4302 3561 4345 aut
3578 4287 3770 4360 procella

2171 4379 2556 4448 submerserit,
2577 4383 2785 4448 spectat
2808 4381 3043 4434 militem
3071 4396 3231 4434 suum
3251 4380 3503 4436 Christus
3521 4382 3773 4446 ubicunque

2170 4473 2530 4538 pugnantem.
2557 4469 2702 4523 107
2735 4471 2799 4524 In
2826 4469 3069 4540 epistola
3094 4486 3327 4540 quoque
3352 4474 3421 4525 de
3445 4465 3770 4539 L:ipsis,quis-

2096 4580 2143 4644 Β
2175 4559 2308 4626 quis
2334 4557 2506 4621 volet,
2549 4557 2669 4612 haec
2693 4560 2912 4613 inserta
2964 4558 3249 4629 reperiet:
3293 4561 3442 4615 Videt
3465 4559 3562 4613 ille
3583 4554 3720 4613 corda
3738 4560 3777 4605 et

2171 4653 2390 4714 pectora
2419 4646 2771 4716 singulorum
2800 4649 2850 4700 et
2871 4646 3231 4715 judit'aturus
3271 4663 3382 4702 non
3413 4653 3617 4702 tantum
3643 4644 3696 4696 de
3711 4642 3772 4707 fa-

2173 4733 2296 4798 ctis,
2319 4735 2416 4788 sed
2447 4742 2498 4788 et
2535 4733 2710 4788 verbis
2739 4739 2792 4788 et
2828 4736 3256 4804 cogitationibus
3314 4741 3535 4799 nostris,
3576 4731 3773 4791 omnium

2171 4832 2379 4876 mentes
2394 4826 2802 4894 voluntatesque
2819 4830 3102 4892 conceptas
3116 4827 3265 4880 intra
3289 4829 3438 4896 ipsas
3455 4827 3622 4880 adhuc
3637 4820 3775 4877 clausi

2171 4917 2399 4984 pectoris
2429 4914 2667 4968 latebras
2698 4917 2967 4969 intuetur.
2989 4917 3164 4970 Filius
3184 4935 3318 4984 ergo
3339 4918 3462 4981 Dei,
3490 4927 3596 4972 tam
3616 4918 3772 4969 aucto-

2173 5003 2342 5057 ritate
2361 5001 2557 5057 divina
2581 5021 2754 5074 quam
2781 5015 3113 5059 sanctorum
3140 5011 3374 5062 Patrum
3424 5007 3569 5061 ﬁdeli
3601 5000 3771 5058 veraci-

2172 5108 2285 5164 que
2308 5095 2618 5157 sententia,
2653 5095 2975 5148 secundum
3029 5096 3225 5150 divina
3258 5103 3524 5151 naturain
3555 5091 3769 5148 intinitus

2173 5181 2618 5253 immensasque.
2645 5185 2946 5254 probatur,
2982 5185 3199 5254 ubique
3225 5203 3499 5256 praesens,
3524 5182 3696 5239 omnia
3717 5194 3776 5232 re-

2173 5269 2358 5341 plens,
2393 5275 2559 5326 testis
2593 5290 2748 5326 nunc
2781 5273 3204 5343 cogitationum
3235 5259 3778 5346 etoperum.i‘iiturus

2162 5361 2344 5445 judex
2369 5363 2798 5433 retributorque
2816 5370 3184 5418 cunctorum.
3216 5364 3358 5427 Quia
3392 5381 3523 5419 vero
3549 5364 3683 5416 idem
3711 5357 3778 5412 Fi-

2169 5449 2285 5505 lius
2305 5451 2426 5517 Dei,
2450 5467 2620 5506 verus
2662 5451 2838 5519 Deus,
2875 5460 3048 5508 natus
3070 5458 3138 5508 de
3160 5459 3271 5510 Deo
3298 5455 3488 5524 Patre,
3522 5467 3674 5509 verus
3701 5447 3781 5502 bo-

2237 5591 2308 5734 éd)
2343 5592 2450 5648 Ms.
2485 5592 2733 5662 Victor.,
2767 5611 2986 5650 renum.

2259 5667 2311 5733 e)
2346 5665 2451 5721 Ed.
2489 5665 2688 5721 Colon.
2735 5673 2791 5722 et
2823 5667 2979 5724 Baeti

2259 5667 2311 5733 e)
2346 5665 2451 5721 Ed.
2489 5665 2688 5721 Colon.
2735 5673 2791 5722 et
2823 5667 3003 5724 Baeti.
3037 5684 3154 5726 non
3186 5667 3406 5726 habent
3436 5668 3518 5725 in.
