3982 6218
416 366 536 424 2⁸15

1402 368 1464 442 S,
1511 363 1932 429 FULGENTII
1980 359 2336 422 EPISGOPI
2381 356 2813 421 RUSPENSIS

3674 353 3778 412 276

409 498 565 554 sicut
600 499 889 556 naturalis
927 500 1124 557 unitas
1147 501 1206 556 in
1257 501 1424 556 Patre
1448 506 1646 556 manet
1689 504 1746 555 et
1776 498 1944 566 Filio,
1979 496 2062 551 sic
2097 495 2150 562 Α
2179 492 2370 549 CAPUT
2396 511 2451 549 x.
2481 491 2747 566 Diviniti‘s
2767 489 2990 566 ghristi,
3011 488 3113 545 etsi
3132 487 3674 566 passibilemcarnem
3691 501 3772 539 su-

414 589 746 658 personalis
772 590 968 646 unitas
1017 592 1351 646 maneretin
1373 591 1723 658 Christo;et
1771 589 2067 659 sicutper-

410 677 632 732 sonalis
665 678 961 734 distinctio
1020 680 1170 736 duas
1204 696 1320 735 non
1375 681 1512 736 facit
1551 681 1609 734 in
1642 680 1806 734 Patre
1837 683 1895 734 et
1924 676 2068 732 Filio

408 766 800 835 substantias,
824 766 910 823 sic
934 767 1223 824 naturalis
1251 769 1524 825 discretio
1547 769 1696 823 duas
1718 785 1833 823 non
1859 768 2069 823 faceret

405 853 466 908 in
498 853 726 909 Christo
746 872 1058 926 personas;
1085 873 1147 911 ac
1167 875 1374 912 rursus
1393 858 1548 912 sicut
1567 858 1763 912 unitas
1781 855 2066 912 naturalis

404 942 636 998 Patrem
655 961 767 998 non
784 946 1092 1000 confundit
1113 951 1169 999 et
1192 947 1402 1000 Filium
1417 947 1520 1011 ,sic
1536 947 1725 1001 unitas
1742 944 2066 1016 personalis

404 1031 706 1088 hominem
757 1050 869 1089 non
897 1035 1276 1090 confunderet
1299 1041 1354 1090 et
1379 1036 1631 1090 Verbum
1660 1053 1674 1104 ;
1703 1041 1758 1090 et
1780 1035 2061 1103 quemad-

411 1123 649 1177 modum
703 1123 1020 1194 agenilore
1053 1123 1169 1178 Deo
1203 1141 1304 1194 per
1337 1127 1623 1179 unitatem
1657 1129 1878 1178 naturas
1913 1139 2065 1177 nun-

405 1227 583 1281 quam
609 1212 902 1282 segregari
929 1216 1118 1282 potest
1134 1213 1473 1284 unigenitus
1495 1212 1790 1276 Filius,sic
1811 1229 1843 1266 a
1865 1228 2064 1267 susce-

403 1306 571 1372 ptore
628 1302 743 1356 Deo
791 1318 894 1371 per
927 1304 1206 1356 unitatem
1235 1319 1494 1373 personis
1528 1318 1829 1373 nunquam
1867 1307 2064 1372 posset

403 1390 580 1444 homo
595 1391 852 1460 separari
869 1395 1198 1459 susceptus;
1215 1391 1298 1446 sic
1316 1397 1511 1446 tamen
1538 1397 1601 1446 ut
1622 1391 1890 1463 quamvis
1903 1391 2063 1446 Chri-

405 1483 534 1532 stus
559 1495 665 1533 nec
690 1480 968 1534 confundi
995 1480 1518 1551 possetaliquando
1537 1497 1642 1537 nec
1673 1481 1872 1544 dividi,
1907 1495 2058 1535 unus

401 1571 600 1622 tamen
624 1571 800 1639 atque
821 1568 973 1623 idem
1021 1567 1310 1636 Christus,
1333 1577 1388 1624 et
1414 1587 1481 1624 ex
1503 1569 1742 1624 veritate
1765 1569 2057 1640 passionis

403 1656 700 1718 humanae.
727 1673 856 1728 quae
879 1663 1078 1713 nostra
1103 1659 1334 1713 fuerant
1355 1660 1639 1727 redderet,
1659 1664 1716 1714 et
1729 1676 1796 1714 ex
1821 1659 2057 1714 veritate

403 1744 898 1814 impassibilitatis
915 1745 1279 1816 divinisque:
1301 1763 1410 1800 sua
1432 1747 1662 1801 fuerant
1677 1747 1956 1801 tribueret
1973 1751 2058 1800 :ut

404 1832 543 1888 dum
569 1833 665 1888 ille
690 1851 913 1905 pauper
951 1835 1281 1890 efficeretur
1304 1836 1362 1889 in
1395 1835 1520 1890 suis
1543 1835 1761 1890 divitiis
1787 1851 2052 1900 manens,
2088 1868 2134 1931 B

403 1937 507 1976 nos
541 1939 608 1976 ex
637 1923 995 1994 pauperibus
1017 1923 1226 1978 divites
1270 1923 1504 1991 faceret,
1537 1925 1752 1995 quibus
1774 1941 1890 1978 suae
1914 1941 2055 1993 pau-

403 2011 646 2081 pertatis
669 2011 930 2066 infinitas
972 2011 1206 2066 divitias
1230 2013 1595 2067 contulisset.
1631 2013 1795 2076 Quod
1812 2012 1925 2066 Vas
1947 2011 2056 2066 ele-

403 2098 617 2153 ctionis
631 2101 940 2155 manifesto
957 2101 1536 2155 videturdenuntiare
1551 2117 1818 2155 sermone
1831 2101 2052 2156 dicens:

399 2187 566 2242 Scitis
617 2189 766 2243 enim
795 2192 1035 2259 gratiam
1066 2191 1288 2244 Domini
1306 2192 1485 2244 nostri
1511 2193 1638 2246 Jesu
1673 2190 1896 2256 Christi,
1923 2190 2056 2261 quia

388 2282 617 2347 propter
639 2294 728 2332 vos
750 2295 955 2346 egenus
983 2282 1167 2347 factus
1187 2283 1284 2347 est,
1307 2295 1430 2333 cum
1448 2288 1583 2334 esset
1603 2279 1770 2345 dives,
1805 2289 1863 2334 ut
1891 2279 2054 2334 illius

389 2371 715 2436 paupertate
773 2383 863 2420 vos
921 2368 1116 2422 divites
1145 2369 1329 2422 essetis
1374 2368 1456 2438 (11
1487 2367 1612 2423 Cor.
1673 2385 1793 2436 vm,
1827 2368 1903 2440 9).
1941 2371 2053 2424 floc

395 2453 576 2525 igitur
599 2471 852 2524 personae
903 2455 1316 2528 inseparabilis
1343 2458 1558 2524 unitas,
1585 2458 1640 2510 ir.
1667 2475 1782 2530 qua
1813 2458 1965 2514 Deus
1999 2465 2055 2515 et

399 2543 576 2600 homo
599 2561 754 2600 unus
798 2551 887 2600 est
923 2546 1213 2615 Christus,
1258 2547 1389 2602 fecit
1424 2552 1484 2602 ut
1513 2547 1764 2604 ethomo
1787 2548 2054 2605 Christus

401 2648 502 2702 per
522 2635 768 2703 gratiam
793 2641 1134 2690 nasceretur
1158 2652 1224 2690 ex
1250 2636 1548 2704 Deo,salva
1572 2638 1813 2693 veritate
1836 2654 1902 2693 ac
1930 2638 2051 2710 ple-

401 2721 668 2776 nitudine
695 2722 963 2777 humanae
1003 2731 1244 2791 naturis,
1266 2725 1484 2781 etidem
1503 2725 2050 2783 Deustristusvo-

400 2808 658 2865 luntarie
679 2816 975 2882 pateretur
1007 2815 1064 2866 in
1098 2830 1292 2882 carne,
1327 2814 1486 2869 salva
1531 2815 1886 2884 impassibili
1917 2817 2048 2888 ple-

398 2900 891 2955 nitudinedivinae
914 2902 1277 2958 substantiae.
1311 2903 1592 2967 Quoniam
1619 2904 1771 2960 sicut
1793 2923 1946 2960 unus
1963 2911 2051 2961 est

394 2989 466 3044 de
497 3006 608 3057 quo
636 2989 948 3060 Apostolus
1007 2991 1184 3046 dicit:
1218 2993 1456 3061 Quorum
1513 3003 1720 3064 patres,
1752 3011 1820 3049 ea:
1853 2996 2049 3065 quibus

396 3078 648 3134 Christus
678 3082 979 3136 secundum
1013 3097 1260 3147 carnem,
1281 3081 1380 3153 qui
1407 3087 1484 3137 est
1522 3087 1890 3152 superomnia
1914 3086 2050 3140 Deus

393 3167 704 3224 benedictus
733 3171 790 3224 in
848 3171 1055 3226 saecula
1087 3171 1259 3242 (Rom.
1293 3188 1372 3237 ix,
1403 3173 1455 3243 5)
1503 3197 1516 3238 ς
1564 3173 1647 3226 sic
1681 3189 1830 3228 unus
1860 3180 1948 3228 est
1977 3177 2047 3230 de

2248 567 2438 633 scepit,
2457 560 3018 636 impassibilistamen
3035 558 3490 632 permansit,quia
3513 566 3584 612 est
3603 559 3782 611 immu-

2246 639 2458 692 labilis.

2245 743 2357 800 Sed
2381 743 2622 799 forsitan
2678 742 2907 797 dicetur
2933 739 3229 796 Christum
3249 737 3373 792 ideo
3397 737 3450 790 in
3473 750 3633 789 carne
3663 750 3780 806 pas-

2174 850 2303 888 sum
2331 832 3252 904 praedicari,quiadivinitas,quaa
3276 832 3409 881 ante
3445 840 3660 880 carnem
3682 822 3789 895 pati

2174 939 2285 978 non
2305 921 2860 993 potuit,passibilem
2882 919 3213 990 suscipiens
3231 912 3786 984 carnem,passionem

2172 1028 2407 1084 quoque
2450 1028 2583 1067 cum
2609 1028 2782 1066 carne
2803 1010 3119 1082 persensit,
3153 1009 3285 1078 quia
3315 1023 3416 1078 pro
3450 1001 3788 1072 susceptione

2171 1099 2471 1172 passibilis
2499 1099 2712 1163 carnis,
2743 1100 2872 1171 ipsa
2907 1100 2978 1152 im
2993 1095 3282 1169 passibilis
3309 1095 3362 1149 in
3398 1092 3653 1165 passione
3673 1105 3788 1160 per-

2172 1206 2405 1246 manere
2428 1206 2542 1244 non
2564 1189 2770 1260 potuit.
2795 1189 2959 1252 Quod
2983 1187 3030 1243 si
3056 1188 3136 1242 ita
3155 1190 3264 1254 est,
3298 1183 3543 1256 primum
3569 1177 3792 1234 mutabi-

2168 1279 2242 1334 lis
2265 1279 2546 1335 asseritur
2565 1279 2838 1334 divinitas
2852 1278 2930 1332 Ch
2943 1277 3153 1346 risti,et
3171 1272 3440 1347 Apostolo
3462 1267 3785 1326 contradici-

2167 1377 2286 1439 tur,
2319 1369 2420 1440 qui
2456 1367 2664 1424 Filium
2697 1368 2796 1424 Dei
2828 1368 3027 1424 Jesum
3061 1366 3360 1422 Christum
3393 1355 3788 1416 immutabilem

2169 1459 2512 1530 praedicans,
2545 1459 2841 1512 evidenter
2871 1456 3194 1513 Corinthiis
3215 1455 3392 1509 dicit:
3428 1449 3521 1506 Dei
3558 1449 3693 1504 enim
3721 1447 3791 1499 Fr

2183 1549 2291 1603 lius
2319 1549 2473 1604 Jesus
2507 1546 2780 1616 Christus,
2813 1549 2910 1618 qui
2965 1549 3024 1600 in
3053 1544 3202 1599 vobis
3246 1559 3342 1615 per
3377 1556 3471 1596 nos
3498 1537 3792 1610 praedicatus

2164 1643 2262 1700 est,
2295 1653 2390 1706 per
2419 1653 2530 1703 me,
2555 1646 2604 1692 et
2634 1636 2941 1707 Sytvanum
2974 1639 3022 1689 et
3057 1634 3414 1695 Timotheum,
3445 1645 3551 1683 non
3577 1627 3678 1696 fuit
3705 1626 3784 1678 Est

2163 1730 2215 1782 et
2242 1728 2378 1792 Non,
2409 1725 2501 1781 sed
2554 1727 2644 1780 Est
2680 1728 2738 1779 in
2795 1725 2893 1780 illo
2949 1724 3058 1795 fuit
3089 1724 3158 1794 (ll
3189 1727 3305 1777 Cor.
3340 1737 3382 1785 ι,
3413 1717 3680 1789 19).Quol
3714 1715 3769 1764 ut

2163 1819 2358 1887 ipsum
2383 1817 2474 1870 Est
2508 1832 2747 1886 prorsus
2767 1815 2839 1869 im
2852 1813 3132 1869 mutabile
3155 1811 3598 1874 demonstraret,
3622 1804 3786 1858 denuo

2166 1905 2249 1960 sic
2274 1907 2341 1958 ad
2370 1904 2640 1959 Hebrams
2664 1903 2946 1975 loquitur,
2985 1901 3081 1956 ubi
3114 1900 3413 1955 evudenter
3433 1897 3502 1952 de
3523 1893 3652 1949 Filio
3681 1905 3782 1946 me-

2161 1997 2352 2048 morat
2373 1995 2597 2047 dictum
2629 2009 2642 2046 :
2669 1992 2737 2045 Tu
2761 1993 2817 2046 in
2839 1991 3142 2062 principio,
3163 1987 3413 2051 Domine,
3445 1991 3650 2040 terram
3668 1982 3788 2048 fun-

2160 2083 2330 2148 dasti,
2364 2091 2415 2137 et
2443 2098 2607 2153 Opera
2661 2097 2926 2136 manuum
2955 2085 3179 2135 tuarum
3210 2083 3340 2133 sunt
3369 2077 3506 2132 cati.
3541 2073 3640 2145 Ipsi
3660 2067 3787 2142 peri.‘

2161 2173 2314 2238 bunt,
2349 2181 2402 2228 tu
2417 2177 2596 2227 autem
2622 2187 2910 2240 permanes
2933 2187 2946 2225 :
2971 2175 3023 2225 et
3053 2185 3240 2224 omnes
3262 2171 3407 2223 sicut
3427 2164 3777 2222 vestimentum

2156 2265 2489 2318 veterascent
2511 2287 2522 2322 ;
2548 2271 2595 2316 et
2612 2260 3030 2316 velutamictam
3051 2260 3293 2314 mutabis
3317 2274 3407 2312 eos
3419 2260 3483 2323 ,et
3505 2253 3778 2309 mutabun-

2159 2356 2250 2407 tur
2281 2355 2374 2419 ;lu
2413 2356 2596 2406 autem
2626 2350 2772 2405 idem
2806 2367 2861 2404 es
2893 2349 3074 2422 (Hebr.
3105 2367 3144 2414 1,
3182 2349 3268 2418 10,
3302 2348 3412 2418 li).
3438 2345 3578 2412 Quid
3611 2345 3779 2397 autem

2156 2446 2245 2496 est
2268 2441 2419 2496 idem
2473 2457 2619 2508 esse,
2672 2439 2781 2494 nisi
2817 2438 3245 2494 immutabilem
3266 2437 3435 2492 esse?
3462 2435 3616 2491 Sicut
3643 2431 3704 2485 de
3731 2442 3782 2482 se

2155 2529 2280 2601 ipse
2304 2534 2572 2594 testatur,
2606 2529 2836 2584 dicens:
2859 2531 2968 2600 Ego
2991 2544 3110 2582 sum
3126 2527 3223 2598 qui
3238 2544 3364 2581 sum
3387 2570 3400 2596 ,
3425 2529 3475 2579 et
3501 2525 3636 2580 dices
3665 2517 3783 2589 ﬁliis

2154 2620 2332 2674 Israel
2367 2637 2378 2674 :
2409 2619 2516 2688 Qui
2544 2629 2646 2687 est,
2680 2619 2832 2674 misit
2861 2636 2950 2672 me
2974 2624 3040 2672 ad
3065 2635 3154 2673 vos
3187 2618 3382 2687 (Exod.
3412 2633 3495 2684 in,
3529 2604 3781 2683 14).Ουοά

2155 2708 2204 2764 si
2254 2710 2387 2780 quis
2412 2710 2561 2764 inter
2582 2710 2807 2764 Patrem
2853 2708 3180 2778 Filiumque
3213 2705 3543 2761 divinitatis
3572 2698 3783 2770 cupiens

2154 2798 2540 2853 differentiam
2574 2800 2995 2865 demonstrare,
3031 2796 3221 2852 locum
3257 2796 3436 2850 istum
3457 2809 3569 2866 quo
3590 2791 3780 2845 dictum

2155 2892 2244 2942 est
2275 2904 2288 2943 :
2312 2889 2417 2959 Ego
2441 2905 2562 2942 sum
2598 2891 2700 2960 qui
2719 2904 2865 2956 sum,
2897 2904 3158 2958 persona:
3178 2885 3366 2941 solius
3384 2883 3569 2940 Patris
3589 2879 3784 2935 asserat

2152 2977 2483 3046 convenire,
2509 2978 2793 3050 ;primum
2827 2977 3180 3040 meminerit,
3215 2977 3357 3046 quia
3376 2975 3591 3029 Patrem
3623 2964 3779 3038 Moysi

2152 3068 2502 3138 apparuisse
2525 3068 2831 3135 fatebitur;
2857 3067 3084 3132 deinde,
3121 3066 3258 3138 quia
3292 3066 3344 3119 si
3377 3064 3533 3118 ibiin
3577 3055 3782 3131 propria

2152 3157 2486 3211 substantia
2536 3161 2706 3212 Pater
2724 3157 3013 3228 apparuit,
3043 3173 3180 3226 ergo
3201 3155 3374 3209 Pater
3403 3151 3644 3208 visibilis
3673 3145 3780 3202 fuit.

389 3271 505 3328 quo
537 3258 691 3312 idem
722 3258 861 3312 dicit
884 3237 1196 3327 Apostolus
1231 3261 1403 3316 :Nam
1433 3237 1538 3316 etsi
1553 3261 1856 3331 cruciﬁxus
1878 3269 2025 3318 estea

2162 3246 2384 3309 Quodsi
2410 3246 2584 3300 etiam
2613 3261 2766 3300 nunc
2789 3245 3036 3299 visibilis
3065 3248 3393 3315 permanet,
3423 3245 3542 3312 jam
3576 3255 3680 3294 non
3707 3237 3783 3289 est

386 3345 736 3416 inﬁrmitate,
769 3348 858 3403 sed
904 3347 1045 3404 vivit
1074 3364 1143 3404 ex
1172 3351 1378 3405 virtute
1410 3352 1506 3406 Dei
1533 3354 1613 3420 (Il
1649 3354 1773 3408 Cor.
1805 3367 1931 3416 xm,
1963 3355 2032 3423 4).

385 3433 548 3491 Unus
563 3442 649 3491 est
672 3437 1218 3508 igiturChristus,in
1246 3456 1360 3511 quo
1379 3442 1656 3496 crucifixo
1679 3459 1812 3498 vera
1837 3443 2041 3497 fuitin-

385 3524 636 3580 ﬁrmitas
660 3526 876 3588 carnis,
899 3532 955 3581 et
981 3528 1035 3580 in
1061 3543 1176 3599 quo
1199 3530 1428 3584 vivente
1451 3532 1637 3585 virtus
1659 3547 1807 3586 verae
1829 3533 2038 3587 claruit

385 3613 651 3680 deitatis;
677 3615 829 3685 quod
847 3614 1170 3670 humanum
1197 3619 1533 3680 est,habens
1552 3619 1705 3675 Deus
1725 3621 1780 3675 in
1802 3622 2038 3678 veritate

389 3702 665 3758 humana-
687 3710 931 3771 naturir,
955 3710 1010 3759 et
1033 3708 1184 3774 quod
1203 3708 1588 3779 divinumest,
1617 3710 1840 3766 habens
1865 3711 2037 3768 homo

384 3790 441 3845 in
461 3794 700 3844 veritate
716 3793 919 3846 divinae
935 3793 1298 3850 substantiae.
1317 3797 1463 3852 Hinc
1484 3799 2042 3870 incomprehensibi-

383 3877 459 3934 lis
480 3877 538 3932 in
563 3895 755 3946 cruce,
794 3879 1145 3936 inviolabilis
1165 3883 1223 3936 in
1253 3884 1512 3954 vulnere,
1540 3889 1923 3958 impassibilis
1949 3891 2032 3944 in-

384 3968 680 4037 passione,
720 3968 1074 4026 immortalis
1100 3973 1451 4040 praedicatur
1488 3975 1544 4029 in
1581 3983 1783 4032 morte.

451 4056 640 4112 CAPUT
670 4073 745 4113 Ix.
780 4057 999 4112 Christo
1019 4076 1198 4129 passo,
1223 4077 1332 4116 non
1351 4071 1430 4118 est
1451 4065 1592 4120 Deus
1621 4081 1961 4138 compassus.

452 4149 604 4204 118
634 4154 764 4204 Haec
810 4151 948 4204 dum
974 4153 1212 4222 quidam
1239 4154 1436 4210 minus
1459 4159 1791 4228 attendunt,
1826 4162 2036 4218 divini-

379 4242 555 4293 tatem
583 4239 796 4294 Christi
821 4257 930 4295 non
959 4242 1225 4296 dubitant
1255 4245 1542 4314 subjicere
1569 4266 1652 4317 μιν
1676 4251 2031 4318 sioni,etau.

376 4326 901 4384 dientcsChristum
920 4331 977 4385 in
993 4347 1167 4388 carne
1183 4351 1356 4404 ριιτευ
1374 4352 1420 4385 m
1439 4341 1854 4405 .putantDeum
1870 4346 2028 4398 carni

373 4414 556 4471 fuisse
572 4433 969 4488 compassum,
997 4425 1196 4476 minus
1212 4427 1852 4485 attendentesdivinam
1869 4430 2029 4487 illam

374 4511 548 4575 atque
572 4506 1002 4564 immutabilem
1020 4509 1146 4565 Filii
1167 4511 1265 4567 Dei
1291 4513 1838 4586 substantiam,etin
1861 4536 2032 4576 carne

2147 3335 2444 3404 corporeis
2486 3333 2673 3389 oculis
2698 3333 3008 3388 invisibilis
3031 3333 3183 3388 Deus
3213 3333 3291 3394 :si
3315 3323 3782 3397 autemtuncqui-

2147 3423 2279 3477 dem
2307 3422 3362 3492 substantialitervisus,postmodum
3382 3417 3683 3476 invisibilis
3699 3431 3786 3486 pu-

2146 3519 2304 3568 tatur
2323 3515 2565 3568 effectus
2589 3529 2602 3567 :
2621 3530 2754 3584 ergo
2769 3513 2921 3568 Deus
2944 3519 3076 3568 ante
3091 3511 3474 3568 mutabilitati
3499 3509 3783 3579 subjacens

2146 3603 2524 3674 imperfectus
2558 3603 2762 3673 utique
2797 3602 2924 3668 fuit,
2955 3606 3011 3657 et
3047 3601 3426 3674 postmodum
3452 3602 3528 3672 (a)
3551 3615 3644 3670 per
3673 3612 3782 3666 pro-

2145 3694 2296 3748 fectu
2309 3709 2361 3746 m
2377 3692 2517 3746 imm
2532 3691 2766 3747 utabilis
2783 3694 2932 3746 factu
2945 3697 3149 3755 s,statu
3163 3707 3213 3744 m
3233 3689 3362 3761 plen
3375 3708 3423 3744 se
3439 3684 3785 3761 perfectionis

2145 3782 2388 3852 accepit.
2423 3781 2581 3844 Quod
2608 3781 2656 3835 si
2681 3796 2749 3834 ex
2775 3780 3112 3850 imperfecto
3144 3779 3444 3850 perfectus
3465 3783 3549 3832 est
3598 3777 3780 3830 factus.

2146 3871 2498 3942 quaerendus
2514 3869 2769 3924 estalius
2793 3870 2890 3940 qui
2921 3867 3348 3940 semperfuisse
3372 3869 3783 3940 perf‘ectuscre-

2145 3961 2342 4024 datur,
2373 3976 2403 4012 a
2435 3975 2552 4028 quo
2576 3959 2687 4012 iste
2708 3958 2807 4029 qui
2837 3957 3218 4029 imperfectus
3245 3958 3354 4011 fuit
3374 3958 3596 4012 donum
3621 3952 3782 4026 perfe-

2144 4047 2354 4105 ctionis
2387 4047 2608 4118 accepit
2637 4047 2731 4108 (al.
2768 4045 3097 4117 acceperit).

2144 4175 2335 4230 CAPUT
2354 4191 2430 4228 x1.
2469 4175 2606 4228 Deus
2657 4173 2956 4229 invisibilis
2987 4173 3145 4239 inse,
3180 4189 3279 4244 per
3319 4173 3628 4241 subjectum
3654 4185 3784 4225 crea-

2214 4257 2391 4302 turam
2424 4245 2721 4301 visibiliter
2749 4249 3029 4316 apparuit.
3062 4244 3213 4300 Sicut
3247 4245 3412 4300 Pater
3437 4250 3514 4301 est
3537 4245 3778 4299 immuta-

2217 4317 2364 4383 bilis,
2399 4319 2479 4372 ita
2500 4323 2550 4372 et
2581 4316 2775 4372 Filius.

2214 4427 2254 4480 1
2271 4427 2367 4481 I9
2389 4425 2444 4479 Si
2463 4441 2593 4480 vero
2607 4424 3084 4480 hachbristianaa
3105 4428 3333 4480 mentes
3357 4439 3648 4495 auresque
3678 4434 3779 4475 non

2139 4513 2692 4582 tolerant,credatur
2714 4513 2866 4569 Deus
2889 4530 3185 4586 nunquam
3218 4532 3319 4586 per
3337 4515 3636 4586 propriam
3662 4508 3780 4564 visi-

373 4593 636 4662 Ρᾶεειῖὺίιί
664 4597 992 4662 βειεεὶουθω
1019 4601 1436 4668 suscepisse,et
1456 4621 1588 4660 cum
1613 4622 1787 4661 carne
1809 4609 2028 4678 passio-
2059 4607 2102 4672 D
2134 4602 2664 4658 biliterhominibus
2680 4605 3019 4674 apparuisse
3033 4604 3538 4672 substantiam,eed
3559 4599 3782 4675 persub-

375 4697 504 4734 nem
526 4683 741 4735 sentire
758 4699 868 4736 non
890 4687 1332 4754 potuisse.Qu0d
1371 4694 1569 4762 utique
1591 4694 1796 4751 beatus
1824 4695 2029 4755 Petrus

373 4769 433 4822 in
471 4769 708 4823 veritate
740 4771 946 4826 divinas
977 4773 1381 4846 inspirationis
1404 4784 1731 4853 confirmat,
1755 4790 1811 4842 et
1837 4787 2015 4844 dicit:

374 4855 590 4911 Christo
634 4856 811 4927 igitur
857 4860 918 4913 in
946 4877 1112 4917 carne
1156 4881 1334 4934 passo,
1366 4873 1414 4921 et
1447 4886 1535 4924 vos
1563 4872 1758 4929 eadem
1784 4879 2018 4934 scientia

367 4948 676 5002 armamini
704 4949 749 5017 (Ι
775 4948 922 5004 Petr.
957 4966 1030 5018 1v,
1065 4951 1136 5022 l).
1171 4954 1302 5022 Qui,
1325 4947 1377 5010 lsi
1410 4958 1588 5014 sciret
1619 4961 1831 5018 Christi
1866 4967 2018 5022 divi-

366 5039 608 5092 nitatem
653 5036 834 5091 f'uisse
879 5039 1238 5111 passibilem,
1284 5045 1611 5102 suffecisset
1665 5056 1726 5105 ut
1755 5053 2012 5113 diceret:

365 5119 586 5174 Christo
635 5121 815 5186 igitur
841 5136 1021 5190 passo,
1077 5139 1177 5177 nec
1201 5123 1544 5195 addidisset,
1582 5131 1641 5184 in
1671 5146 1856 5188 carne.
1907 5139 2014 5192 Sed

361 5209 642 5278 quoniam
675 5214 930 5274 noverat,
965 5211 1022 5264 in
1059 5227 1172 5266 uno
1205 5213 1524 5286 eodemque
1541 5218 1791 5286 Christo,
1817 5228 1872 5277 et
1891 5242 2021 5295 pasa

361 5296 590 5352 sibilem
607 5301 741 5350 ante
773 5305 1020 5353 mortem
1064 5301 1242 5356 fuisse
1274 5302 1593 5360 humanam
1633 5315 1926 5378 naturam,
1959 5322 2017 5373 et

361 5385 786 5455 impassibilem
814 5402 1044 5457 semper
1065 5389 1320 5445 divinam
1343 5409 1577 5450 manere
1594 5398 2010 5471 substantiam,

359 5478 666 5558 propterea
687 5472 986 5530 Christum
1005 5493 1246 5546 passum
1272 5482 1567 5538 fateturin
1604 5502 1796 5554 carne,
1842 5493 2013 5562 cujus
2057 5485 2064 5490 ’

359 5547 1652 5642 divinitatemnoveratprorsusimpassibilem
1674 5547 2012 5647 permanere

2133 4695 2348 4763 jectam
2374 4694 2549 4761 (sicut
2568 4695 2692 4763 ipse
2709 4693 3265 4766 voluit)creaturam
3295 4715 3308 4762 ;
3335 4702 3392 4753 et
3416 4699 3632 4767 pariter
3657 4689 3782 4750 invi-

2137 4782 2348 4850 sibilis,
2372 4783 2524 4836 sicut
2554 4783 2741 4850 Pater,
2767 4785 3043 4839 credatur
3063 4791 3119 4839 et.
3142 4786 3347 4852 Filius,
3382 4787 3510 4857 qui,
3530 4786 3680 4841 sicut
3703 4783 3778 4834 in-

2127 4871 2472 4942 temporalis
2501 4888 2871 4942 permanens,
2898 4875 3086 4944 potuit
3131 4875 3480 4944 temporalia
3521 4874 3778 4936 condere,

2127 4960 2214 5016 sic
2240 4959 2556 5014 invisibilis
2582 4977 2954 5031 permanens,
2981 4963 3169 5034 potuit
3191 4963 3248 5017 in
3269 4963 3362 5018 bis
3386 4981 3516 5036 qua
3542 4958 3779 5020 visibilis

2127 5050 2273 5106 cond
2287 5049 2336 5102 id
2350 5051 2393 5103 it
2408 5048 2716 5104 visibiliter
2729 5067 3028 5122 apparere.
3046 5053 3302 5108 Tametsi
3320 5070 3588 5125 personae
3613 5050 3780 5109 Patris

2126 5155 2161 5196 θ.
2193 5137 2458 5210 quolibet
2474 5140 2809 5211 assignetur
2830 5140 2922 5195 hic
2943 5139 3106 5196 locus
3131 5141 3509 5213 quodicitur:
3533 5144 3641 5212 Ego
3667 5154 3781 5194 sum

2126 5227 2222 5301 qui
2247 5245 2389 5294 sum,
2415 5243 2520 5282 nec
2544 5228 2629 5281 sic
2653 5228 2834 5284 Filius
2851 5229 2920 5283 ab
2943 5230 3275 5302 aequalitate
3294 5226 3784 5288 immutabilitatis

2127 5323 2382 5388 paternae
2401 5317 2660 5370 creditur
2681 5319 3102 5374 secernendus.
3127 5319 3438 5384 Quoniam,
3455 5321 3784 5375 sicutPater

2124 5407 2265 5462 dicit
2289 5423 2302 5462 :
2327 5407 2430 5477 Ego
2463 5422 2582 5460 sum
2608 5405 2704 5476 qui
2733 5423 2874 5471 sum,
2911 5405 2992 5461 sic
3016 5409 3086 5462 de
3108 5407 3248 5461 Filio
3271 5409 3415 5463 dicit
3441 5409 3778 5480 Apostolus,

2123 5497 2473 5566 sicutsupra
2512 5495 2820 5564 posuimus
2849 5511 2862 5549 :
2917 5499 3036 5551 Non
3066 5495 3194 5565 fuit,
3231 5497 3321 5551 Est
3350 5502 3403 5551 et
3427 5498 3549 5553 Non
3579 5499 3674 5552 sed
3694 5493 3781 5552 Es‘

2123 5586 2185 5639 in
2215 5584 2312 5639 illo
2342 5585 2474 5653 fuit.
2509 5583 2578 5638 Et
2610 5599 2846 5638 rursum
2878 5583 2986 5638 :Tu
3007 5594 3192 5640 autem
3217 5584 3361 5641 idem
3391 5601 3464 5642 es.
3503 5586 3651 5642 Cum
3684 5584 3778 5639 ita-

439 5689 510 5759 (α)
545 5691 628 5746 lla
672 5709 773 5750 ωε.
803 5693 994 5761 ΟοΡδο,
1029 5696 1085 5748 ιιιὶ
1115 5694 1279 5765 editi,
1327 5705 1379 5755 et
1401 5706 1772 5778 postmodum,
1804 5712 2131 5782 perfectum,
2165 5711 2534 5770 immutabilis
2557 5714 2758 5782 lactus,
2781 5713 3010 5778 statum,
3041 5715 3148 5768 etc.
