3886 6330
155 375 250 434 289

1275 369 1382 428 AD
1426 360 2018 426 TRASIMUMDUM
2068 367 2216 429 LIB.
2271 369 2373 429 IIl.

3409 374 3530 434 290

149 507 417 575 signiﬁcans
432 521 548 576 qua
563 509 745 557 morte
764 503 1192 573 clariﬁcaturus
1218 506 1351 557 esset
1375 501 1458 571 (a)
1486 503 1766 559 Deum;et
1795 495 1846 560 Α
1876 496 2134 569 Virginis
2185 506 2347 558 utero
2396 504 2675 575 suscepit,
2728 521 2832 559 nec
2881 505 2938 560 in
2974 513 3175 573 morte,
3211 522 3313 561 nec
3347 507 3404 560 in
3437 522 3535 562 se-

161 599 351 652 hoccum
365 594 614 656 desisset,
649 593 788 647 dicit
817 595 874 647 ei
905 610 918 646 :
957 591 1191 663 Sequere
1218 606 1323 646 me.
1353 591 1497 646 Ecce
1520 587 1778 658 qualiter

161 703 264 742 eum
296 692 344 739 et
363 691 535 738 antea
581 683 749 752 sequi
803 683 1013 736 Petrus
1045 681 1291 748 volebat,
1315 680 1551 751 quando
1576 695 1679 748 pro
1710 693 1776 732 eo

163 776 367 830 animam
432 788 655 844 ponere
702 770 1006 842 cupiebat,
1040 771 1193 824 sicut
1222 785 1351 824 eum
1388 773 1589 840 postea
1623 771 1776 820 recto

161 862 437 918 dilectionis
474 861 688 915 itinere
750 860 921 929 sequi
983 861 1214 926 meruit,
1273 858 1510 930 quando
1562 871 1666 928 pro
1712 871 1778 910 eo

159 954 369 1008 animam
405 952 461 1004 in
509 949 788 1020 passione
820 950 1038 1020 posuit.

155 1044 306 1098 CAPUT
356 1057 488 1094 xxv.
527 1041 587 1094 In
623 1038 838 1092 Christo
877 1053 1019 1094 verae
1046 1039 1271 1105 fuerunt
1293 1034 1647 1106 inﬁrmitates
1670 1031 1783 1106 hu-

204 1127 383 1180 manae,
427 1111 525 1166 sed
579 1111 941 1166 voluntariae.
1001 1104 1112 1164 Nan
1165 1104 1370 1162 dicitur
1411 1121 1607 1180 corpus
1655 1104 1781 1180 desit

195 1175 419 1264 positum
443 1201 507 1237 ιιι
541 1181 824 1254 sepulcro,
854 1180 948 1236 sed
987 1181 1163 1248 Iesus,
1197 1181 1329 1250 quia
1382 1177 1460 1232 ibi
1485 1186 1602 1232 erat
1633 1175 1778 1229 divi-

198 1263 349 1310 nitas.

192 1345 483 1408 Quocirca,
512 1344 658 1413 quia
687 1341 1002 1397 manilesta
1023 1341 1122 1412 (at.
1156 1337 1488 1407 manifeste)
1517 1335 1784 1404 Scriptu-

134 1451 301 1488 rarum
327 1433 718 1489 attestatione
744 1431 1050 1502 probatum
1076 1435 1163 1484 est
1184 1428 1557 1482 dilectionem
1583 1425 1786 1478 deesse

135 1525 213 1577 ubi
233 1527 419 1577 solum
448 1537 678 1592 corpus
703 1519 964 1591 ponitur,
999 1518 1078 1573 ibi
1103 1523 1296 1572 autem
1323 1516 1628 1570 caritatem
1661 1527 1786 1566 esse

133 1613 213 1665 ubi
233 1612 428 1665 anima
451 1627 596 1665 cum
623 1623 864 1680 corpore
890 1609 1148 1679 ponitur,
1173 1605 1436 1660 Christus
1459 1621 1527 1658 ex
1547 1601 1785 1674 Virgine

134 1701 317 1770 plenus
367 1699 718 1754 credendus
739 1702 826 1752 est
858 1701 1007 1751 Deus
1055 1700 1111 1750 et
1142 1694 1350 1765 plenus
1382 1693 1575 1759 homo,
1607 1690 1663 1743 id
1698 1691 1787 1744 est

132 1792 308 1844 anima
329 1788 657 1843 rationalis
675 1792 732 1842 et
757 1802 910 1841 caro.
932 1785 998 1839 Et
1028 1785 1180 1839 sicut
1201 1783 1334 1837 fidei
1370 1781 1667 1837 catholicae
1691 1795 1784 1834 ve-

1889 590 2087 659 pulcro
2106 591 2366 647 deseruit
2391 605 2724 664 ;prOpterea
2743 604 2978 650 secutus
3003 595 3256 650 Joannes
3279 595 3529 664 adjecit:

1885 680 2015 734 Erat
2062 686 2246 736 autem
2285 683 2342 736 in
2377 683 2490 738 loco
2514 682 2610 737 ubi
2633 685 2931 754 cruciﬁxus
2971 690 3046 739 est
3105 686 3314 750 hortus,
3370 695 3422 740 et
3473 687 3532 738 in

1886 768 2043 824 harto
2067 777 2478 826 monumentum
2509 788 2727 837 novum,
2761 776 2817 827 in
2844 791 2948 844 quo
2977 774 3220 828 nondum
3243 777 3534 844 quisquam

1885 857 2094 926 positus
2115 870 2250 914 erat.
2282 863 2371 916 lbi
2389 878 2513 932 ergo
2528 863 3165 932 propter(c)Parasceven
3190 864 3529 927 JudéBOrum,

1887 949 2019 1018 quia
2038 949 2208 1018 juxta
2239 955 2356 1004 erat
2378 954 3328 1019 monumentum,posueruntIesum
3347 951 3530 1020 (lbid.,

1889 1035 1979 1102 41,
2011 1036 2121 1104 42).
2157 1041 2301 1093 Vere
2333 1039 2531 1094 divino
2552 1040 2762 1108 Spiritu
2790 1041 3000 1110 plenus
3023 1053 3261 1095 sanctus
3291 1056 3536 1111 evange-

1892 1125 2024 1179 lista
2062 1125 2288 1182 locutus
2321 1137 2426 1194 est,
2463 1136 2523 1182 ut
2559 1129 2850 1198 primitus,
2877 1131 3014 1199 quid
3045 1130 3098 1183 in
3124 1129 3350 1184 Christo
3385 1145 3537 1183 inor-

1893 1221 2058 1267 tuum
2077 1215 2248 1269 fuerit
2261 1221 2318 1270 et
2337 1217 2571 1287 sepultu
2585 1236 2636 1271 in
2657 1217 3217 1286 ostendens,diceret
3231 1224 3531 1288 acceptum

1892 1317 2105 1372 corpus
2126 1303 2288 1371 Jesu,
2322 1310 2379 1359 et
2409 1305 2650 1375 ligatum
2683 1305 2876 1360 linteis
2909 1323 3038 1360 cum
3061 1306 3536 1360 aromatibus.Et

1893 1392 2205 1462 quiaquod
2235 1394 2372 1447 Deus
2404 1395 2695 1460 coniunxit
2725 1395 2883 1449 homo
2912 1410 3020 1450 non
3053 1399 3280 1465 separat
3313 1394 3533 1464 (Matth.

1890 1496 2006 1547 xxx,
2040 1481 2114 1551 6),
2157 1491 2458 1554 propterea
2493 1501 2603 1539 non
2628 1502 2840 1554 corpus
2863 1485 3133 1549 Jesu,sed
3167 1484 3369 1538 Jesum
3396 1482 3541 1538 dicit

1892 1567 1950 1621 in
1987 1577 2365 1626 monumento
2399 1575 2652 1643 positum
2681 1591 2693 1627 :
2719 1572 3538 1644 sciebatenimquodillesus-

1894 1667 2092 1728 ceptor
2109 1659 2260 1730 pleni
2281 1661 2537 1717 hominis
2558 1662 2711 1718 Deus
2732 1670 2884 1718 totus
2900 1671 3051 1718 esset
3074 1679 3209 1716 cum
3234 1678 3407 1716 carnc
3429 1677 3540 1715 sua

1898 1745 1955 1799 in
1977 1748 2434 1815 sepulcro,totus
2456 1767 2590 1804 cum
2616 1752 2816 1806 anima
2839 1751 3445 1817 suaininferno,totus
3477 1749 3532 1802 in

129 1879 254 1933 ritas
276 1879 480 1941 habet,
509 1878 571 1930 in
601 1892 719 1930 uno
743 1835 1671 1944 eodemque—Christocredamus,
1697 1883 1785 1921 se-
1818 1862 1865 1927 B
1899 1835 2298 1944 andot‘mtus
2319 1837 2376 1892 in
2393 1839 2717 1944 “3.19M”
2737 1840 2920 1910 (dll’er
2939 1840 3225 1937 “Diuitem
3242 1837 3538 1944 natura}?

130 1969 364 2022 cundum
394 1981 607 2021 veram
642 1964 1037 2018 substantiam
1070 1961 1286 2024 carnis,
1317 1957 1706 2015 voluntariam
1729 1960 1787 2010 et

128 2073 302 2110 veram
329 2059 581 2114 famem,
614 2070 750 2108 cum
782 2051 1046 2108 esuriens
1090 2051 1164 2105 ad
1188 2049 1490 2106 liculneam
1515 2046 1737 2102 veniret
1767 2062 1782 2110 ;

125 2145 512 2200 voluntariam
546 2148 608 2198 et
642 2159 836 2196 veram
871 2141 1056 2208 sitim,
1087 2156 1220 2194 cum
1243 2139 1442 2194 bibere
1473 2154 1506 2191 a
1535 2134 1788 2191 Samari.

126 2241 245 2289 tuna
266 2233 649 2305 deposceret,
672 2230 760 2285 vel
781 2245 909 2284 cum
945 2246 1007 2284 se
1029 2229 1192 2284 sitire
1223 2229 1280 2282 in
1314 2243 1484 2282 cruce
1505 2223 1750 2281 dixisset
1773 2240 1786 2290 ;

130 2322 518 2378 voluntariam
537 2327 596 2376 et
610 2336 808 2374 veram
826 2318 1403 2383 lassituiiinem,cum
1429 2317 1706 2386 fatigatus
1720 2311 1791 2367 ab

128 2413 317 2466 itinere
338 2428 531 2482 super
558 2415 805 2480 puteum
833 2410 1088 2462 sederet:
1114 2405 1506 2461 voluntarium
1521 2410 1790 2458 etverum

127 2501 346 2566 vulnus,
370 2516 516 2554 cum
547 2496 976 2552 militislancea
1001 2497 1146 2551 13]
1180 2497 1577 2567 percuteretur
1616 2492 1673 2547 in
1706 2490 1793 2545 la-

129 2598 269 2655 tere;
294 2588 706 2644 voluntariam
752 2591 808 2640 et
829 2602 1026 2640 veram
1063 2590 1333 2652 mortem,
1356 2598 1489 2638 cum
1513 2582 1792 2636 inclinato

134 2680 305 2746 capite
337 2675 633 2746 spiritum
660 2671 960 2727 emisisset
985 2673 1043 2726 in
1076 2687 1282 2737 cruce;
1317 2670 1706 2724 voluntariam
1738 2670 1796 2721 et

130 2781 310 2818 veram
337 2763 748 2835 sepulturam,
771 2778 896 2816 cum
927 2778 1056 2816 eum
1084 2759 1410 2831 depositum
1429 2759 1499 2813 de
1519 2757 1676 2829 ligno
1698 2756 1794 2812 Jo-

135 2855 260 2924 seph
285 2861 343 2908 et
365 2853 734 2908 Nicodemus
759 2856 1042 2922 ponerent
1072 2849 1129 2903 in
1157 2847 1443 2918 sepulcro.
1488 2850 1601 2902 Has
1641 2845 1796 2900 enim

151 2943 321 2996 carnis
354 2958 576 2996 omnes
612 2941 991 2995 inﬁrmitates
1009 2937 1367 2993 voluntarias
1401 2936 1662 3009 quidem,
1699 2934 1800 2990 sed

150 3034 607 3092 seras.Christus
625 3027 993 3100 habuit,quia
1008 3029 1202 3083 carnis
1217 3028 1488 3082 humanae
1508 3030 1800 3091 naturam,

152 3137 240 3174 non
267 3124 320 3174 in
342 3121 690 3191 phantasia,
720 3119 824 3174 sed
850 3121 906 3172 in
930 3117 1169 3172 veritate
1191 3115 1468 3187 suscepit.
1495 3115 1649 3179 Quae
1672 3129 1800 3183 pss-

150 3211 324 3264 siones
349 3216 669 3280 propterea
699 3209 757 3262 in
791 3225 965 3263 carne
998 3205 1354 3261 voluntarias
1380 3205 1604 3268 habuit,
1641 3208 1703 3256 ut
1736 3202 1790 3255 in
1827 3225 1870 3293 ο

150 3300 371 3353 veritate
401 3299 603 3353 carnis
657 3298 858 3352 divina
882 3296 1160 3368 potentia,
1193 3311 1319 3367 quae
1340 3309 1444 3349 nec
1468 3292 1582 3364 pati
1611 3290 1798 3364 potuit

155 3386 457 3457 aliquando
481 3405 588 3441 nec
613 3387 784 3452 rrori,
812 3386 1211 3440 inﬁrmitatem
1236 3382 1806 3452 mortemqueilevin-

153 3483 310 3541 ceret,
336 3485 391 3531 et
420 3493 658 3531 carnem
687 3492 854 3530 suam
885 3476 942 3529 in
972 3475 1144 3528 vitam
1187 3473 1573 3542 virtutemque
1607 3487 1809 3541 perpe-

155 3570 302 3618 tuam
353 3567 700 3620 suscitaret.
725 3564 886 3626 Quod
912 3564 1128 3618 Paulus
1151 3563 1234 3617 sic
1255 3578 1353 3617 ore
1383 3564 1501 3616 veri
1529 3559 1657 3615 dico
1680 3575 1809 3628 pro-

159 3656 430 3708 testatur:
462 3654 720 3709 Christus
736 3669 967 3719 surgens
984 3669 1014 3705 a
1036 3651 1270 3706 mortuis
1289 3651 1399 3720 iam
1422 3665 1529 3704 non
1543 3650 1808 3703 moritur:

158 3746 361 3795 etmors
383 3745 439 3796 ei
469 3744 621 3797 ultra
652 3759 763 3795 non
791 3741 1189 3795 dominabitur.
1215 3739 1364 3808 Quod
1393 3738 1542 3795 enim
1562 3741 1813 3793 mortuus

160 3836 229 3880 es!
264 3836 511 3898 peccato,
545 3835 799 3884 mortuus
829 3833 909 3884 est
939 3829 1104 3884 semet
1137 3836 1318 3899 :quoa
1338 3837 1518 3882 autem
1544 3826 1698 3892 civit,
1731 3828 1811 3880 vi-

160 3919 224 3970 rit
255 3921 357 3974 Deo
385 3920 565 3987 (Rom.
583 3936 637 3973 vi
669 3919 747 3984 9).
771 3919 912 3982 Quis
943 3925 1138 3972 autem
1167 3917 1398 3988 ignoret
1421 3916 1714 3970 Christum
1744 3914 1814 3984 (ὸ)

159 4020 258 4060 nec
291 4009 349 4062 in
386 4010 592 4063 anima
626 4025 730 4063 nec
761 4010 818 4062 in
853 4006 1176 4067 divinitate,
1203 4007 1302 4061 sed
1336 4006 1395 4060 in
1430 4003 1555 4060 solo
1579 4018 1818 4074 corpore

156 4103 453 4151 mortuum
491 4104 550 4152 et
582 4096 926 4168 sepultum?
948 4097 1106 4160 Quod
1125 4081 1696 4150 evidenterJoannes
1730 4091 1818 4146 his

154 4187 338 4239 verbis
363 4187 666 4240 ostendit:
695 4190 823 4240 Post
836 4183 1475 4255 haecautemﬁnquiens,
1499 4183 1710 4253 rogavit
1732 4180 1822 4235 Pi-

160 4271 322 4328 latum
351 4277 550 4343 Joseph
580 4276 650 4330 ab
674 4275 1021 4330 Arimathtra
1053 4277 1135 4342 (eo
1159 4273 1298 4344 quod
1344 4275 1479 4327 esset
1509 4270 1823 4341 discipulus

168 4359 303 4426 bra,
333 4367 590 4419 occultus
623 4377 809 4418 autem
845 4371 1073 4434 promer
1136 4368 1340 4418 metum
1382 4360 1738 4430 Iudaeorum),
1765 4367 1826 4413 ut

178 4453 377 4508 tolleret
407 4471 604 4525 corpus
633 4459 770 4509 Jesu
818 4455 881 4508 Et
908 4451 1169 4523 permisit
1203 4452 1432 4506 Pilatus.
1463 4451 1610 4505 Venit
1631 4465 1756 4519 ergo
1777 4452 1828 4503 et

169 4541 276 4595 tulit
309 4560 510 4610 corpus
541 4545 686 4599 Iesu.
728 4541 879 4597 Venit
910 4550 1093 4596 autem
1123 4545 1172 4596 et
1202 4541 1543 4602 Nicodemus,
1577 4538 1676 4610 qui
1733 4551 1825 4594 ve‘

173 4639 313 4684 uerat
347 4633 419 4686 ad
447 4635 631 4688 Iesum
649 4636 802 4688 nocte
822 4630 1089 4699 primum,
1122 4634 1303 4701 ferens
1331 4631 1641 4684 mixturam
1672 4644 1822 4700 myr-

174 4717 274 4775 rha
322 4727 372 4775 et
406 4722 574 4788 aloes,
607 4737 765 4792 quasi
800 4718 974 4775 libras
1026 4729 1264 4774 centum.
1313 4719 1646 4787 Acceperunt
1697 4733 1825 4787 ergo

174 4821 346 4877 corpus
367 4812 514 4875 Iesu,
545 4815 594 4866 et
607 4809 720 4864 αιιὶ
723 4814 998 4881 gaverunt
1020 4825 1144 4863 eum
1165 4807 1266 4875 (al.
1291 4806 1460 4871 illud)
1496 4805 1680 4862 linteis
1702 4823 1823 4861 cum

178 4900 493 4954 aromatibus
525 4902 672 4954 sicut
702 4898 919 4955 Judaei:
950 4913 1065 4952 mos
1103 4901 1182 4951 est
1213 4897 1446 4966 sepelire
1480 4895 1656 4967 (Joan.
1707 4911 1825 4974 xxx,

179 4981 373 5057 δυ’-ω).
409 4989 572 5053 Ecce,
612 4989 766 5042 facta
796 4985 1175 5042 distinctione
1193 4984 1535 5048 divinitatis,
1559 4984 1753 5038 carnis
1774 4998 1829 5048 et

185 5074 688 5146 anime,vluantum
715 5078 783 5131 ad
807 5077 1223 5147 proprietatem
1240 5074 1582 5128 substantiae
1599 5073 1825 5134 attinet,

182 5167 352 5222 solum
390 5186 603 5240 corpus
632 5167 770 5222 Jesu
794 5165 937 5220 dicit
959 5165 1028 5219 de
1050 5181 1220 5220 cruce
1239 5163 1824 5235 depositum,aroma-

183 5254 316 5312 libus
349 5261 682 5325 conditum,
701 5264 757 5312 et
776 5257 979 5311 linteis
1000 5256 1337 5311 obvolutum
1358 5281 1371 5321 ;
1390 5260 1622 5326 propter
1641 5255 1827 5309 unita-

179 5342 273 5400 tem
297 5365 430 5404 vero
448 5345 1037 5420 personae,quoniam
1064 5345 1218 5400 Deus
1242 5344 1538 5399 hominem
1560 5359 1730 5414 quem
1759 5359 1827 5398 ex

220 5495 302 5556 (α)
320 5494 413 5547 Sic
435 5509 582 5548 mss.
599 5491 774 5548 Corb.
803 5493 860 5544 et
888 5487 1105 5545 Victor.
1125 5495 1180 5543 et
1196 5493 1388 5544 textus
1407 5487 1822 5544 GraecusEditi

166 5572 284 5619 item
313 5567 530 5620 habent
581 5580 732 5618 eum.

223 5638 298 5709 (ὁ)
331 5642 553 5692 Desunt
580 5640 702 5709 haec
729 5633 902 5688 verba
925 5633 984 5686 in
1006 5634 1179 5687 editis
1206 5650 1219 5699 ;
1243 5632 1517 5703 leguntur
1547 5634 1741 5684 autem
1764 5631 1821 5686 in

155 5707 296 5764 mes.
322 5713 494 5766 Corb.
529 5714 586 5762 et
620 5707 835 5763 Victor.

223 5785 294 5851 te)
321 5785 466 5838 les.
499 5780 674 5837 Corb.
709 5782 768 5833 et
798 5775 974 5845 Vict.,
1005 5775 1330 5836 Parascevs.

1896 1931 2087 1992 Patre,
2115 1927 2186 1981 de
2207 1945 2321 1998 quo
2343 1927 2582 1997 exstitit,
2615 1934 2777 1982 totus
2812 1945 2911 1998 per
2940 1928 3428 1998 omnipotentiam
3462 1925 3546 1979 di-

1895 2016 2290 2070 vinitatissuze
2323 2017 2379 2070 in
2416 2023 2534 2071 tota
2563 2023 2831 2071 creatura
2857 2032 3032 2086 quam
3065 2015 3221 2069 fecit.

1898 2105 2080 2161 CAPUT
2105 2122 2256 2160 xxvr.
2316 2105 2508 2161 Unitas
2563 2119 2814 2175 personae
2859 2103 3063 2158 Christi
3092 2119 3162 2158 ex
3195 2101 3372 2157 verbis
3402 2102 3544 2172 Apo-

2646 2195 2793 2249 stoli.

1973 2285 2130 2340 Hanc
2150 2285 2206 2339 in
2223 2284 2451 2339 Christo
2471 2283 2748 2338 unitatem
2767 2299 3026 2353 personae
3041 2297 3280 2337 servans
3302 2281 3546 2349 Aposto-

1902 2374 1996 2428 lus
2037 2373 2121 2428 sic
2145 2374 2574 2430 Corinthiorum
2603 2373 2661 2427 in
2688 2372 2799 2426 ﬁde
2823 2372 3077 2426 veritatis
3099 2371 3410 2425 conﬁrmat
3437 2367 3545 2421 Ec-

1902 2463 2140 2519 clesiam
2186 2480 2198 2518 :
2242 2462 2462 2518 Tradidi
2509 2465 2657 2517 enim
2705 2462 2853 2517 vobis
2879 2459 3173 2529 impr-imis,
3207 2458 3349 2530 quod
3377 2465 3427 2512 et
3456 2471 3547 2510 ac-

1904 2554 2044 2622 cepi,
2075 2553 2206 2624 quia
2255 2554 2502 2607 Christus
2548 2556 2796 2607 mortuus
2824 2560 2900 2606 est
2939 2565 3036 2619 pro
3081 2547 3316 2620 peccatis
3350 2545 3551 2600 nostris

1903 2643 2203 2696 secundum
2235 2641 2565 2710 Scripturas,
2597 2645 2648 2694 et
2678 2642 2806 2710 quia
2825 2641 3070 2709 sepultus
3094 2641 3194 2704 est,
3228 2646 3278 2691 et
3304 2635 3434 2706 quia
3457 2649 3554 2687 re-

1905 2729 2152 2785 surrexit
2179 2729 2274 2800 (al.
2309 2731 2573 2799 surrexit)
2604 2730 2757 2785 I82
2790 2728 2953 2783 tertia
2983 2727 3073 2782 die
3087 2725 3381 2782 secundum
3401 2722 3551 2777 Scii-

1906 2829 2100 2889 pturas
2123 2821 2168 2888 (1
2203 2819 2321 2875 Cor.
2359 2836 2451 2881 xv,
2483 2820 2536 2884 3,
2571 2820 2642 2889 4).
2690 2818 2983 2873 Mortuum
3016 2815 3161 2870 dixit
3191 2831 3305 2868 non
3339 2827 3554 2882 corpus

1909 2907 2148 2977 Christi,
2194 2908 2301 2986 sed.
2320 2907 2713 2971 Christum,ut
2732 2908 3016 2960 unitatem
3035 2919 3297 2974 personae
3319 2901 3416 2955 Dei
3444 2900 3553 2953 ho-

1911 2997 2208 3067 minisque
2221 3001 2514 3061 servaret;
2539 3005 2599 3049 ut
2620 2999 2812 3050 autem
2831 2991 3281 3048 substantialcm
3298 2987 3556 3060 proprie-

1912 3092 2090 3141 tatem
2117 3086 2352 3140 deitatis
2400 3090 2457 3140 et
2489 3083 2875 3139 humanitatis
2905 3083 3254 3144 ostenderet,
3289 3079 3398 3132 alio
3424 3077 3552 3132 loco

1913 3177 2080 3248 (sicut
2120 3175 2395 3247 superius
2427 3175 2542 3243 jam
2570 3173 2899 3243 posuimus)
2928 3171 3102 3225 dicit:
3128 3170 3266 3224 Nam
3295 3166 3394 3221 etsi
3422 3182 3550 3219 cru.

1909 3266 2106 3335 ciﬁxus
2153 3273 2230 3318 est
2274 3280 2345 3318 ea:
2385 3262 2734 3330 inﬁrmitate,
2779 3260 2869 3315 sed
2892 3261 3027 3314 vivit
3066 3275 3134 3312 ea:
3163 3259 3361 3311 virtute
3392 3254 3560 3323 Dei(II

1917 3354 2039 3409 Cor.
2075 3369 2198 3415 xm,
2231 3352 2302 3420 4).
2347 3350 2712 3405 Attendenda
2748 3354 2838 3403 est
2866 3345 3321 3417 apostolicorum
3373 3345 3564 3394 virtus

1914 3444 2194 3516 prisclara
2235 3441 2548 3494 dictorum.
2576 3439 2651 3509 (e)
2685 3437 2741 3492 Si
2776 3437 2929 3490 enim
2963 3434 3176 3489 Paulus
3209 3432 3454 3486 dixisset
3489 3429 3562 3483 de

1914 3533 2162 3597 Christo,
2192 3529 2329 3600 quia
2341 3535 2488 3582 cruci
2494 3528 2641 3596 fixus
2662 3530 2830 3580 estex
2851 3524 3195 3594 inﬁrmitate,
3218 3523 3315 3575 sed
3335 3519 3472 3574 vivit
3495 3533 3564 3572 ea:

1914 3623 2135 3687 virtute,
2152 3624 2208 3673 et
2224 3634 2334 3672 non
2358 3615 2697 3675 addidisset,
2721 3613 2838 3678 Dei,
2869 3629 2972 3666 nec
2987 3612 3073 3666 sic
3097 3609 3298 3665 debuit
3323 3605 3568 3661 inﬁrmi-

1917 3717 2008 3766 tas
2024 3707 2432 3781 passibilitatis
2448 3705 2865 3759 humanascum
2881 3703 2912 3756 d
2927 3701 3091 3755 ivinae
3109 3698 3341 3754 virtutis
3356 3696 3570 3765 impas-

1919 3797 2198 3854 sibilitate
2220 3794 2528 3859 contundi;
2563 3801 2620 3847 at
2651 3809 2782 3846 cum
2813 3790 3088 3845 virtulem
3115 3787 3317 3843 deitati
3353 3782 3568 3838 Paulus

1921 3883 2339 3956 assignet,quis
2363 3899 2476 3937 non
2493 3882 2682 3935 videat
2699 3880 2851 3951 quod
2869 3896 2936 3933 ea
2957 3895 3084 3949 quae
3109 3873 3472 3930 inﬁrmitatis
3488 3872 3567 3925 vi-

1921 3977 2136 4031 dentur
2159 3973 2412 4028 hominis
2437 3988 2566 4026 esse
2589 3969 2940 4026 denuntiet?
2964 3967 3133 4037 Nam,
3166 3971 3223 4020 et
3254 3965 3406 4036 quod
3433 3961 3574 4016 dicit

1922 4065 1994 4120 de
2015 4063 2263 4125 Christo,
2289 4063 2426 4133 quia
2445 4061 2542 4133 (at.
2572 4061 2752 4130 quod)
2772 4059 3199 4113 vivitexrirtute
3223 4053 3345 4121 Dei,
3371 4069 3436 4107 ex
3463 4067 3573 4105 sua

1925 4154 2141 4208 deitate
2182 4152 2384 4222 utique
2433 4151 2592 4213 vivit,
2633 4149 2769 4217 quia
2793 4148 2917 4218 ipse
2946 4153 3036 4200 est
3059 4146 3246 4198 virtus
3275 4141 3462 4204 l)ei,et
3487 4139 3570 4192 sic

1923 4244 2067 4299 vivit
2099 4245 2252 4298 sicut
2279 4242 2448 4296 Pater
2480 4238 2640 4304 vivit,
2672 4235 3191 4307 quoniamipseest
3212 4232 3326 4295 via,
3357 4229 3574 4282 veritas

1927 4340 1983 4389 et
2003 4333 2142 4388 vita.
2164 4331 2311 4385 Nam
2336 4337 2398 4384 ut
2421 4343 2598 4382 unam
2623 4326 2800 4378 vitam
2826 4322 3015 4377 Patris
3041 4321 3288 4390 Filiique
3318 4320 3574 4372 Joannes

1929 4423 2100 4478 nobis
2122 4418 2452 4474 insinuaret
2472 4410 3077 4486 Apostolus,Epistolae
3101 4425 3220 4463 suae
3242 4407 3347 4461 hoc
3367 4421 3578 4476 ponere

1933 4510 2160 4568 curavit
2181 4505 2480 4562 exordium
2509 4503 2694 4571 :Quod
2716 4505 2838 4554 erat
2869 4501 2935 4554 ab
2959 4498 3067 4553 iuit
3080 4501 3150 4564 io,
3185 4496 3324 4567 quod
3352 4494 3575 4548 audivi-

1853 4587 1903 4653 D
1933 4617 2059 4668 nus,
2093 4598 2233 4671 quod
2256 4595 2495 4650 vidimus
2532 4590 2947 4654 oculisnostris,
2971 4590 3112 4659 quod
3135 4587 3495 4656 inspeximus,
3529 4590 3580 4638 et

1935 4705 2135 4746 manus
2164 4691 2363 4741 nostrae
2409 4685 2886 4738 contrectaverunt
2916 4679 2980 4733 de
3007 4677 3170 4731 Verbo
3201 4675 3346 4739 vitae,
3382 4677 3429 4728 et
3461 4676 3578 4728 vita

1935 4780 2125 4852 patum
2144 4779 2290 4845 [acta
2312 4782 2392 4828 est
2418 4779 2495 4827 :et
2518 4771 2782 4835 vidimus,
2800 4771 2846 4822 et
2871 4772 3163 4834 testamur,
3189 4773 3238 4820 et
3253 4762 3577 4818 nuntiamus

1934 4867 2087 4926 vobis
2115 4867 2289 4921 Vitam
2313 4856 3035 4931 aeternamqureratapud
3056 4860 3298 4922 Patrem,
3323 4862 3371 4908 et
3387 4854 3576 4924 palam

1933 4964 2082 5031 facta
2110 4959 2183 5012 est
2205 4954 2360 5009 nobis
2383 4955 2426 5023 (Ι
2454 4953 2615 5007 Joan.
2651 4966 2689 5015 1,
2727 4949 2800 5016 t).
2837 4948 3044 5003 Filium
3082 4945 3204 5012 Dei,
3231 4961 3402 5015 quem
3438 4946 3582 4997 Ver-

1937 5049 2075 5104 bum
2107 5044 2204 5100 Dei
2229 5037 2874 5113 superiusdixil,Vitam
2893 5037 2948 5090 in
2969 5033 3468 5103 subsequentibus
3485 5045 3586 5083 no-

1937 5135 2185 5192 minavit
2232 5149 2244 5187 :
2298 5132 2451 5202 quod
2485 5133 2574 5184 est
2603 5137 2793 5182 sulem
2823 5127 3072 5180 Verbum
3109 5122 3262 5181 vitae,
3297 5119 3408 5172 nisi
3439 5117 3582 5171 Ver-

1937 5229 2076 5283 bum
2137 5221 2238 5278 Dei
2285 5221 2313 5275 ?
2368 5225 2435 5274 b‘t
2492 5217 2766 5290 quoniam
2826 5216 3066 5268 verbum
3128 5210 3259 5261 vitae
3314 5207 3430 5259 vita
3468 5210 3580 5272 est,

1936 5332 2056 5371 una
2085 5325 2166 5368 est
2204 5311 2407 5380 utique
2427 5308 2543 5361 vita
2566 5305 2705 5359 illud
2729 5304 2858 5357 vitae
2885 5301 3164 5362 Verbum,
3189 5301 3246 5349 et
3270 5296 3389 5349 vita
3412 5295 3581 5356 cuius

1935 5412 2024 5463 est
2065 5403 2339 5460 Verbum.
2378 5399 2510 5452 Ideo
2552 5411 2688 5466 ergo
2710 5392 2976 5445 Christus
2999 5386 3096 5458 qui
3129 5389 3382 5440 mortuus
3411 5395 3579 5439 estea:

2009 5551 2079 5622 (Δ)
2098 5547 2194 5603 Sic
2221 5537 2504 5622 legiturin
2529 5553 2636 5617 me.
2667 5534 2877 5622 Victpr‘.
2910 5535 3000 5598 ;at
3025 5531 3080 5584 in
3105 5530 3300 5597 Corb.,
3320 5528 3379 5584 in
3403 5531 3588 5584 unita-

1933 5604 2080 5688 εεγῖιξ
2111 5622 2168 5670 in
2202 5604 2561 5688 Otil’tiSAVCPO,
2594 5606 2651 5661 iu
2680 5604 2920 5688 unitate.

2109 5689 2202 5768 $ic
2237 5699 2352 5768 ms.
2376 5679 2546 5766 Corb.
2582 5678 2764 5768 ;Iedit'i
2797 5691 2952 5740 vero,
2987 5674 3127 5731 Siet
3157 5672 3404 5740 Paulus;
3442 5671 3587 5726 forte

1932 5749 2249 5841 leg‘e'ndum
2288 5756 2404 5810 Etsi
2435 5753 2583 5808 enim
2609 5749 2840 5805 Paulus.
