  <div class='ocr_page' id='page_1' title='image "/cluster/home/n/w/nwhite01/storage/ocr_20150623/65-66/uva.x000827080/157.png"; bbox 0 0 3982 6218; ppageno 0'>
   <div class='ocr_carea' id='block_1_1' title="bbox 393 386 508 466">
    <p class='ocr_par' dir='ltr' id='par_1_1' title="bbox 393 386 508 466">
     <span class='ocr_line' id='line_1_1' title="bbox 393 386 508 466; baseline 0 -22"><span class='ocrx_word' id='word_1_1' title='bbox 393 386 508 466; x_wconf 79' lang='lat'><strong><em>299</em></strong></span> 
     </span>
    </p>
   </div>
   <div class='ocr_carea' id='block_1_2' title="bbox 1377 379 2800 448">
    <p class='ocr_par' dir='ltr' id='par_1_2' title="bbox 1377 379 2800 448">
     <span class='ocr_line' id='line_1_2' title="bbox 1377 379 2800 448; baseline 0.001 -4"><span class='ocrx_word' id='word_1_2' title='bbox 1377 384 1442 444; x_wconf 91' lang='lat' dir='ltr'><strong><em>S.</em></strong></span> <span class='ocrx_word' id='word_1_3' title='bbox 1490 380 1904 445; x_wconf 80' lang='lat' dir='ltr'><strong><em>FULGENTII</em></strong></span> <span class='ocrx_word' id='word_1_4' title='bbox 1951 379 2302 443; x_wconf 86' lang='lat' dir='ltr'><strong><em>EPISCOPI</em></strong></span> <span class='ocrx_word' id='word_1_5' title='bbox 2349 385 2800 448; x_wconf 81' lang='lat' dir='ltr'><strong><em>RUSPENSIS.</em></strong></span> 
     </span>
    </p>
   </div>
   <div class='ocr_carea' id='block_1_3' title="bbox 3698 390 3837 451">
    <p class='ocr_par' dir='ltr' id='par_1_3' title="bbox 3698 390 3837 451">
     <span class='ocr_line' id='line_1_3' title="bbox 3698 390 3837 451; baseline 0 0"><span class='ocrx_word' id='word_1_6' title='bbox 3698 390 3837 451; x_wconf 88' lang='lat'><strong><em>300</em></strong></span> 
     </span>
    </p>
   </div>
   <div class='ocr_carea' id='block_1_4' title="bbox 396 517 3841 594">
    <p class='ocr_par' dir='ltr' id='par_1_4' title="bbox 396 517 3841 594">
     <span class='ocr_line' id='line_1_4' title="bbox 396 517 3841 594; baseline 0.002 -22"><span class='ocrx_word' id='word_1_7' title='bbox 396 519 523 588; x_wconf 87' lang='lat' dir='ltr'><strong><em>ipse</em></strong></span> <span class='ocrx_word' id='word_1_8' title='bbox 556 519 707 573; x_wconf 74' lang='grc'><strong><em>140</em></strong></span> <span class='ocrx_word' id='word_1_9' title='bbox 737 518 1010 590; x_wconf 86' lang='lat' dir='ltr'><strong><em>dignatus</em></strong></span> <span class='ocrx_word' id='word_1_10' title='bbox 1040 525 1129 574; x_wconf 87' lang='lat' dir='ltr'><strong><em>est</em></strong></span> <span class='ocrx_word' id='word_1_11' title='bbox 1175 517 1348 586; x_wconf 91' lang='lat' dir='ltr'><strong><em>mori,</em></strong></span> <span class='ocrx_word' id='word_1_12' title='bbox 1378 517 1462 573; x_wconf 88' lang='lat' dir='ltr'><strong><em>sic</em></strong></span> <span class='ocrx_word' id='word_1_13' title='bbox 1495 519 1554 573; x_wconf 90' lang='lat' dir='ltr'><strong><em>in</em></strong></span> <span class='ocrx_word' id='word_1_14' title='bbox 1585 534 1650 573; x_wconf 90' lang='lat' dir='ltr'><strong><em>eo</em></strong></span> <span class='ocrx_word' id='word_1_15' title='bbox 1680 518 1832 588; x_wconf 90' lang='lat' dir='ltr'><strong><em>quod</em></strong></span> <span class='ocrx_word' id='word_1_16' title='bbox 1877 517 1934 570; x_wconf 88' lang='lat' dir='ltr'><strong><em>in</em></strong></span> <span class='ocrx_word' id='word_1_17' title='bbox 1968 530 2031 571; x_wconf 88' lang='lat' dir='ltr'><strong><em>se</em></strong></span> <span class='ocrx_word' id='word_1_18' title='bbox 2061 519 2113 582; x_wconf 81' lang='grc' dir='ltr'>Α</span> <span class='ocrx_word' id='word_1_19' title='bbox 2145 533 2297 588; x_wconf 89' lang='lat' dir='ltr'><strong><em>vare,</em></strong></span> <span class='ocrx_word' id='word_1_20' title='bbox 2333 518 2486 575; x_wconf 85' lang='lat' dir='ltr'><strong><em>sicut</em></strong></span> <span class='ocrx_word' id='word_1_21' title='bbox 2514 520 2830 592; x_wconf 82' lang='lat' dir='ltr'><strong><em>Apostolus</em></strong></span> <span class='ocrx_word' id='word_1_22' title='bbox 2862 521 3038 577; x_wconf 87' lang='lat' dir='ltr'><strong><em>dicit:</em></strong></span> <span class='ocrx_word' id='word_1_23' title='bbox 3072 525 3356 594; x_wconf 79' lang='lat' dir='ltr'><strong><em>Nusquam</em></strong></span> <span class='ocrx_word' id='word_1_24' title='bbox 3394 525 3548 578; x_wconf 86' lang='lat' dir='ltr'><strong><em>enim</em></strong></span> <span class='ocrx_word' id='word_1_25' title='bbox 3580 523 3841 594; x_wconf 84' lang='lat' dir='ltr'><strong><em>angelos</em></strong></span> 
     </span>
    </p>
   </div>
   <div class='ocr_carea' id='block_1_5' title="bbox 396 619 1614 691">
    <p class='ocr_par' dir='ltr' id='par_1_5' title="bbox 396 619 1614 691">
     <span class='ocr_line' id='line_1_5' title="bbox 396 619 1614 691; baseline -0.002 -17"><span class='ocrx_word' id='word_1_26' title='bbox 396 620 699 674; x_wconf 77' lang='lat' dir='ltr'><strong><em>suscitavit</em></strong></span> <span class='ocrx_word' id='word_1_27' title='bbox 730 620 854 690; x_wconf 89' lang='lat' dir='ltr'><strong><em>ipse</em></strong></span> <span class='ocrx_word' id='word_1_28' title='bbox 883 621 1163 691; x_wconf 86' lang='lat' dir='ltr'><strong><em>dignatus</em></strong></span> <span class='ocrx_word' id='word_1_29' title='bbox 1195 626 1284 675; x_wconf 88' lang='lat' dir='ltr'><strong><em>est</em></strong></span> <span class='ocrx_word' id='word_1_30' title='bbox 1314 619 1614 675; x_wconf 73' lang='lat' dir='ltr'><strong><em>suscitari.</em></strong></span> 
     </span>
    </p>
   </div>
   <div class='ocr_carea' id='block_1_6' title="bbox 396 705 2042 771">
    <p class='ocr_par' dir='ltr' id='par_1_6' title="bbox 396 705 2042 771">
     <span class='ocr_line' id='line_1_6' title="bbox 396 705 2042 771; baseline -0.002 -14"><span class='ocrx_word' id='word_1_31' title='bbox 396 709 563 758; x_wconf 71' lang='lat' dir='ltr'><strong><em>CAPUT</em></strong></span> <span class='ocrx_word' id='word_1_32' title='bbox 598 725 780 759; x_wconf 76' lang='lat' dir='ltr'><strong><em>xxxw.</em></strong></span> <span class='ocrx_word' id='word_1_33' title='bbox 821 709 1130 760; x_wconf 78' lang='lat' dir='ltr'><strong><em>Humanitas</em></strong></span> <span class='ocrx_word' id='word_1_34' title='bbox 1172 710 1366 758; x_wconf 78' lang='lat' dir='ltr'><strong><em>Christi</em></strong></span> <span class='ocrx_word' id='word_1_35' title='bbox 1413 725 1517 758; x_wconf 87' lang='lat' dir='ltr'><strong><em>non</em></strong></span> <span class='ocrx_word' id='word_1_36' title='bbox 1569 712 1674 758; x_wconf 81' lang='lat' dir='ltr'><strong><em>tota</em></strong></span> <span class='ocrx_word' id='word_1_37' title='bbox 1722 709 1824 771; x_wconf 83' lang='lat' dir='ltr'><strong><em>fuit</em></strong></span> <span class='ocrx_word' id='word_1_38' title='bbox 1877 705 1932 756; x_wconf 88' lang='lat' dir='ltr'><strong><em>in</em></strong></span> <span class='ocrx_word' id='word_1_39' title='bbox 1960 720 2042 754; x_wconf 77' lang='lat' dir='ltr'><strong><em>se-</em></strong></span> 
     </span>
    </p>
   </div>
   <div class='ocr_carea' id='block_1_7' title="bbox 455 780 2044 846">
    <p class='ocr_par' dir='ltr' id='par_1_7' title="bbox 455 780 2044 846">
     <span class='ocr_line' id='line_1_7' title="bbox 455 780 2044 846; baseline -0.001 -18"><span class='ocrx_word' id='word_1_40' title='bbox 455 780 634 846; x_wconf 84' lang='lat' dir='ltr'><strong><em>pulcro</em></strong></span> <span class='ocrx_word' id='word_1_41' title='bbox 664 789 754 832; x_wconf 88' lang='lat' dir='ltr'><strong><em>aut</em></strong></span> <span class='ocrx_word' id='word_1_42' title='bbox 783 784 1002 846; x_wconf 80' lang='lat' dir='ltr'><strong><em>inferno,</em></strong></span> <span class='ocrx_word' id='word_1_43' title='bbox 1040 784 1132 832; x_wconf 91' lang='lat' dir='ltr'><strong><em>sed</em></strong></span> <span class='ocrx_word' id='word_1_44' title='bbox 1166 787 1272 831; x_wconf 87' lang='lat' dir='ltr'><strong><em>tota</em></strong></span> <span class='ocrx_word' id='word_1_45' title='bbox 1303 782 1375 830; x_wconf 87' lang='lat' dir='ltr'><strong><em>ibi</em></strong></span> <span class='ocrx_word' id='word_1_46' title='bbox 1425 785 1529 844; x_wconf 82' lang='lat' dir='ltr'><strong><em>fuit</em></strong></span> <span class='ocrx_word' id='word_1_47' title='bbox 1574 781 1851 829; x_wconf 71' lang='lat' dir='ltr'><strong><em>divinitas.</em></strong></span> <span class='ocrx_word' id='word_1_48' title='bbox 1896 780 2044 827; x_wconf 77' lang='lat' dir='ltr'><strong><em>Recta</em></strong></span> 
     </span>
    </p>
   </div>
   <div class='ocr_carea' id='block_1_8' title="bbox 455 852 2044 917">
    <p class='ocr_par' dir='ltr' id='par_1_8' title="bbox 455 852 2044 917">
     <span class='ocr_line' id='line_1_8' title="bbox 455 852 2044 917; baseline -0.004 -15"><span class='ocrx_word' id='word_1_49' title='bbox 455 854 584 917; x_wconf 85' lang='lat' dir='ltr'><strong><em>ﬁdes</em></strong></span> <span class='ocrx_word' id='word_1_50' title='bbox 607 857 670 903; x_wconf 87' lang='lat' dir='ltr'><strong><em>de</em></strong></span> <span class='ocrx_word' id='word_1_51' title='bbox 699 856 1027 904; x_wconf 76' lang='lat' dir='ltr'><strong><em>humanitate</em></strong></span> <span class='ocrx_word' id='word_1_52' title='bbox 1060 857 1257 904; x_wconf 87' lang='lat' dir='ltr'><strong><em>Christi</em></strong></span> <span class='ocrx_word' id='word_1_53' title='bbox 1289 858 1338 904; x_wconf 87' lang='lat' dir='ltr'><strong><em>et</em></strong></span> <span class='ocrx_word' id='word_1_54' title='bbox 1363 855 1526 916; x_wconf 75' lang='lat' dir='ltr'><strong><em>[actis</em></strong></span> <span class='ocrx_word' id='word_1_55' title='bbox 1554 854 1684 916; x_wconf 67' lang='lat' dir='ltr'><strong><em>ejus.</em></strong></span> <span class='ocrx_word' id='word_1_56' title='bbox 1722 852 1873 900; x_wconf 84' lang='lat' dir='ltr'><strong><em>Varii</em></strong></span> <span class='ocrx_word' id='word_1_57' title='bbox 1898 864 2044 899; x_wconf 84' lang='lat' dir='ltr'><strong><em>erro-</em></strong></span> 
     </span>
    </p>
   </div>
   <div class='ocr_carea' id='block_1_9' title="bbox 457 919 2042 976">
    <p class='ocr_par' dir='ltr' id='par_1_9' title="bbox 457 919 2042 976">
     <span class='ocr_line' id='line_1_9' title="bbox 457 919 2042 976; baseline -0.002 -6"><span class='ocrx_word' id='word_1_58' title='bbox 457 941 537 973; x_wconf 89' lang='lat' dir='ltr'><strong><em>res</em></strong></span> <span class='ocrx_word' id='word_1_59' title='bbox 583 928 718 974; x_wconf 86' lang='lat' dir='ltr'><strong><em>circa</em></strong></span> <span class='ocrx_word' id='word_1_60' title='bbox 766 925 1044 974; x_wconf 72' lang='lat' dir='ltr'><strong><em>Christum.</em></strong></span> <span class='ocrx_word' id='word_1_61' title='bbox 1099 924 1434 976; x_wconf 57' lang='lat' dir='ltr'><strong><em>Marcionita.</em></strong></span> <span class='ocrx_word' id='word_1_62' title='bbox 1504 923 1777 974; x_wconf 70' lang='lat' dir='ltr'><strong><em>Ebionitae.</em></strong></span> <span class='ocrx_word' id='word_1_63' title='bbox 1836 919 2042 970; x_wconf 78' lang='lat' dir='ltr'><strong><em>Ariani.</em></strong></span> 
     </span>
    </p>
   </div>
   <div class='ocr_carea' id='block_1_10' title="bbox 455 991 2044 1058">
    <p class='ocr_par' dir='ltr' id='par_1_10' title="bbox 455 991 2044 1058">
     <span class='ocr_line' id='line_1_10' title="bbox 455 991 2044 1058; baseline -0.004 -14"><span class='ocrx_word' id='word_1_64' title='bbox 455 996 796 1047; x_wconf 83' lang='lat' dir='ltr'><strong><em>Eunomiani.</em></strong></span> <span class='ocrx_word' id='word_1_65' title='bbox 828 996 1230 1058; x_wconf 65' lang='lat' dir='ltr'><strong><em>Apollinaristz.</em></strong></span> <span class='ocrx_word' id='word_1_66' title='bbox 1271 995 1537 1047; x_wconf 68' lang='lat' dir='ltr'><strong><em>Noesicni.</em></strong></span> <span class='ocrx_word' id='word_1_67' title='bbox 1585 994 1894 1044; x_wconf 84' lang='lat' dir='ltr'><strong><em>Sabelliani.</em></strong></span> <span class='ocrx_word' id='word_1_68' title='bbox 1943 991 2044 1039; x_wconf 85' lang='lat' dir='ltr'><strong><em>Pa-</em></strong></span> 
     </span>
    </p>
   </div>
   <div class='ocr_carea' id='block_1_11' title="bbox 456 1065 2047 1130">
    <p class='ocr_par' dir='ltr' id='par_1_11' title="bbox 456 1065 2047 1130">
     <span class='ocr_line' id='line_1_11' title="bbox 456 1065 2047 1130; baseline -0.004 -15"><span class='ocrx_word' id='word_1_69' title='bbox 456 1067 788 1128; x_wconf 83' lang='lat' dir='ltr'><strong><em>tripassiani.</em></strong></span> <span class='ocrx_word' id='word_1_70' title='bbox 870 1067 1229 1119; x_wconf 73' lang='lat' dir='ltr'><strong><em>Valentiniani</em></strong></span> <span class='ocrx_word' id='word_1_71' title='bbox 1301 1073 1350 1117; x_wconf 90' lang='lat' dir='ltr'><strong><em>et</em></strong></span> <span class='ocrx_word' id='word_1_72' title='bbox 1411 1065 1818 1130; x_wconf 64' lang='lat' dir='ltr'><strong><em>Apollinariste.</em></strong></span> <span class='ocrx_word' id='word_1_73' title='bbox 1886 1065 2047 1113; x_wconf 81' lang='lat' dir='ltr'><strong><em>Error</em></strong></span> 
     </span>
    </p>
   </div>
   <div class='ocr_carea' id='block_1_12' title="bbox 456 1137 1173 1200">
    <p class='ocr_par' dir='ltr' id='par_1_12' title="bbox 456 1137 1173 1200">
     <span class='ocr_line' id='line_1_12' title="bbox 456 1137 1173 1200; baseline 0.004 -16"><span class='ocrx_word' id='word_1_74' title='bbox 456 1137 591 1188; x_wconf 87' lang='lat' dir='ltr'><strong><em>circa</em></strong></span> <span class='ocrx_word' id='word_1_75' title='bbox 625 1139 885 1200; x_wconf 77' lang='lat' dir='ltr'><strong><em>Spiritum</em></strong></span> <span class='ocrx_word' id='word_1_76' title='bbox 919 1142 1173 1188; x_wconf 81' lang='lat' dir='ltr'><strong><em>sanctum.</em></strong></span> 
     </span>
    </p>
   </div>
   <div class='ocr_carea' id='block_1_13' title="bbox 469 1214 2046 1289">
    <p class='ocr_par' dir='ltr' id='par_1_13' title="bbox 469 1214 2046 1289">
     <span class='ocr_line' id='line_1_13' title="bbox 469 1214 2046 1289; baseline -0.003 -17"><span class='ocrx_word' id='word_1_77' title='bbox 469 1217 817 1272; x_wconf 83' lang='lat' dir='ltr'><strong><em>Humanitas</em></strong></span> <span class='ocrx_word' id='word_1_78' title='bbox 833 1235 968 1289; x_wconf 81' lang='lat' dir='ltr'><strong><em>ergo</em></strong></span> <span class='ocrx_word' id='word_1_79' title='bbox 988 1235 1119 1272; x_wconf 89' lang='lat' dir='ltr'><strong><em>vera</em></strong></span> <span class='ocrx_word' id='word_1_80' title='bbox 1132 1217 1259 1272; x_wconf 84' lang='lat' dir='ltr'><strong><em>Filii</em></strong></span> <span class='ocrx_word' id='word_1_81' title='bbox 1288 1217 1408 1282; x_wconf 88' lang='lat' dir='ltr'><strong><em>Dei,</em></strong></span> <span class='ocrx_word' id='word_1_82' title='bbox 1436 1233 1539 1271; x_wconf 89' lang='lat' dir='ltr'><strong><em>nec</em></strong></span> <span class='ocrx_word' id='word_1_83' title='bbox 1562 1221 1681 1270; x_wconf 88' lang='lat' dir='ltr'><strong><em>tota</em></strong></span> <span class='ocrx_word' id='word_1_84' title='bbox 1699 1215 1756 1269; x_wconf 90' lang='lat' dir='ltr'><strong><em>in</em></strong></span> <span class='ocrx_word' id='word_1_85' title='bbox 1777 1214 2046 1286; x_wconf 72' lang='lat' dir='ltr'><strong><em>sepulcro</em></strong></span> 
     </span>
    </p>
   </div>
   <div class='ocr_carea' id='block_1_14' title="bbox 401 1305 2051 1377">
    <p class='ocr_par' dir='ltr' id='par_1_14' title="bbox 401 1305 2051 1377">
     <span class='ocr_line' id='line_1_14' title="bbox 401 1305 2051 1377; baseline -0.001 -17"><span class='ocrx_word' id='word_1_86' title='bbox 401 1307 530 1372; x_wconf 83' lang='lat' dir='ltr'><strong><em>fuit,</em></strong></span> <span class='ocrx_word' id='word_1_87' title='bbox 553 1323 655 1361; x_wconf 90' lang='lat' dir='ltr'><strong><em>nec</em></strong></span> <span class='ocrx_word' id='word_1_88' title='bbox 671 1311 788 1361; x_wconf 87' lang='lat' dir='ltr'><strong><em>tota</em></strong></span> <span class='ocrx_word' id='word_1_89' title='bbox 805 1309 858 1360; x_wconf 91' lang='lat' dir='ltr'><strong><em>in</em></strong></span> <span class='ocrx_word' id='word_1_90' title='bbox 877 1308 930 1360; x_wconf 88' lang='lat' dir='ltr'><strong><em>in</em></strong></span> <span class='ocrx_word' id='word_1_91' title='bbox 945 1309 1124 1373; x_wconf 80' lang='lat' dir='ltr'><strong><em>l‘erno,</em></strong></span> <span class='ocrx_word' id='word_1_92' title='bbox 1141 1307 1238 1361; x_wconf 88' lang='lat' dir='ltr'><strong><em>sed</em></strong></span> <span class='ocrx_word' id='word_1_93' title='bbox 1259 1307 1315 1360; x_wconf 92' lang='lat' dir='ltr'><strong><em>in</em></strong></span> <span class='ocrx_word' id='word_1_94' title='bbox 1335 1305 1602 1377; x_wconf 86' lang='lat' dir='ltr'><strong><em>sepulcro</em></strong></span> <span class='ocrx_word' id='word_1_95' title='bbox 1618 1307 1945 1359; x_wconf 89' lang='lat' dir='ltr'><strong><em>secundum</em></strong></span> <span class='ocrx_word' id='word_1_96' title='bbox 1962 1320 2051 1358; x_wconf 89' lang='lat' dir='ltr'><strong><em>ve-</em></strong></span> 
     </span>
    </p>
   </div>
   <div class='ocr_carea' id='block_1_15' title="bbox 398 1394 2054 1466">
    <p class='ocr_par' dir='ltr' id='par_1_15' title="bbox 398 1394 2054 1466">
     <span class='ocr_line' id='line_1_15' title="bbox 398 1394 2054 1466; baseline -0.003 -17"><span class='ocrx_word' id='word_1_97' title='bbox 398 1412 520 1449; x_wconf 86' lang='lat' dir='ltr'><strong><em>ram</em></strong></span> <span class='ocrx_word' id='word_1_98' title='bbox 535 1411 768 1448; x_wconf 88' lang='lat' dir='ltr'><strong><em>carnem</em></strong></span> <span class='ocrx_word' id='word_1_99' title='bbox 784 1395 1597 1466; x_wconf 88' lang='lat' dir='ltr'><strong><em>Christusmortuusjacuit,et</em></strong></span> <span class='ocrx_word' id='word_1_100' title='bbox 1610 1394 1820 1448; x_wconf 90' lang='lat' dir='ltr'><strong><em>secund</em></strong></span> <span class='ocrx_word' id='word_1_101' title='bbox 1833 1408 1922 1446; x_wconf 90' lang='lat' dir='ltr'><strong><em>um</em></strong></span> <span class='ocrx_word' id='word_1_102' title='bbox 1935 1397 2054 1445; x_wconf 88' lang='lat' dir='ltr'><strong><em>ani-</em></strong></span> 
     </span>
    </p>
   </div>
   <div class='ocr_carea' id='block_1_16' title="bbox 405 1483 2054 1540">
    <p class='ocr_par' dir='ltr' id='par_1_16' title="bbox 405 1483 2054 1540">
     <span class='ocr_line' id='line_1_16' title="bbox 405 1483 2054 1540; baseline 0 -4"><span class='ocrx_word' id='word_1_103' title='bbox 405 1500 561 1537; x_wconf 88' lang='lat' dir='ltr'><strong><em>mam</em></strong></span> <span class='ocrx_word' id='word_1_104' title='bbox 581 1486 649 1538; x_wconf 91' lang='lat' dir='ltr'><strong><em>ad</em></strong></span> <span class='ocrx_word' id='word_1_105' title='bbox 669 1485 960 1538; x_wconf 78' lang='lat' dir='ltr'><strong><em>internum</em></strong></span> <span class='ocrx_word' id='word_1_106' title='bbox 996 1483 1265 1539; x_wconf 76' lang='lat' dir='ltr'><strong><em>Christus</em></strong></span> <span class='ocrx_word' id='word_1_107' title='bbox 1293 1485 1622 1540; x_wconf 78' lang='lat' dir='ltr'><strong><em>descendit:</em></strong></span> <span class='ocrx_word' id='word_1_108' title='bbox 1644 1501 1708 1538; x_wconf 87' lang='lat' dir='ltr'><strong><em>ac</em></strong></span> <span class='ocrx_word' id='word_1_109' title='bbox 1729 1483 2054 1537; x_wconf 85' lang='lat' dir='ltr'><strong><em>secundum</em></strong></span> 
     </span>
    </p>
   </div>
   <div class='ocr_carea' id='block_1_17' title="bbox 401 1570 2053 1644">
    <p class='ocr_par' dir='ltr' id='par_1_17' title="bbox 401 1570 2053 1644">
     <span class='ocr_line' id='line_1_17' title="bbox 401 1570 2053 1644; baseline -0.001 -18"><span class='ocrx_word' id='word_1_110' title='bbox 401 1573 666 1627; x_wconf 80' lang='lat' dir='ltr'><strong><em>eamdem</em></strong></span> <span class='ocrx_word' id='word_1_111' title='bbox 685 1572 942 1627; x_wconf 89' lang='lat' dir='ltr'><strong><em>animam</em></strong></span> <span class='ocrx_word' id='word_1_112' title='bbox 965 1574 1036 1627; x_wconf 90' lang='lat' dir='ltr'><strong><em>ab</em></strong></span> <span class='ocrx_word' id='word_1_113' title='bbox 1065 1575 1288 1630; x_wconf 84' lang='lat' dir='ltr'><strong><em>inferno</em></strong></span> <span class='ocrx_word' id='word_1_114' title='bbox 1313 1574 1382 1628; x_wconf 86' lang='lat' dir='ltr'><strong><em>ad</em></strong></span> <span class='ocrx_word' id='word_1_115' title='bbox 1398 1590 1658 1636; x_wconf 82' lang='lat' dir='ltr'><strong><em>carnem,</em></strong></span> <span class='ocrx_word' id='word_1_116' title='bbox 1683 1590 1859 1644; x_wconf 89' lang='lat' dir='ltr'><strong><em>quam</em></strong></span> <span class='ocrx_word' id='word_1_117' title='bbox 1883 1570 1939 1625; x_wconf 90' lang='lat' dir='ltr'><strong><em>in</em></strong></span> <span class='ocrx_word' id='word_1_118' title='bbox 1959 1587 2053 1625; x_wconf 87' lang='lat' dir='ltr'><strong><em>se-</em></strong></span> 
     </span>
    </p>
   </div>
   <div class='ocr_carea' id='block_1_18' title="bbox 403 1660 2054 1733">
    <p class='ocr_par' dir='ltr' id='par_1_18' title="bbox 403 1660 2054 1733">
     <span class='ocr_line' id='line_1_18' title="bbox 403 1660 2054 1733; baseline -0.001 -17"><span class='ocrx_word' id='word_1_119' title='bbox 403 1660 607 1733; x_wconf 92' lang='lat' dir='ltr'><strong><em>pulcro</em></strong></span> <span class='ocrx_word' id='word_1_120' title='bbox 623 1660 956 1732; x_wconf 89' lang='lat' dir='ltr'><strong><em>reliquerat,</em></strong></span> <span class='ocrx_word' id='word_1_121' title='bbox 981 1662 1171 1729; x_wconf 88' lang='lat' dir='ltr'><strong><em>rediit;</em></strong></span> <span class='ocrx_word' id='word_1_122' title='bbox 1192 1664 1516 1718; x_wconf 83' lang='lat' dir='ltr'><strong><em>secundum</em></strong></span> <span class='ocrx_word' id='word_1_123' title='bbox 1539 1663 1903 1718; x_wconf 76' lang='lat' dir='ltr'><strong><em>divinitatem</em></strong></span> <span class='ocrx_word' id='word_1_124' title='bbox 1921 1675 2054 1718; x_wconf 88' lang='lat' dir='ltr'><strong><em>vero</em></strong></span> 
     </span>
    </p>
   </div>
   <div class='ocr_carea' id='block_1_19' title="bbox 401 1752 2052 1821">
    <p class='ocr_par' dir='ltr' id='par_1_19' title="bbox 401 1752 2052 1821">
     <span class='ocr_line' id='line_1_19' title="bbox 401 1752 2052 1821; baseline 0 -15"><span class='ocrx_word' id='word_1_125' title='bbox 401 1769 590 1817; x_wconf 90' lang='lat' dir='ltr'><strong><em>suam,</em></strong></span> <span class='ocrx_word' id='word_1_126' title='bbox 626 1769 750 1821; x_wconf 68' lang='lat' dir='ltr'><strong><em>quae</em></strong></span> <span class='ocrx_word' id='word_1_127' title='bbox 784 1771 887 1810; x_wconf 93' lang='lat' dir='ltr'><strong><em>nec</em></strong></span> <span class='ocrx_word' id='word_1_128' title='bbox 931 1754 1053 1808; x_wconf 89' lang='lat' dir='ltr'><strong><em>loco</em></strong></span> <span class='ocrx_word' id='word_1_129' title='bbox 1088 1758 1338 1816; x_wconf 90' lang='lat' dir='ltr'><strong><em>tenetur,</em></strong></span> <span class='ocrx_word' id='word_1_130' title='bbox 1373 1770 1476 1808; x_wconf 87' lang='lat' dir='ltr'><strong><em>nec</em></strong></span> <span class='ocrx_word' id='word_1_131' title='bbox 1512 1753 1626 1807; x_wconf 83' lang='lat' dir='ltr'><strong><em>ﬁne</em></strong></span> <span class='ocrx_word' id='word_1_132' title='bbox 1659 1752 2052 1817; x_wconf 82' lang='lat' dir='ltr'><strong><em>concluditur,</em></strong></span> 
     </span>
    </p>
   </div>
   <div class='ocr_carea' id='block_1_20' title="bbox 2149 609 3841 682">
    <p class='ocr_par' dir='ltr' id='par_1_20' title="bbox 2149 609 3841 682">
     <span class='ocr_line' id='line_1_20' title="bbox 2149 609 3841 682; baseline 0.006 -24"><span class='ocrx_word' id='word_1_133' title='bbox 2149 609 2536 676; x_wconf 73' lang='lat' dir='ltr'><strong><em>apprehendit,</em></strong></span> <span class='ocrx_word' id='word_1_134' title='bbox 2581 611 2677 666; x_wconf 87' lang='lat' dir='ltr'><strong><em>sed</em></strong></span> <span class='ocrx_word' id='word_1_135' title='bbox 2719 627 2897 667; x_wconf 89' lang='lat' dir='ltr'><strong><em>semen</em></strong></span> <span class='ocrx_word' id='word_1_136' title='bbox 2946 613 3185 667; x_wconf 70' lang='lat' dir='ltr'><strong><em>Abrahae</em></strong></span> <span class='ocrx_word' id='word_1_137' title='bbox 3227 612 3620 682; x_wconf 82' lang='lat' dir='ltr'><strong><em>apprehendit,</em></strong></span> <span class='ocrx_word' id='word_1_138' title='bbox 3676 613 3841 668; x_wconf 83' lang='lat' dir='ltr'><strong><em>unde</em></strong></span> 
     </span>
    </p>
   </div>
   <div class='ocr_carea' id='block_1_21' title="bbox 2153 696 3838 774">
    <p class='ocr_par' dir='ltr' id='par_1_21' title="bbox 2153 696 3838 774">
     <span class='ocr_line' id='line_1_21' title="bbox 2153 696 3838 774; baseline 0.004 -26"><span class='ocrx_word' id='word_1_139' title='bbox 2153 696 2341 751; x_wconf 84' lang='lat' dir='ltr'><strong><em>debuit</em></strong></span> <span class='ocrx_word' id='word_1_140' title='bbox 2361 713 2460 768; x_wconf 87' lang='lat' dir='ltr'><strong><em>per</em></strong></span> <span class='ocrx_word' id='word_1_141' title='bbox 2488 700 2676 755; x_wconf 84' lang='lat' dir='ltr'><strong><em>omnia</em></strong></span> <span class='ocrx_word' id='word_1_142' title='bbox 2697 701 2968 769; x_wconf 79' lang='lat' dir='ltr'><strong><em>fratribus</em></strong></span> <span class='ocrx_word' id='word_1_143' title='bbox 2987 703 3230 757; x_wconf 83' lang='lat' dir='ltr'><strong><em>similari</em></strong></span> <span class='ocrx_word' id='word_1_144' title='bbox 3253 702 3448 774; x_wconf 86' lang='lat' dir='ltr'><strong><em>(Hebr.</em></strong></span> <span class='ocrx_word' id='word_1_145' title='bbox 3472 719 3537 770; x_wconf 84' lang='grc' dir='ltr'><strong><em>ιι,</em></strong></span> <span class='ocrx_word' id='word_1_146' title='bbox 3571 706 3669 768; x_wconf 84' lang='grc'><strong><em>16,</em></strong></span> <span class='ocrx_word' id='word_1_147' title='bbox 3712 703 3838 773; x_wconf 90' lang='grc'><strong><em>17).</em></strong></span> 
     </span>
    </p>
   </div>
   <div class='ocr_carea' id='block_1_22' title="bbox 2154 783 3846 859">
    <p class='ocr_par' dir='ltr' id='par_1_22' title="bbox 2154 783 3846 859">
     <span class='ocr_line' id='line_1_22' title="bbox 2154 783 3846 859; baseline 0.005 -22"><span class='ocrx_word' id='word_1_148' title='bbox 2154 783 2573 858; x_wconf 85' lang='lat' dir='ltr'><strong><em>Suscepitergo</em></strong></span> <span class='ocrx_word' id='word_1_149' title='bbox 2599 789 2781 842; x_wconf 87' lang='lat' dir='ltr'><strong><em>Filius</em></strong></span> <span class='ocrx_word' id='word_1_150' title='bbox 2804 788 2900 844; x_wconf 88' lang='lat' dir='ltr'><strong><em>Dei</em></strong></span> <span class='ocrx_word' id='word_1_151' title='bbox 2922 791 3178 844; x_wconf 86' lang='lat' dir='ltr'><strong><em>animam</em></strong></span> <span class='ocrx_word' id='word_1_152' title='bbox 3203 797 3488 859; x_wconf 88' lang='lat' dir='ltr'><strong><em>nostram,</em></strong></span> <span class='ocrx_word' id='word_1_153' title='bbox 3530 791 3585 845; x_wconf 88' lang='lat' dir='ltr'><strong><em>id</em></strong></span> <span class='ocrx_word' id='word_1_154' title='bbox 3603 795 3701 846; x_wconf 84' lang='lat' dir='ltr'><strong><em>est</em></strong></span> <span class='ocrx_word' id='word_1_155' title='bbox 3717 807 3846 846; x_wconf 86' lang='lat' dir='ltr'><strong><em>me-</em></strong></span> 
     </span>
    </p>
   </div>
   <div class='ocr_carea' id='block_1_23' title="bbox 2154 873 3843 950">
    <p class='ocr_par' dir='ltr' id='par_1_23' title="bbox 2154 873 3843 950">
     <span class='ocr_line' id='line_1_23' title="bbox 2154 873 3843 950; baseline 0.004 -23"><span class='ocrx_word' id='word_1_156' title='bbox 2154 873 2268 928; x_wconf 90' lang='lat' dir='ltr'><strong><em>lius</em></strong></span> <span class='ocrx_word' id='word_1_157' title='bbox 2292 884 2580 944; x_wconf 89' lang='lat' dir='ltr'><strong><em>nostrum,</em></strong></span> <span class='ocrx_word' id='word_1_158' title='bbox 2600 878 2738 948; x_wconf 84' lang='lat' dir='ltr'><strong><em>quia</em></strong></span> <span class='ocrx_word' id='word_1_159' title='bbox 2756 878 2959 932; x_wconf 83' lang='lat' dir='ltr'><strong><em>melior</em></strong></span> <span class='ocrx_word' id='word_1_160' title='bbox 2986 884 3075 932; x_wconf 89' lang='lat' dir='ltr'><strong><em>est</em></strong></span> <span class='ocrx_word' id='word_1_161' title='bbox 3095 879 3337 935; x_wconf 64' lang='lat' dir='ltr'><strong><em>meliore</em></strong></span> <span class='ocrx_word' id='word_1_162' title='bbox 3358 885 3559 936; x_wconf 88' lang='lat' dir='ltr'><strong><em>nostro</em></strong></span> <span class='ocrx_word' id='word_1_163' title='bbox 3581 899 3598 947; x_wconf 87' lang='lat'><strong><em>;</em></strong></span> <span class='ocrx_word' id='word_1_164' title='bbox 3620 883 3843 950; x_wconf 86' lang='lat' dir='ltr'><strong><em>dequo</em></strong></span> 
     </span>
    </p>
   </div>
   <div class='ocr_carea' id='block_1_24' title="bbox 2150 961 3841 1038">
    <p class='ocr_par' dir='ltr' id='par_1_24' title="bbox 2150 961 3841 1038">
     <span class='ocr_line' id='line_1_24' title="bbox 2150 961 3841 1038; baseline 0.002 -22"><span class='ocrx_word' id='word_1_165' title='bbox 2150 961 2406 1019; x_wconf 82' lang='lat' dir='ltr'><strong><em>Joannes</em></strong></span> <span class='ocrx_word' id='word_1_166' title='bbox 2438 966 2618 1019; x_wconf 89' lang='lat' dir='ltr'><strong><em>dicit:</em></strong></span> <span class='ocrx_word' id='word_1_167' title='bbox 2651 968 2827 1038; x_wconf 81' lang='lat' dir='ltr'><strong><em>Major</em></strong></span> <span class='ocrx_word' id='word_1_168' title='bbox 2873 972 2953 1022; x_wconf 88' lang='lat' dir='ltr'><strong><em>est</em></strong></span> <span class='ocrx_word' id='word_1_169' title='bbox 2985 969 3125 1022; x_wconf 83' lang='lat' dir='ltr'><strong><em>Deus</em></strong></span> <span class='ocrx_word' id='word_1_170' title='bbox 3159 971 3321 1024; x_wconf 84' lang='lat' dir='ltr'><strong><em>corde</em></strong></span> <span class='ocrx_word' id='word_1_171' title='bbox 3349 973 3534 1024; x_wconf 87' lang='lat' dir='ltr'><strong><em>nostra</em></strong></span> <span class='ocrx_word' id='word_1_172' title='bbox 3577 969 3628 1038; x_wconf 90' lang='grc'><strong><em>(1</em></strong></span> <span class='ocrx_word' id='word_1_173' title='bbox 3659 969 3841 1024; x_wconf 80' lang='lat' dir='ltr'><strong><em>Joan.</em></strong></span> 
     </span>
    </p>
   </div>
   <div class='ocr_carea' id='block_1_25' title="bbox 2157 1053 3843 1127">
    <p class='ocr_par' dir='ltr' id='par_1_25' title="bbox 2157 1053 3843 1127">
     <span class='ocr_line' id='line_1_25' title="bbox 2157 1053 3843 1127; baseline 0.005 -23"><span class='ocrx_word' id='word_1_174' title='bbox 2157 1069 2240 1121; x_wconf 86' lang='lat' dir='ltr'><strong><em>III,</em></strong></span> <span class='ocrx_word' id='word_1_175' title='bbox 2279 1053 2394 1123; x_wconf 85' lang='lat'><strong><em>20),</em></strong></span> <span class='ocrx_word' id='word_1_176' title='bbox 2428 1056 2573 1110; x_wconf 76' lang='grc'><strong><em>141</em></strong></span> <span class='ocrx_word' id='word_1_177' title='bbox 2631 1058 2730 1110; x_wconf 89' lang='lat' dir='ltr'><strong><em>sed</em></strong></span> <span class='ocrx_word' id='word_1_178' title='bbox 2766 1074 2880 1112; x_wconf 90' lang='lat' dir='ltr'><strong><em>non</em></strong></span> <span class='ocrx_word' id='word_1_179' title='bbox 2933 1059 3146 1127; x_wconf 81' lang='lat' dir='ltr'><strong><em>sprevit</em></strong></span> <span class='ocrx_word' id='word_1_180' title='bbox 3178 1060 3354 1113; x_wconf 87' lang='lat' dir='ltr'><strong><em>etiam</em></strong></span> <span class='ocrx_word' id='word_1_181' title='bbox 3400 1074 3644 1112; x_wconf 85' lang='lat' dir='ltr'><strong><em>carnem</em></strong></span> <span class='ocrx_word' id='word_1_182' title='bbox 3687 1073 3843 1113; x_wconf 88' lang='lat' dir='ltr'><strong><em>nos-</em></strong></span> 
     </span>
    </p>
   </div>
   <div class='ocr_carea' id='block_1_26' title="bbox 2155 1143 3849 1218">
    <p class='ocr_par' dir='ltr' id='par_1_26' title="bbox 2155 1143 3849 1218">
     <span class='ocr_line' id='line_1_26' title="bbox 2155 1143 3849 1218; baseline 0.004 -24"><span class='ocrx_word' id='word_1_183' title='bbox 2155 1145 2328 1210; x_wconf 87' lang='lat' dir='ltr'><strong><em>tram,</em></strong></span> <span class='ocrx_word' id='word_1_184' title='bbox 2359 1143 2413 1196; x_wconf 91' lang='lat' dir='ltr'><strong><em>id</em></strong></span> <span class='ocrx_word' id='word_1_185' title='bbox 2447 1149 2536 1199; x_wconf 88' lang='lat' dir='ltr'><strong><em>est</em></strong></span> <span class='ocrx_word' id='word_1_186' title='bbox 2558 1144 2826 1200; x_wconf 88' lang='lat' dir='ltr'><strong><em>inﬁmum</em></strong></span> <span class='ocrx_word' id='word_1_187' title='bbox 2853 1147 2952 1218; x_wconf 84' lang='lat' dir='ltr'><strong><em>(at.</em></strong></span> <span class='ocrx_word' id='word_1_188' title='bbox 2979 1147 3308 1218; x_wconf 77' lang='lat' dir='ltr'><strong><em>inﬁrmum)</em></strong></span> <span class='ocrx_word' id='word_1_189' title='bbox 3333 1155 3604 1202; x_wconf 90' lang='lat' dir='ltr'><strong><em>nostrum</em></strong></span> <span class='ocrx_word' id='word_1_190' title='bbox 3631 1144 3849 1202; x_wconf 85' lang='lat' dir='ltr'><strong><em>susci-</em></strong></span> 
     </span>
    </p>
   </div>
   <div class='ocr_carea' id='block_1_27' title="bbox 2158 1232 3843 1304">
    <p class='ocr_par' dir='ltr' id='par_1_27' title="bbox 2158 1232 3843 1304">
     <span class='ocr_line' id='line_1_27' title="bbox 2158 1232 3843 1304; baseline 0.004 -21"><span class='ocrx_word' id='word_1_191' title='bbox 2158 1246 2309 1300; x_wconf 84' lang='lat' dir='ltr'><strong><em>pere,</em></strong></span> <span class='ocrx_word' id='word_1_192' title='bbox 2346 1232 2483 1303; x_wconf 84' lang='lat' dir='ltr'><strong><em>quia</em></strong></span> <span class='ocrx_word' id='word_1_193' title='bbox 2522 1237 2709 1289; x_wconf 91' lang='lat' dir='ltr'><strong><em>totum</em></strong></span> <span class='ocrx_word' id='word_1_194' title='bbox 2754 1235 3050 1291; x_wconf 88' lang='lat' dir='ltr'><strong><em>hominem</em></strong></span> <span class='ocrx_word' id='word_1_195' title='bbox 3096 1243 3328 1291; x_wconf 80' lang='lat' dir='ltr'><strong><em>venerat</em></strong></span> <span class='ocrx_word' id='word_1_196' title='bbox 3379 1236 3684 1304; x_wconf 88' lang='lat' dir='ltr'><strong><em>liberare;</em></strong></span> <span class='ocrx_word' id='word_1_197' title='bbox 3725 1250 3843 1290; x_wconf 88' lang='lat' dir='ltr'><strong><em>nec</em></strong></span> 
     </span>
    </p>
   </div>
   <div class='ocr_carea' id='block_1_28' title="bbox 2159 1319 3848 1396">
    <p class='ocr_par' dir='ltr' id='par_1_28' title="bbox 2159 1319 3848 1396">
     <span class='ocr_line' id='line_1_28' title="bbox 2159 1319 3848 1396; baseline 0.002 -23"><span class='ocrx_word' id='word_1_198' title='bbox 2159 1319 2561 1390; x_wconf 84' lang='lat' dir='ltr'><strong><em>potuitinﬁmo</em></strong></span> <span class='ocrx_word' id='word_1_199' title='bbox 2585 1329 2784 1378; x_wconf 91' lang='lat' dir='ltr'><strong><em>nostro</em></strong></span> <span class='ocrx_word' id='word_1_200' title='bbox 2810 1327 2884 1390; x_wconf 82' lang='lat' dir='ltr'><strong><em>la)</em></strong></span> <span class='ocrx_word' id='word_1_201' title='bbox 2905 1325 3147 1381; x_wconf 80' lang='lat' dir='ltr'><strong><em>intimus</em></strong></span> <span class='ocrx_word' id='word_1_202' title='bbox 3174 1325 3321 1390; x_wconf 80' lang='lat' dir='ltr'><strong><em>fieri,</em></strong></span> <span class='ocrx_word' id='word_1_203' title='bbox 3348 1341 3468 1396; x_wconf 88' lang='lat' dir='ltr'><strong><em>per,</em></strong></span> <span class='ocrx_word' id='word_1_204' title='bbox 3491 1342 3688 1396; x_wconf 87' lang='lat' dir='ltr'><strong><em>quem</em></strong></span> <span class='ocrx_word' id='word_1_205' title='bbox 3710 1323 3848 1378; x_wconf 85' lang='lat' dir='ltr'><strong><em>inﬁ-</em></strong></span> 
     </span>
    </p>
   </div>
   <div class='ocr_carea' id='block_1_29' title="bbox 2162 1412 3850 1487">
    <p class='ocr_par' dir='ltr' id='par_1_29' title="bbox 2162 1412 3850 1487">
     <span class='ocr_line' id='line_1_29' title="bbox 2162 1412 3850 1487; baseline 0.004 -26"><span class='ocrx_word' id='word_1_206' title='bbox 2162 1425 2322 1463; x_wconf 91' lang='lat' dir='ltr'><strong><em>mum</em></strong></span> <span class='ocrx_word' id='word_1_207' title='bbox 2359 1416 2621 1466; x_wconf 90' lang='lat' dir='ltr'><strong><em>nostrum</em></strong></span> <span class='ocrx_word' id='word_1_208' title='bbox 2657 1412 2714 1467; x_wconf 90' lang='lat' dir='ltr'><strong><em>in</em></strong></span> <span class='ocrx_word' id='word_1_209' title='bbox 2746 1413 2889 1468; x_wconf 90' lang='lat' dir='ltr'><strong><em>illud</em></strong></span> <span class='ocrx_word' id='word_1_210' title='bbox 2925 1431 3131 1470; x_wconf 89' lang='lat' dir='ltr'><strong><em>nomen</em></strong></span> <span class='ocrx_word' id='word_1_211' title='bbox 3163 1417 3304 1487; x_wconf 84' lang='lat' dir='ltr'><strong><em>quod</em></strong></span> <span class='ocrx_word' id='word_1_212' title='bbox 3342 1433 3510 1486; x_wconf 84' lang='lat' dir='ltr'><strong><em>super</em></strong></span> <span class='ocrx_word' id='word_1_213' title='bbox 3541 1431 3722 1470; x_wconf 86' lang='lat' dir='ltr'><strong><em>omne</em></strong></span> <span class='ocrx_word' id='word_1_214' title='bbox 3745 1429 3850 1468; x_wconf 88' lang='lat' dir='ltr'><strong><em>no-</em></strong></span> 
     </span>
    </p>
   </div>
   <div class='ocr_carea' id='block_1_30' title="bbox 2162 1501 3844 1575">
    <p class='ocr_par' dir='ltr' id='par_1_30' title="bbox 2162 1501 3844 1575">
     <span class='ocr_line' id='line_1_30' title="bbox 2162 1501 3844 1575; baseline 0.004 -24"><span class='ocrx_word' id='word_1_215' title='bbox 2162 1513 2287 1552; x_wconf 87' lang='lat' dir='ltr'><strong><em>men</em></strong></span> <span class='ocrx_word' id='word_1_216' title='bbox 2306 1506 2384 1553; x_wconf 85' lang='lat' dir='ltr'><strong><em>est</em></strong></span> <span class='ocrx_word' id='word_1_217' title='bbox 2401 1501 2610 1556; x_wconf 88' lang='lat' dir='ltr'><strong><em>meruit</em></strong></span> <span class='ocrx_word' id='word_1_218' title='bbox 2631 1503 2895 1568; x_wconf 81' lang='lat' dir='ltr'><strong><em>exaltari,</em></strong></span> <span class='ocrx_word' id='word_1_219' title='bbox 2921 1509 2982 1558; x_wconf 89' lang='lat' dir='ltr'><strong><em>ut</em></strong></span> <span class='ocrx_word' id='word_1_220' title='bbox 3003 1504 3061 1558; x_wconf 89' lang='lat' dir='ltr'><strong><em>in</em></strong></span> <span class='ocrx_word' id='word_1_221' title='bbox 3094 1508 3315 1560; x_wconf 83' lang='lat' dir='ltr'><strong><em>nomine</em></strong></span> <span class='ocrx_word' id='word_1_222' title='bbox 3343 1506 3470 1561; x_wconf 85' lang='lat' dir='ltr'><strong><em>Jesu</em></strong></span> <span class='ocrx_word' id='word_1_223' title='bbox 3494 1520 3667 1559; x_wconf 85' lang='lat' dir='ltr'><strong><em>omne</em></strong></span> <span class='ocrx_word' id='word_1_224' title='bbox 3689 1521 3844 1575; x_wconf 81' lang='lat' dir='ltr'><strong><em>genu</em></strong></span> 
     </span>
    </p>
   </div>
   <div class='ocr_carea' id='block_1_31' title="bbox 2161 1587 3844 1666">
    <p class='ocr_par' dir='ltr' id='par_1_31' title="bbox 2161 1587 3844 1666">
     <span class='ocr_line' id='line_1_31' title="bbox 2161 1587 3844 1666; baseline 0.005 -26"><span class='ocrx_word' id='word_1_225' title='bbox 2161 1587 2436 1656; x_wconf 83' lang='lat' dir='ltr'><strong><em>ﬂectatur.</em></strong></span> <span class='ocrx_word' id='word_1_226' title='bbox 2450 1591 2768 1646; x_wconf 67' lang='lat' dir='ltr'><strong><em>caelestium</em></strong></span> <span class='ocrx_word' id='word_1_227' title='bbox 2781 1635 2793 1654; x_wconf 89' lang='lat'><strong><em>.</em></strong></span> <span class='ocrx_word' id='word_1_228' title='bbox 2817 1595 3195 1663; x_wconf 77' lang='lat' dir='ltr'><strong><em>terrestrium,</em></strong></span> <span class='ocrx_word' id='word_1_229' title='bbox 3213 1605 3262 1648; x_wconf 88' lang='lat' dir='ltr'><strong><em>et</em></strong></span> <span class='ocrx_word' id='word_1_230' title='bbox 3277 1596 3667 1664; x_wconf 80' lang='lat' dir='ltr'><strong><em>infernarum,</em></strong></span> <span class='ocrx_word' id='word_1_231' title='bbox 3694 1595 3774 1666; x_wconf 88' lang='lat' dir='ltr'><strong><em>(b)</em></strong></span> <span class='ocrx_word' id='word_1_232' title='bbox 3788 1604 3844 1649; x_wconf 83' lang='lat' dir='ltr'><strong><em>et</em></strong></span> 
     </span>
    </p>
   </div>
   <div class='ocr_carea' id='block_1_32' title="bbox 2163 1679 3844 1752">
    <p class='ocr_par' dir='ltr' id='par_1_32' title="bbox 2163 1679 3844 1752">
     <span class='ocr_line' id='line_1_32' title="bbox 2163 1679 3844 1752; baseline 0.005 -22"><span class='ocrx_word' id='word_1_233' title='bbox 2163 1679 2341 1730; x_wconf 87' lang='lat' dir='ltr'><strong><em>omnis</em></strong></span> <span class='ocrx_word' id='word_1_234' title='bbox 2375 1679 2569 1749; x_wconf 88' lang='lat' dir='ltr'><strong><em>lingua</em></strong></span> <span class='ocrx_word' id='word_1_235' title='bbox 2591 1682 2912 1751; x_wconf 81' lang='lat' dir='ltr'><strong><em>canﬁteatur</em></strong></span> <span class='ocrx_word' id='word_1_236' title='bbox 2941 1699 3076 1752; x_wconf 70' lang='lat' dir='ltr'><strong><em>quia.</em></strong></span> <span class='ocrx_word' id='word_1_237' title='bbox 3108 1683 3372 1736; x_wconf 79' lang='lat' dir='ltr'><strong><em>Dominus</em></strong></span> <span class='ocrx_word' id='word_1_238' title='bbox 3397 1684 3550 1738; x_wconf 82' lang='lat' dir='ltr'><strong><em>Jesus</em></strong></span> <span class='ocrx_word' id='word_1_239' title='bbox 3571 1683 3844 1738; x_wconf 81' lang='lat' dir='ltr'><strong><em>Christus</em></strong></span> 
     </span>
    </p>
   </div>
   <div class='ocr_carea' id='block_1_33' title="bbox 2168 1766 3837 1843">
    <p class='ocr_par' dir='ltr' id='par_1_33' title="bbox 2168 1766 3837 1843">
     <span class='ocr_line' id='line_1_33' title="bbox 2168 1766 3837 1843; baseline 0.007 -27"><span class='ocrx_word' id='word_1_240' title='bbox 2168 1766 2224 1817; x_wconf 84' lang='lat' dir='ltr'><strong><em>in</em></strong></span> <span class='ocrx_word' id='word_1_241' title='bbox 2253 1766 2433 1836; x_wconf 87' lang='lat' dir='ltr'><strong><em>gloria</em></strong></span> <span class='ocrx_word' id='word_1_242' title='bbox 2463 1773 2542 1823; x_wconf 88' lang='lat' dir='ltr'><strong><em>est</em></strong></span> <span class='ocrx_word' id='word_1_243' title='bbox 2576 1770 2679 1824; x_wconf 76' lang='lat' dir='ltr'><strong><em>Dei</em></strong></span> <span class='ocrx_word' id='word_1_244' title='bbox 2709 1773 2889 1838; x_wconf 84' lang='lat' dir='ltr'><strong><em>Patris</em></strong></span> <span class='ocrx_word' id='word_1_245' title='bbox 2911 1771 3164 1843; x_wconf 81' lang='lat' dir='ltr'><strong><em>(Philipp</em></strong></span> <span class='ocrx_word' id='word_1_246' title='bbox 3215 1773 3472 1842; x_wconf 69' lang='lat'><strong><em>11,9-11).</em></strong></span> <span class='ocrx_word' id='word_1_247' title='bbox 3507 1771 3625 1834; x_wconf 88' lang='lat' dir='ltr'><strong><em>Qui</em></strong></span> <span class='ocrx_word' id='word_1_248' title='bbox 3651 1775 3837 1827; x_wconf 88' lang='lat' dir='ltr'><strong><em>etiam</em></strong></span> 
     </span>
    </p>
   </div>
   <div class='ocr_carea' id='block_1_34' title="bbox 400 1842 2039 1942">
    <p class='ocr_par' dir='ltr' id='par_1_34' title="bbox 400 1842 2039 1915">
     <span class='ocr_line' id='line_1_34' title="bbox 400 1842 2039 1915; baseline -0.001 -19"><span class='ocrx_word' id='word_1_249' title='bbox 400 1849 558 1898; x_wconf 85' lang='lat' dir='ltr'><strong><em>totus</em></strong></span> <span class='ocrx_word' id='word_1_250' title='bbox 576 1843 751 1898; x_wconf 75' lang='lat' dir='ltr'><strong><em>fuitin</em></strong></span> <span class='ocrx_word' id='word_1_251' title='bbox 771 1844 1037 1915; x_wconf 89' lang='lat' dir='ltr'><strong><em>sepulcro</em></strong></span> <span class='ocrx_word' id='word_1_252' title='bbox 1055 1860 1186 1898; x_wconf 91' lang='lat' dir='ltr'><strong><em>cum</em></strong></span> <span class='ocrx_word' id='word_1_253' title='bbox 1211 1859 1404 1908; x_wconf 87' lang='lat' dir='ltr'><strong><em>carne,</em></strong></span> <span class='ocrx_word' id='word_1_254' title='bbox 1421 1847 1580 1897; x_wconf 87' lang='lat' dir='ltr'><strong><em>totus</em></strong></span> <span class='ocrx_word' id='word_1_255' title='bbox 1596 1842 1652 1897; x_wconf 88' lang='lat' dir='ltr'><strong><em>in</em></strong></span> <span class='ocrx_word' id='word_1_256' title='bbox 1668 1842 1895 1896; x_wconf 82' lang='lat' dir='ltr'><strong><em>inferno</em></strong></span> <span class='ocrx_word' id='word_1_257' title='bbox 1915 1857 2039 1896; x_wconf 89' lang='lat' dir='ltr'><strong><em>cum</em></strong></span> 
     </span>
    </p>
   </div>
   <div class='ocr_carea' id='block_1_35' title="bbox 2232 1842 3840 1942">
    <p class='ocr_par' dir='ltr' id='par_1_35' title="bbox 2233 1842 3840 1932">
     <span class='ocr_line' id='line_1_35' title="bbox 2233 1842 3840 1932; baseline 0.002 -22"><span class='ocrx_word' id='word_1_258' title='bbox 2233 1873 2297 1910; x_wconf 90' lang='lat' dir='ltr'><strong><em>os</em></strong></span> <span class='ocrx_word' id='word_1_259' title='bbox 2330 1859 2638 1912; x_wconf 85' lang='lat' dir='ltr'><strong><em>tormentis</em></strong></span> <span class='ocrx_word' id='word_1_260' title='bbox 2665 1864 2750 1914; x_wconf 85' lang='lat' dir='ltr'><strong><em>est</em></strong></span> <span class='ocrx_word' id='word_1_261' title='bbox 2781 1842 3318 1914; x_wconf 86' lang='lat' dir='ltr'><strong><em>interminabilihus</em></strong></span> <span class='ocrx_word' id='word_1_262' title='bbox 3340 1861 3709 1929; x_wconf 86' lang='lat' dir='ltr'><strong><em>traditurus,</em></strong></span> <span class='ocrx_word' id='word_1_263' title='bbox 3735 1860 3840 1932; x_wconf 89' lang='lat' dir='ltr'><strong><em>qui</em></strong></span> 
     </span>
    </p>
   </div>
   <div class='ocr_carea' id='block_1_36' title="bbox 404 1931 2050 2004">
    <p class='ocr_par' dir='ltr' id='par_1_36' title="bbox 404 1931 2050 2004">
     <span class='ocr_line' id='line_1_36' title="bbox 404 1931 2050 2004; baseline -0.001 -18"><span class='ocrx_word' id='word_1_264' title='bbox 404 1933 622 1996; x_wconf 86' lang='lat' dir='ltr'><strong><em>anima,</em></strong></span> <span class='ocrx_word' id='word_1_265' title='bbox 643 1950 706 1986; x_wconf 87' lang='lat' dir='ltr'><strong><em>ac</em></strong></span> <span class='ocrx_word' id='word_1_266' title='bbox 723 1951 823 2004; x_wconf 91' lang='lat' dir='ltr'><strong><em>per</em></strong></span> <span class='ocrx_word' id='word_1_267' title='bbox 841 1934 968 1998; x_wconf 90' lang='lat' dir='ltr'><strong><em>hoc,</em></strong></span> <span class='ocrx_word' id='word_1_268' title='bbox 995 1933 1202 2004; x_wconf 89' lang='lat' dir='ltr'><strong><em>plenus</em></strong></span> <span class='ocrx_word' id='word_1_269' title='bbox 1220 1932 1329 1987; x_wconf 81' lang='lat' dir='ltr'><strong><em>fuit</em></strong></span> <span class='ocrx_word' id='word_1_270' title='bbox 1351 1932 1569 2002; x_wconf 89' lang='lat' dir='ltr'><strong><em>ubique</em></strong></span> <span class='ocrx_word' id='word_1_271' title='bbox 1593 1931 1883 2000; x_wconf 70' lang='lat' dir='ltr'><strong><em>Christus,</em></strong></span> <span class='ocrx_word' id='word_1_272' title='bbox 1908 1931 2050 2001; x_wconf 88' lang='lat' dir='ltr'><strong><em>quia</em></strong></span> 
     </span>
    </p>
   </div>
   <div class='ocr_carea' id='block_1_37' title="bbox 407 2021 2052 2090">
    <p class='ocr_par' dir='ltr' id='par_1_37' title="bbox 407 2021 2052 2090">
     <span class='ocr_line' id='line_1_37' title="bbox 407 2021 2052 2090; baseline -0.001 -14"><span class='ocrx_word' id='word_1_273' title='bbox 407 2038 518 2076; x_wconf 90' lang='lat' dir='ltr'><strong><em>non</em></strong></span> <span class='ocrx_word' id='word_1_274' title='bbox 534 2027 623 2075; x_wconf 84' lang='lat' dir='ltr'><strong><em>est</em></strong></span> <span class='ocrx_word' id='word_1_275' title='bbox 637 2021 790 2076; x_wconf 89' lang='lat' dir='ltr'><strong><em>Deus</em></strong></span> <span class='ocrx_word' id='word_1_276' title='bbox 805 2024 874 2076; x_wconf 89' lang='lat' dir='ltr'><strong><em>ab</em></strong></span> <span class='ocrx_word' id='word_1_277' title='bbox 894 2022 1263 2076; x_wconf 87' lang='lat' dir='ltr'><strong><em>humanitate</em></strong></span> <span class='ocrx_word' id='word_1_278' title='bbox 1280 2037 1453 2090; x_wconf 90' lang='lat' dir='ltr'><strong><em>quam</em></strong></span> <span class='ocrx_word' id='word_1_279' title='bbox 1471 2026 1810 2090; x_wconf 86' lang='lat' dir='ltr'><strong><em>susceperat</em></strong></span> <span class='ocrx_word' id='word_1_280' title='bbox 1823 2036 2052 2088; x_wconf 89' lang='lat' dir='ltr'><strong><em>separa-</em></strong></span> 
     </span>
    </p>
   </div>
   <div class='ocr_carea' id='block_1_38' title="bbox 404 2109 2048 2181">
    <p class='ocr_par' dir='ltr' id='par_1_38' title="bbox 404 2109 2048 2181">
     <span class='ocr_line' id='line_1_38' title="bbox 404 2109 2048 2181; baseline -0.001 -17"><span class='ocrx_word' id='word_1_281' title='bbox 404 2114 522 2180; x_wconf 88' lang='lat' dir='ltr'><strong><em>tus,</em></strong></span> <span class='ocrx_word' id='word_1_282' title='bbox 555 2111 653 2181; x_wconf 91' lang='lat' dir='ltr'><strong><em>qui</em></strong></span> <span class='ocrx_word' id='word_1_283' title='bbox 679 2110 809 2166; x_wconf 89' lang='lat' dir='ltr'><strong><em>etin</em></strong></span> <span class='ocrx_word' id='word_1_284' title='bbox 829 2110 1022 2165; x_wconf 88' lang='lat' dir='ltr'><strong><em>anima</em></strong></span> <span class='ocrx_word' id='word_1_285' title='bbox 1046 2127 1149 2165; x_wconf 84' lang='lat' dir='ltr'><strong><em>sua</em></strong></span> <span class='ocrx_word' id='word_1_286' title='bbox 1179 2110 1311 2180; x_wconf 84' lang='lat' dir='ltr'><strong><em>fuit,</em></strong></span> <span class='ocrx_word' id='word_1_287' title='bbox 1340 2109 1624 2164; x_wconf 87' lang='lat' dir='ltr'><strong><em>utsolutis</em></strong></span> <span class='ocrx_word' id='word_1_288' title='bbox 1649 2109 1861 2165; x_wconf 83' lang='lat' dir='ltr'><strong><em>interni</em></strong></span> <span class='ocrx_word' id='word_1_289' title='bbox 1887 2109 2048 2164; x_wconf 89' lang='lat' dir='ltr'><strong><em>dolo-</em></strong></span> 
     </span>
    </p>
   </div>
   <div class='ocr_carea' id='block_1_39' title="bbox 409 2197 2047 2266">
    <p class='ocr_par' dir='ltr' id='par_1_39' title="bbox 409 2197 2047 2266">
     <span class='ocr_line' id='line_1_39' title="bbox 409 2197 2047 2266; baseline 0 -12"><span class='ocrx_word' id='word_1_290' title='bbox 409 2197 570 2255; x_wconf 88' lang='lat' dir='ltr'><strong><em>ribus</em></strong></span> <span class='ocrx_word' id='word_1_291' title='bbox 589 2201 660 2254; x_wconf 88' lang='lat' dir='ltr'><strong><em>ab</em></strong></span> <span class='ocrx_word' id='word_1_292' title='bbox 678 2201 905 2255; x_wconf 80' lang='lat' dir='ltr'><strong><em>inferno</em></strong></span> <span class='ocrx_word' id='word_1_293' title='bbox 935 2200 1139 2255; x_wconf 87' lang='lat' dir='ltr'><strong><em>victrix</em></strong></span> <span class='ocrx_word' id='word_1_294' title='bbox 1162 2200 1396 2266; x_wconf 84' lang='lat' dir='ltr'><strong><em>rediret,</em></strong></span> <span class='ocrx_word' id='word_1_295' title='bbox 1429 2204 1486 2253; x_wconf 86' lang='lat' dir='ltr'><strong><em>et</em></strong></span> <span class='ocrx_word' id='word_1_296' title='bbox 1514 2199 1570 2253; x_wconf 90' lang='lat' dir='ltr'><strong><em>in</em></strong></span> <span class='ocrx_word' id='word_1_297' title='bbox 1595 2215 1767 2254; x_wconf 90' lang='lat' dir='ltr'><strong><em>carne</em></strong></span> <span class='ocrx_word' id='word_1_298' title='bbox 1792 2217 1897 2253; x_wconf 88' lang='lat' dir='ltr'><strong><em>sua</em></strong></span> <span class='ocrx_word' id='word_1_299' title='bbox 1919 2198 2047 2264; x_wconf 80' lang='lat' dir='ltr'><strong><em>fuit,</em></strong></span> 
     </span>
    </p>
   </div>
   <div class='ocr_carea' id='block_1_40' title="bbox 415 2288 2048 2359">
    <p class='ocr_par' dir='ltr' id='par_1_40' title="bbox 415 2288 2048 2359">
     <span class='ocr_line' id='line_1_40' title="bbox 415 2288 2048 2359; baseline -0.002 -14"><span class='ocrx_word' id='word_1_300' title='bbox 415 2297 477 2346; x_wconf 87' lang='lat' dir='ltr'><strong><em>ut</em></strong></span> <span class='ocrx_word' id='word_1_301' title='bbox 494 2290 665 2344; x_wconf 88' lang='lat' dir='ltr'><strong><em>celeri</em></strong></span> <span class='ocrx_word' id='word_1_302' title='bbox 698 2289 1123 2344; x_wconf 88' lang='lat' dir='ltr'><strong><em>resurrectione</em></strong></span> <span class='ocrx_word' id='word_1_303' title='bbox 1143 2288 1436 2359; x_wconf 88' lang='lat' dir='ltr'><strong><em>corrumpi</em></strong></span> <span class='ocrx_word' id='word_1_304' title='bbox 1465 2304 1576 2342; x_wconf 90' lang='lat' dir='ltr'><strong><em>non</em></strong></span> <span class='ocrx_word' id='word_1_305' title='bbox 1600 2292 1817 2359; x_wconf 82' lang='lat' dir='ltr'><strong><em>posset.</em></strong></span> <span class='ocrx_word' id='word_1_306' title='bbox 1838 2289 2048 2342; x_wconf 88' lang='lat' dir='ltr'><strong><em>Totum</em></strong></span> 
     </span>
    </p>
   </div>
   <div class='ocr_carea' id='block_1_41' title="bbox 411 2377 2052 2450">
    <p class='ocr_par' dir='ltr' id='par_1_41' title="bbox 411 2377 2052 2450">
     <span class='ocr_line' id='line_1_41' title="bbox 411 2377 2052 2450; baseline -0.001 -16"><span class='ocrx_word' id='word_1_307' title='bbox 411 2380 588 2450; x_wconf 86' lang='lat' dir='ltr'><strong><em>igitur</em></strong></span> <span class='ocrx_word' id='word_1_308' title='bbox 603 2379 898 2434; x_wconf 88' lang='lat' dir='ltr'><strong><em>hominem</em></strong></span> <span class='ocrx_word' id='word_1_309' title='bbox 917 2377 1782 2440; x_wconf 78' lang='lat' dir='ltr'><strong><em>cumsuisinfinnitatihus,sine</em></strong></span> <span class='ocrx_word' id='word_1_310' title='bbox 1797 2381 2052 2448; x_wconf 87' lang='lat' dir='ltr'><strong><em>peccato,</em></strong></span> 
     </span>
    </p>
   </div>
   <div class='ocr_carea' id='block_1_42' title="bbox 410 2466 2051 2538">
    <p class='ocr_par' dir='ltr' id='par_1_42' title="bbox 410 2466 2051 2538">
     <span class='ocr_line' id='line_1_42' title="bbox 410 2466 2051 2538; baseline -0.003 -14"><span class='ocrx_word' id='word_1_311' title='bbox 410 2469 507 2524; x_wconf 90' lang='lat' dir='ltr'><strong><em>Dei</em></strong></span> <span class='ocrx_word' id='word_1_312' title='bbox 546 2467 726 2523; x_wconf 87' lang='lat' dir='ltr'><strong><em>Filius</em></strong></span> <span class='ocrx_word' id='word_1_313' title='bbox 756 2483 855 2536; x_wconf 91' lang='lat' dir='ltr'><strong><em>pro</em></strong></span> <span class='ocrx_word' id='word_1_314' title='bbox 888 2467 1055 2521; x_wconf 88' lang='lat' dir='ltr'><strong><em>nobis</em></strong></span> <span class='ocrx_word' id='word_1_315' title='bbox 1079 2467 1368 2538; x_wconf 89' lang='lat' dir='ltr'><strong><em>acccepit:</em></strong></span> <span class='ocrx_word' id='word_1_316' title='bbox 1397 2469 1454 2522; x_wconf 90' lang='lat' dir='ltr'><strong><em>in</em></strong></span> <span class='ocrx_word' id='word_1_317' title='bbox 1477 2472 1601 2522; x_wconf 88' lang='lat' dir='ltr'><strong><em>toto</em></strong></span> <span class='ocrx_word' id='word_1_318' title='bbox 1626 2468 1873 2522; x_wconf 89' lang='lat' dir='ltr'><strong><em>traditus</em></strong></span> <span class='ocrx_word' id='word_1_319' title='bbox 1898 2466 2051 2520; x_wconf 90' lang='lat' dir='ltr'><strong><em>idem</em></strong></span> 
     </span>
    </p>
   </div>
   <div class='ocr_carea' id='block_1_43' title="bbox 407 2556 2056 2622">
    <p class='ocr_par' dir='ltr' id='par_1_43' title="bbox 407 2556 2056 2622">
     <span class='ocr_line' id='line_1_43' title="bbox 407 2556 2056 2622; baseline -0.003 -11"><span class='ocrx_word' id='word_1_320' title='bbox 407 2556 675 2611; x_wconf 88' lang='lat' dir='ltr'><strong><em>Christus</em></strong></span> <span class='ocrx_word' id='word_1_321' title='bbox 690 2556 1014 2609; x_wconf 89' lang='lat' dir='ltr'><strong><em>secundum</em></strong></span> <span class='ocrx_word' id='word_1_322' title='bbox 1031 2557 1212 2610; x_wconf 87' lang='lat' dir='ltr'><strong><em>solam</em></strong></span> <span class='ocrx_word' id='word_1_323' title='bbox 1229 2572 1460 2609; x_wconf 89' lang='lat' dir='ltr'><strong><em>carnem</em></strong></span> <span class='ocrx_word' id='word_1_324' title='bbox 1477 2561 1877 2622; x_wconf 88' lang='lat' dir='ltr'><strong><em>estmortuus;</em></strong></span> <span class='ocrx_word' id='word_1_325' title='bbox 1899 2559 2056 2608; x_wconf 91' lang='lat' dir='ltr'><strong><em>totus</em></strong></span> 
     </span>
    </p>
   </div>
   <div class='ocr_carea' id='block_1_44' title="bbox 404 2644 2060 2702">
    <p class='ocr_par' dir='ltr' id='par_1_44' title="bbox 404 2644 2060 2702">
     <span class='ocr_line' id='line_1_44' title="bbox 404 2644 2060 2702; baseline -0.002 -1"><span class='ocrx_word' id='word_1_326' title='bbox 404 2645 674 2702; x_wconf 86' lang='lat' dir='ltr'><strong><em>Christus</em></strong></span> <span class='ocrx_word' id='word_1_327' title='bbox 699 2645 1020 2699; x_wconf 89' lang='lat' dir='ltr'><strong><em>secundum</em></strong></span> <span class='ocrx_word' id='word_1_328' title='bbox 1043 2648 1228 2699; x_wconf 88' lang='lat' dir='ltr'><strong><em>solam</em></strong></span> <span class='ocrx_word' id='word_1_329' title='bbox 1251 2647 1510 2699; x_wconf 90' lang='lat' dir='ltr'><strong><em>animam</em></strong></span> <span class='ocrx_word' id='word_1_330' title='bbox 1542 2647 1609 2700; x_wconf 76' lang='lat' dir='ltr'><strong><em>ad</em></strong></span> <span class='ocrx_word' id='word_1_331' title='bbox 1639 2645 1928 2700; x_wconf 78' lang='lat' dir='ltr'><strong><em>internum</em></strong></span> <span class='ocrx_word' id='word_1_332' title='bbox 1957 2644 2060 2698; x_wconf 86' lang='lat' dir='ltr'><strong><em>de-</em></strong></span> 
     </span>
    </p>
   </div>
   <div class='ocr_carea' id='block_1_45' title="bbox 403 2731 2057 2804">
    <p class='ocr_par' dir='ltr' id='par_1_45' title="bbox 403 2731 2057 2804">
     <span class='ocr_line' id='line_1_45' title="bbox 403 2731 2057 2804; baseline -0.001 -16"><span class='ocrx_word' id='word_1_333' title='bbox 403 2735 648 2801; x_wconf 82' lang='lat' dir='ltr'><strong><em>scendit;</em></strong></span> <span class='ocrx_word' id='word_1_334' title='bbox 669 2733 818 2788; x_wconf 86' lang='lat' dir='ltr'><strong><em>idem</em></strong></span> <span class='ocrx_word' id='word_1_335' title='bbox 835 2731 1433 2804; x_wconf 88' lang='lat' dir='ltr'><strong><em>atqueinseparabilis</em></strong></span> <span class='ocrx_word' id='word_1_336' title='bbox 1450 2734 1713 2788; x_wconf 72' lang='lat' dir='ltr'><strong><em>Christus</em></strong></span> <span class='ocrx_word' id='word_1_337' title='bbox 1730 2733 2057 2788; x_wconf 87' lang='lat' dir='ltr'><strong><em>secundum</em></strong></span> 
     </span>
    </p>
   </div>
   <div class='ocr_carea' id='block_1_46' title="bbox 403 2823 2060 2893">
    <p class='ocr_par' dir='ltr' id='par_1_46' title="bbox 403 2823 2060 2893">
     <span class='ocr_line' id='line_1_46' title="bbox 403 2823 2060 2893; baseline -0.003 -13"><span class='ocrx_word' id='word_1_338' title='bbox 403 2825 589 2881; x_wconf 86' lang='lat' dir='ltr'><strong><em>solam</em></strong></span> <span class='ocrx_word' id='word_1_339' title='bbox 623 2839 856 2878; x_wconf 86' lang='lat' dir='ltr'><strong><em>carnem</em></strong></span> <span class='ocrx_word' id='word_1_340' title='bbox 880 2823 950 2876; x_wconf 88' lang='lat' dir='ltr'><strong><em>de</em></strong></span> <span class='ocrx_word' id='word_1_341' title='bbox 974 2823 1256 2893; x_wconf 88' lang='lat' dir='ltr'><strong><em>sepulcro</em></strong></span> <span class='ocrx_word' id='word_1_342' title='bbox 1280 2824 1572 2890; x_wconf 80' lang='lat' dir='ltr'><strong><em>surrexit;</em></strong></span> <span class='ocrx_word' id='word_1_343' title='bbox 1601 2825 1750 2877; x_wconf 91' lang='lat' dir='ltr'><strong><em>idem</em></strong></span> <span class='ocrx_word' id='word_1_344' title='bbox 1779 2827 1955 2892; x_wconf 89' lang='lat' dir='ltr'><strong><em>atque</em></strong></span> <span class='ocrx_word' id='word_1_345' title='bbox 1978 2823 2060 2875; x_wconf 90' lang='lat' dir='ltr'><strong><em>in-</em></strong></span> 
     </span>
    </p>
   </div>
   <div class='ocr_carea' id='block_1_47' title="bbox 403 2911 2056 2986">
    <p class='ocr_par' dir='ltr' id='par_1_47' title="bbox 403 2911 2056 2986">
     <span class='ocr_line' id='line_1_47' title="bbox 403 2911 2056 2986; baseline -0.003 -17"><span class='ocrx_word' id='word_1_346' title='bbox 403 2911 750 2986; x_wconf 89' lang='lat' dir='ltr'><strong><em>separabilis</em></strong></span> <span class='ocrx_word' id='word_1_347' title='bbox 763 2912 1028 2966; x_wconf 90' lang='lat' dir='ltr'><strong><em>Christus</em></strong></span> <span class='ocrx_word' id='word_1_348' title='bbox 1043 2912 1364 2966; x_wconf 88' lang='lat' dir='ltr'><strong><em>secundum</em></strong></span> <span class='ocrx_word' id='word_1_349' title='bbox 1384 2917 1566 2967; x_wconf 89' lang='lat' dir='ltr'><strong><em>totum</em></strong></span> <span class='ocrx_word' id='word_1_350' title='bbox 1579 2913 1848 2966; x_wconf 76' lang='lat' dir='ltr'><strong><em>hominem</em></strong></span> <span class='ocrx_word' id='word_1_351' title='bbox 1862 2927 2056 2982; x_wconf 88' lang='lat' dir='ltr'><strong><em>,quem</em></strong></span> 
     </span>
    </p>
   </div>
   <div class='ocr_carea' id='block_1_48' title="bbox 406 3000 2058 3074">
    <p class='ocr_par' dir='ltr' id='par_1_48' title="bbox 406 3000 2058 3074">
     <span class='ocr_line' id='line_1_48' title="bbox 406 3000 2058 3074; baseline -0.004 -15"><span class='ocrx_word' id='word_1_352' title='bbox 406 3003 870 3074; x_wconf 85' lang='lat' dir='ltr'><strong><em>accepit.terram</em></strong></span> <span class='ocrx_word' id='word_1_353' title='bbox 895 3001 1156 3056; x_wconf 87' lang='lat' dir='ltr'><strong><em>localiter</em></strong></span> <span class='ocrx_word' id='word_1_354' title='bbox 1170 3002 1444 3056; x_wconf 89' lang='lat' dir='ltr'><strong><em>deserens</em></strong></span> <span class='ocrx_word' id='word_1_355' title='bbox 1460 3003 1526 3056; x_wconf 88' lang='lat' dir='ltr'><strong><em>ad</em></strong></span> <span class='ocrx_word' id='word_1_356' title='bbox 1545 3001 1755 3056; x_wconf 68' lang='lat' dir='ltr'><strong><em>ctutum</em></strong></span> <span class='ocrx_word' id='word_1_357' title='bbox 1772 3000 2058 3062; x_wconf 84' lang='lat' dir='ltr'><strong><em>ascendit,</em></strong></span> 
     </span>
    </p>
   </div>
   <div class='ocr_carea' id='block_1_49' title="bbox 405 3090 2062 3160">
    <p class='ocr_par' dir='ltr' id='par_1_49' title="bbox 405 3090 2062 3160">
     <span class='ocr_line' id='line_1_49' title="bbox 405 3090 2062 3160; baseline -0.003 -11"><span class='ocrx_word' id='word_1_358' title='bbox 405 3099 462 3149; x_wconf 89' lang='lat' dir='ltr'><strong><em>et</em></strong></span> <span class='ocrx_word' id='word_1_359' title='bbox 493 3094 549 3148; x_wconf 89' lang='lat' dir='ltr'><strong><em>in</em></strong></span> <span class='ocrx_word' id='word_1_360' title='bbox 584 3093 806 3148; x_wconf 82' lang='lat' dir='ltr'><strong><em>dextris</em></strong></span> <span class='ocrx_word' id='word_1_361' title='bbox 843 3090 937 3144; x_wconf 80' lang='grc' dir='ltr'><strong><em>Ι)θὶ</em></strong></span> <span class='ocrx_word' id='word_1_362' title='bbox 973 3091 1125 3144; x_wconf 84' lang='lat' dir='ltr'><strong><em>sedit</em></strong></span> <span class='ocrx_word' id='word_1_363' title='bbox 1153 3091 1250 3160; x_wconf 89' lang='lat' dir='ltr'><strong><em>(al.</em></strong></span> <span class='ocrx_word' id='word_1_364' title='bbox 1285 3091 1511 3160; x_wconf 87' lang='lat' dir='ltr'><strong><em>sedet);</em></strong></span> <span class='ocrx_word' id='word_1_365' title='bbox 1544 3091 1870 3144; x_wconf 90' lang='lat' dir='ltr'><strong><em>secundum</em></strong></span> <span class='ocrx_word' id='word_1_366' title='bbox 1901 3107 2062 3145; x_wconf 85' lang='lat' dir='ltr'><strong><em>eum-</em></strong></span> 
     </span>
    </p>
   </div>
   <div class='ocr_carea' id='block_1_50' title="bbox 407 3178 2050 3250">
    <p class='ocr_par' dir='ltr' id='par_1_50' title="bbox 407 3178 2050 3250">
     <span class='ocr_line' id='line_1_50' title="bbox 407 3178 2050 3250; baseline -0.003 -13"><span class='ocrx_word' id='word_1_367' title='bbox 407 3183 539 3239; x_wconf 89' lang='lat' dir='ltr'><strong><em>dem</em></strong></span> <span class='ocrx_word' id='word_1_368' title='bbox 557 3187 744 3238; x_wconf 88' lang='lat' dir='ltr'><strong><em>totum</em></strong></span> <span class='ocrx_word' id='word_1_369' title='bbox 766 3179 1063 3234; x_wconf 83' lang='lat' dir='ltr'><strong><em>hominem</em></strong></span> <span class='ocrx_word' id='word_1_370' title='bbox 1085 3183 1365 3234; x_wconf 88' lang='lat' dir='ltr'><strong><em>venturus</em></strong></span> <span class='ocrx_word' id='word_1_371' title='bbox 1389 3180 1458 3234; x_wconf 91' lang='lat' dir='ltr'><strong><em>ad</em></strong></span> <span class='ocrx_word' id='word_1_372' title='bbox 1475 3179 1866 3250; x_wconf 86' lang='lat' dir='ltr'><strong><em>judicandum</em></strong></span> <span class='ocrx_word' id='word_1_373' title='bbox 1892 3178 2050 3235; x_wconf 90' lang='lat' dir='ltr'><strong><em>vivos</em></strong></span> 
     </span>
    </p>
   </div>
   <div class='ocr_carea' id='block_1_51' title="bbox 2156 1946 3839 2022">
    <p class='ocr_par' dir='ltr' id='par_1_51' title="bbox 2156 1946 3839 2022">
     <span class='ocr_line' id='line_1_51' title="bbox 2156 1946 3839 2022; baseline 0.004 -22"><span class='ocrx_word' id='word_1_374' title='bbox 2156 1946 2343 2000; x_wconf 90' lang='lat' dir='ltr'><strong><em>sancti</em></strong></span> <span class='ocrx_word' id='word_1_375' title='bbox 2363 1946 2617 2016; x_wconf 89' lang='lat' dir='ltr'><strong><em>Spiritus</em></strong></span> <span class='ocrx_word' id='word_1_376' title='bbox 2633 1954 2905 2004; x_wconf 87' lang='lat' dir='ltr'><strong><em>naturam</em></strong></span> <span class='ocrx_word' id='word_1_377' title='bbox 2927 1965 2960 2003; x_wconf 86' lang='lat' dir='ltr'><strong><em>a</em></strong></span> <span class='ocrx_word' id='word_1_378' title='bbox 2981 1950 3319 2005; x_wconf 85' lang='lat' dir='ltr'><strong><em>substantia</em></strong></span> <span class='ocrx_word' id='word_1_379' title='bbox 3347 1949 3539 2004; x_wconf 86' lang='lat' dir='ltr'><strong><em>Patris</em></strong></span> <span class='ocrx_word' id='word_1_380' title='bbox 3565 1950 3839 2022; x_wconf 86' lang='lat' dir='ltr'><strong><em>Filiique</em></strong></span> 
     </span>
    </p>
   </div>
   <div class='ocr_carea' id='block_1_52' title="bbox 2159 2035 3838 2110">
    <p class='ocr_par' dir='ltr' id='par_1_52' title="bbox 2159 2035 3838 2110">
     <span class='ocr_line' id='line_1_52' title="bbox 2159 2035 3838 2110; baseline 0.005 -23"><span class='ocrx_word' id='word_1_381' title='bbox 2159 2035 2521 2099; x_wconf 86' lang='lat' dir='ltr'><strong><em>discernunt.</em></strong></span> <span class='ocrx_word' id='word_1_382' title='bbox 2544 2043 2607 2091; x_wconf 89' lang='lat' dir='ltr'><strong><em>ut</em></strong></span> <span class='ocrx_word' id='word_1_383' title='bbox 2630 2036 2716 2092; x_wconf 86' lang='lat' dir='ltr'><strong><em>vel</em></strong></span> <span class='ocrx_word' id='word_1_384' title='bbox 2740 2039 2979 2093; x_wconf 89' lang='lat' dir='ltr'><strong><em>omnino</em></strong></span> <span class='ocrx_word' id='word_1_385' title='bbox 2994 2054 3128 2093; x_wconf 93' lang='lat' dir='ltr'><strong><em>eum</em></strong></span> <span class='ocrx_word' id='word_1_386' title='bbox 3149 2037 3535 2110; x_wconf 87' lang='lat' dir='ltr'><strong><em>personaliter</em></strong></span> <span class='ocrx_word' id='word_1_387' title='bbox 3553 2055 3700 2095; x_wconf 87' lang='lat' dir='ltr'><strong><em>esse</em></strong></span> <span class='ocrx_word' id='word_1_388' title='bbox 3719 2057 3838 2094; x_wconf 89' lang='lat' dir='ltr'><strong><em>non</em></strong></span> 
     </span>
    </p>
   </div>
   <div class='ocr_carea' id='block_1_53' title="bbox 2162 2125 3840 2198">
    <p class='ocr_par' dir='ltr' id='par_1_53' title="bbox 2162 2125 3840 2198">
     <span class='ocr_line' id='line_1_53' title="bbox 2162 2125 3840 2198; baseline 0.004 -22"><span class='ocrx_word' id='word_1_389' title='bbox 2162 2125 2516 2194; x_wconf 90' lang='lat' dir='ltr'><strong><em>putent;vel,</em></strong></span> <span class='ocrx_word' id='word_1_390' title='bbox 2534 2133 2808 2197; x_wconf 88' lang='lat' dir='ltr'><strong><em>tanquam</em></strong></span> <span class='ocrx_word' id='word_1_391' title='bbox 2828 2127 3390 2197; x_wconf 87' lang='lat' dir='ltr'><strong><em>ministrum,meriti</em></strong></span> <span class='ocrx_word' id='word_1_392' title='bbox 3411 2144 3666 2198; x_wconf 88' lang='lat' dir='ltr'><strong><em>prorsus</em></strong></span> <span class='ocrx_word' id='word_1_393' title='bbox 3685 2129 3840 2183; x_wconf 79' lang='lat' dir='ltr'><strong><em>inte-</em></strong></span> 
     </span>
    </p>
   </div>
   <div class='ocr_carea' id='block_1_54' title="bbox 2159 2213 3842 2288">
    <p class='ocr_par' dir='ltr' id='par_1_54' title="bbox 2159 2213 3842 2288">
     <span class='ocr_line' id='line_1_54' title="bbox 2159 2213 3842 2288; baseline 0.004 -23"><span class='ocrx_word' id='word_1_394' title='bbox 2159 2213 2329 2268; x_wconf 89' lang='lat' dir='ltr'><strong><em>rioris</em></strong></span> <span class='ocrx_word' id='word_1_395' title='bbox 2359 2214 2732 2283; x_wconf 86' lang='lat' dir='ltr'><strong><em>existiment;</em></strong></span> <span class='ocrx_word' id='word_1_396' title='bbox 2761 2217 2866 2286; x_wconf 88' lang='lat' dir='ltr'><strong><em>ipsi</em></strong></span> <span class='ocrx_word' id='word_1_397' title='bbox 2904 2216 3015 2271; x_wconf 82' lang='lat' dir='ltr'><strong><em>sibi</em></strong></span> <span class='ocrx_word' id='word_1_398' title='bbox 3039 2234 3145 2270; x_wconf 85' lang='lat' dir='ltr'><strong><em>sua</em></strong></span> <span class='ocrx_word' id='word_1_399' title='bbox 3166 2216 3530 2287; x_wconf 78' lang='lat' dir='ltr'><strong><em>professione</em></strong></span> <span class='ocrx_word' id='word_1_400' title='bbox 3559 2217 3676 2288; x_wconf 90' lang='lat' dir='ltr'><strong><em>(al.</em></strong></span> <span class='ocrx_word' id='word_1_401' title='bbox 3702 2233 3842 2272; x_wconf 79' lang='lat' dir='ltr'><strong><em>con-</em></strong></span> 
     </span>
    </p>
   </div>
   <div class='ocr_carea' id='block_1_55' title="bbox 2162 2302 3837 2376">
    <p class='ocr_par' dir='ltr' id='par_1_55' title="bbox 2162 2302 3837 2376">
     <span class='ocr_line' id='line_1_55' title="bbox 2162 2302 3837 2376; baseline 0.004 -21"><span class='ocrx_word' id='word_1_402' title='bbox 2162 2302 2436 2375; x_wconf 73' lang='lat' dir='ltr'><strong><em>fessione)</em></strong></span> <span class='ocrx_word' id='word_1_403' title='bbox 2468 2305 2765 2374; x_wconf 83' lang='lat' dir='ltr'><strong><em>contrarii,</em></strong></span> <span class='ocrx_word' id='word_1_404' title='bbox 2818 2306 2914 2375; x_wconf 89' lang='lat' dir='ltr'><strong><em>qui</em></strong></span> <span class='ocrx_word' id='word_1_405' title='bbox 2953 2323 3014 2359; x_wconf 76' lang='lat' dir='ltr'><strong><em>su</em></strong></span> <span class='ocrx_word' id='word_1_406' title='bbox 3063 2306 3148 2360; x_wconf 86' lang='lat' dir='ltr'><strong><em>vel</em></strong></span> <span class='ocrx_word' id='word_1_407' title='bbox 3194 2307 3253 2360; x_wconf 88' lang='lat' dir='ltr'><strong><em>iu</em></strong></span> <span class='ocrx_word' id='word_1_408' title='bbox 3284 2305 3382 2359; x_wconf 91' lang='lat' dir='ltr'><strong><em>illo</em></strong></span> <span class='ocrx_word' id='word_1_409' title='bbox 3417 2306 3519 2376; x_wconf 90' lang='lat' dir='ltr'><strong><em>qui</em></strong></span> <span class='ocrx_word' id='word_1_410' title='bbox 3571 2307 3837 2361; x_wconf 87' lang='lat' dir='ltr'><strong><em>omnino</em></strong></span> 
     </span>
    </p>
   </div>
   <div class='ocr_carea' id='block_1_56' title="bbox 2167 2393 3838 2464">
    <p class='ocr_par' dir='ltr' id='par_1_56' title="bbox 2167 2393 3838 2464">
     <span class='ocr_line' id='line_1_56' title="bbox 2167 2393 3838 2464; baseline 0.004 -21"><span class='ocrx_word' id='word_1_411' title='bbox 2167 2408 2276 2446; x_wconf 91' lang='lat' dir='ltr'><strong><em>non</em></strong></span> <span class='ocrx_word' id='word_1_412' title='bbox 2311 2395 2417 2458; x_wconf 89' lang='lat' dir='ltr'><strong><em>est,</em></strong></span> <span class='ocrx_word' id='word_1_413' title='bbox 2452 2395 2536 2448; x_wconf 89' lang='lat' dir='ltr'><strong><em>vel</em></strong></span> <span class='ocrx_word' id='word_1_414' title='bbox 2581 2393 2637 2448; x_wconf 90' lang='lat' dir='ltr'><strong><em>in</em></strong></span> <span class='ocrx_word' id='word_1_415' title='bbox 2671 2409 2736 2448; x_wconf 89' lang='lat' dir='ltr'><strong><em>eo</em></strong></span> <span class='ocrx_word' id='word_1_416' title='bbox 2767 2395 2868 2464; x_wconf 81' lang='lat' dir='ltr'><strong><em>qui</em></strong></span> <span class='ocrx_word' id='word_1_417' title='bbox 2902 2395 3055 2449; x_wconf 86' lang='lat' dir='ltr'><strong><em>Deus</em></strong></span> <span class='ocrx_word' id='word_1_418' title='bbox 3083 2411 3194 2448; x_wconf 92' lang='lat' dir='ltr'><strong><em>non</em></strong></span> <span class='ocrx_word' id='word_1_419' title='bbox 3225 2401 3333 2463; x_wconf 86' lang='lat' dir='ltr'><strong><em>est,</em></strong></span> <span class='ocrx_word' id='word_1_420' title='bbox 3367 2395 3613 2449; x_wconf 84' lang='lat' dir='ltr'><strong><em>credere</em></strong></span> <span class='ocrx_word' id='word_1_421' title='bbox 3653 2396 3838 2452; x_wconf 82' lang='lat' dir='ltr'><strong><em>conﬁ-</em></strong></span> 
     </span>
    </p>
   </div>
   <div class='ocr_carea' id='block_1_57' title="bbox 2167 2485 2386 2538">
    <p class='ocr_par' dir='ltr' id='par_1_57' title="bbox 2167 2485 2386 2538">
     <span class='ocr_line' id='line_1_57' title="bbox 2167 2485 2386 2538; baseline 0.014 -4"><span class='ocrx_word' id='word_1_422' title='bbox 2167 2485 2386 2538; x_wconf 78' lang='lat' dir='ltr'><strong><em>tentur.</em></strong></span> 
     </span>
    </p>
   </div>
   <div class='ocr_carea' id='block_1_58' title="bbox 2164 2599 3839 2663">
    <p class='ocr_par' dir='ltr' id='par_1_58' title="bbox 2164 2599 3839 2663">
     <span class='ocr_line' id='line_1_58' title="bbox 2164 2599 3839 2663; baseline 0.002 -16"><span class='ocrx_word' id='word_1_423' title='bbox 2164 2599 2328 2647; x_wconf 78' lang='lat' dir='ltr'><strong><em>CAPUT</em></strong></span> <span class='ocrx_word' id='word_1_424' title='bbox 2347 2611 2503 2646; x_wconf 81' lang='lat' dir='ltr'><strong><em>xxxv.</em></strong></span> <span class='ocrx_word' id='word_1_425' title='bbox 2531 2599 2646 2648; x_wconf 77' lang='lat' dir='ltr'><strong><em>Tres</em></strong></span> <span class='ocrx_word' id='word_1_426' title='bbox 2718 2614 2945 2662; x_wconf 71' lang='lat' dir='ltr'><strong><em>personae</em></strong></span> <span class='ocrx_word' id='word_1_427' title='bbox 3003 2600 3208 2663; x_wconf 85' lang='lat' dir='ltr'><strong><em>pariter</em></strong></span> <span class='ocrx_word' id='word_1_428' title='bbox 3273 2599 3562 2661; x_wconf 75' lang='lat' dir='ltr'><strong><em>viviﬁcant.</em></strong></span> <span class='ocrx_word' id='word_1_429' title='bbox 3620 2602 3839 2650; x_wconf 82' lang='lat' dir='ltr'><strong><em>Pariter</em></strong></span> 
     </span>
    </p>
   </div>
   <div class='ocr_carea' id='block_1_59' title="bbox 2227 2671 3839 2733">
    <p class='ocr_par' dir='ltr' id='par_1_59' title="bbox 2227 2671 3839 2733">
     <span class='ocr_line' id='line_1_59' title="bbox 2227 2671 3839 2733; baseline 0.003 -16"><span class='ocrx_word' id='word_1_430' title='bbox 2227 2671 2384 2718; x_wconf 82' lang='lat' dir='ltr'><strong><em>etiam</em></strong></span> <span class='ocrx_word' id='word_1_431' title='bbox 2417 2677 2744 2733; x_wconf 86' lang='lat' dir='ltr'><strong><em>regenerant.</em></strong></span> <span class='ocrx_word' id='word_1_432' title='bbox 2781 2672 2890 2720; x_wconf 90' lang='lat' dir='ltr'><strong><em>Una</em></strong></span> <span class='ocrx_word' id='word_1_433' title='bbox 2925 2675 3115 2720; x_wconf 79' lang='lat' dir='ltr'><strong><em>caritas</em></strong></span> <span class='ocrx_word' id='word_1_434' title='bbox 3145 2673 3306 2720; x_wconf 88' lang='lat' dir='ltr'><strong><em>trium</em></strong></span> <span class='ocrx_word' id='word_1_435' title='bbox 3338 2673 3394 2720; x_wconf 82' lang='lat' dir='ltr'><strong><em>in</em></strong></span> <span class='ocrx_word' id='word_1_436' title='bbox 3437 2672 3609 2722; x_wconf 76' lang='lat' dir='ltr'><strong><em>nobis.</em></strong></span> <span class='ocrx_word' id='word_1_437' title='bbox 3672 2675 3839 2722; x_wconf 78' lang='lat' dir='ltr'><strong><em>Habi-</em></strong></span> 
     </span>
    </p>
   </div>
   <div class='ocr_carea' id='block_1_60' title="bbox 2231 2742 3838 2804">
    <p class='ocr_par' dir='ltr' id='par_1_60' title="bbox 2231 2742 3838 2804">
     <span class='ocr_line' id='line_1_60' title="bbox 2231 2742 3838 2804; baseline 0.002 -15"><span class='ocrx_word' id='word_1_438' title='bbox 2231 2745 2345 2789; x_wconf 84' lang='lat' dir='ltr'><strong><em>tant</em></strong></span> <span class='ocrx_word' id='word_1_439' title='bbox 2379 2743 2436 2790; x_wconf 83' lang='lat' dir='ltr'><strong><em>in</em></strong></span> <span class='ocrx_word' id='word_1_440' title='bbox 2468 2742 2628 2790; x_wconf 70' lang='lat' dir='ltr'><strong><em>nobis.</em></strong></span> <span class='ocrx_word' id='word_1_441' title='bbox 2665 2744 2799 2791; x_wconf 90' lang='lat' dir='ltr'><strong><em>Dant</em></strong></span> <span class='ocrx_word' id='word_1_442' title='bbox 2838 2742 3086 2804; x_wconf 80' lang='lat' dir='ltr'><strong><em>gratiam.</em></strong></span> <span class='ocrx_word' id='word_1_443' title='bbox 3141 2743 3396 2804; x_wconf 86' lang='lat' dir='ltr'><strong><em>Templum</em></strong></span> <span class='ocrx_word' id='word_1_444' title='bbox 3431 2758 3617 2792; x_wconf 83' lang='lat' dir='ltr'><strong><em>sumus</em></strong></span> <span class='ocrx_word' id='word_1_445' title='bbox 3670 2746 3838 2794; x_wconf 79' lang='lat' dir='ltr'><strong><em>totius</em></strong></span> 
     </span>
    </p>
   </div>
   <div class='ocr_carea' id='block_1_61' title="bbox 2232 2813 3835 2878">
    <p class='ocr_par' dir='ltr' id='par_1_61' title="bbox 2232 2813 3835 2878">
     <span class='ocr_line' id='line_1_61' title="bbox 2232 2813 3835 2878; baseline 0.002 -18"><span class='ocrx_word' id='word_1_446' title='bbox 2232 2813 2517 2861; x_wconf 79' lang='lat' dir='ltr'><strong><em>Trinitatis.</em></strong></span> <span class='ocrx_word' id='word_1_447' title='bbox 2554 2814 2866 2875; x_wconf 81' lang='lat' dir='ltr'><strong><em>Repetuntur</em></strong></span> <span class='ocrx_word' id='word_1_448' title='bbox 2900 2816 3202 2863; x_wconf 81' lang='lat' dir='ltr'><strong><em>summatim</em></strong></span> <span class='ocrx_word' id='word_1_449' title='bbox 3247 2829 3358 2878; x_wconf 69' lang='lat' dir='ltr'><strong><em>quae</em></strong></span> <span class='ocrx_word' id='word_1_450' title='bbox 3395 2815 3544 2864; x_wconf 87' lang='lat' dir='ltr'><strong><em>dicta</em></strong></span> <span class='ocrx_word' id='word_1_451' title='bbox 3586 2822 3722 2866; x_wconf 79' lang='lat' dir='ltr'><strong><em>sunt</em></strong></span> <span class='ocrx_word' id='word_1_452' title='bbox 3770 2816 3835 2864; x_wconf 86' lang='lat' dir='ltr'><strong><em>de</em></strong></span> 
     </span>
    </p>
   </div>
   <div class='ocr_carea' id='block_1_62' title="bbox 2229 2884 3278 2946">
    <p class='ocr_par' dir='ltr' id='par_1_62' title="bbox 2229 2884 3278 2946">
     <span class='ocr_line' id='line_1_62' title="bbox 2229 2884 3278 2946; baseline 0.001 -13"><span class='ocrx_word' id='word_1_453' title='bbox 2229 2884 2433 2946; x_wconf 83' lang='lat' dir='ltr'><strong><em>Spiritu</em></strong></span> <span class='ocrx_word' id='word_1_454' title='bbox 2461 2889 2656 2934; x_wconf 88' lang='lat' dir='ltr'><strong><em>sancto.</em></strong></span> <span class='ocrx_word' id='word_1_455' title='bbox 2689 2887 2826 2934; x_wconf 88' lang='lat' dir='ltr'><strong><em>Deus</em></strong></span> <span class='ocrx_word' id='word_1_456' title='bbox 2857 2900 2986 2934; x_wconf 84' lang='lat' dir='ltr'><strong><em>unus</em></strong></span> <span class='ocrx_word' id='word_1_457' title='bbox 3014 2895 3062 2934; x_wconf 89' lang='lat' dir='ltr'><strong><em>et</em></strong></span> <span class='ocrx_word' id='word_1_458' title='bbox 3094 2887 3278 2935; x_wconf 79' lang='lat' dir='ltr'><strong><em>trinas.</em></strong></span> 
     </span>
    </p>
   </div>
   <div class='ocr_carea' id='block_1_63' title="bbox 2239 2983 3830 3056">
    <p class='ocr_par' dir='ltr' id='par_1_63' title="bbox 2239 2983 3830 3056">
     <span class='ocr_line' id='line_1_63' title="bbox 2239 2983 3830 3056; baseline 0.001 -18"><span class='ocrx_word' id='word_1_459' title='bbox 2239 2983 2473 3038; x_wconf 88' lang='lat' dir='ltr'><strong><em>Utenim</em></strong></span> <span class='ocrx_word' id='word_1_460' title='bbox 2494 3001 2676 3053; x_wconf 86' lang='lat' dir='ltr'><strong><em>pauca</em></strong></span> <span class='ocrx_word' id='word_1_461' title='bbox 2697 2985 2870 3054; x_wconf 84' lang='lat' dir='ltr'><strong><em>hujus</em></strong></span> <span class='ocrx_word' id='word_1_462' title='bbox 2885 2985 3078 3056; x_wconf 89' lang='lat' dir='ltr'><strong><em>operis</em></strong></span> <span class='ocrx_word' id='word_1_463' title='bbox 3101 3001 3279 3039; x_wconf 87' lang='lat' dir='ltr'><strong><em>causa</em></strong></span> <span class='ocrx_word' id='word_1_464' title='bbox 3298 2985 3642 3054; x_wconf 84' lang='lat' dir='ltr'><strong><em>subjiciam,</em></strong></span> <span class='ocrx_word' id='word_1_465' title='bbox 3672 2985 3830 3041; x_wconf 87' lang='lat' dir='ltr'><strong><em>dica-</em></strong></span> 
     </span>
    </p>
   </div>
   <div class='ocr_carea' id='block_1_64' title="bbox 2169 3073 3832 3144">
    <p class='ocr_par' dir='ltr' id='par_1_64' title="bbox 2169 3073 3832 3144">
     <span class='ocr_line' id='line_1_64' title="bbox 2169 3073 3832 3144; baseline 0.001 -17"><span class='ocrx_word' id='word_1_466' title='bbox 2169 3080 2264 3128; x_wconf 87' lang='lat' dir='ltr'><strong><em>tur</em></strong></span> <span class='ocrx_word' id='word_1_467' title='bbox 2295 3073 2433 3144; x_wconf 89' lang='lat' dir='ltr'><strong><em>quid</em></strong></span> <span class='ocrx_word' id='word_1_468' title='bbox 2463 3073 2659 3127; x_wconf 89' lang='lat' dir='ltr'><strong><em>minus</em></strong></span> <span class='ocrx_word' id='word_1_469' title='bbox 2693 3073 2869 3127; x_wconf 81' lang='lat' dir='ltr'><strong><em>habet</em></strong></span> <span class='ocrx_word' id='word_1_470' title='bbox 2900 3073 3152 3144; x_wconf 88' lang='lat' dir='ltr'><strong><em>Spiritus</em></strong></span> <span class='ocrx_word' id='word_1_471' title='bbox 3173 3081 3414 3128; x_wconf 88' lang='lat' dir='ltr'><strong><em>sanctus</em></strong></span> <span class='ocrx_word' id='word_1_472' title='bbox 3437 3090 3622 3144; x_wconf 77' lang='lat' dir='ltr'><strong><em>quam</em></strong></span> <span class='ocrx_word' id='word_1_473' title='bbox 3653 3073 3832 3129; x_wconf 80' lang='lat' dir='ltr'><strong><em>habet</em></strong></span> 
     </span>
    </p>
   </div>
   <div class='ocr_carea' id='block_1_65' title="bbox 2167 3161 3825 3232">
    <p class='ocr_par' dir='ltr' id='par_1_65' title="bbox 2167 3161 3825 3232">
     <span class='ocr_line' id='line_1_65' title="bbox 2167 3161 3825 3232; baseline 0.001 -16"><span class='ocrx_word' id='word_1_474' title='bbox 2167 3163 2336 3216; x_wconf 89' lang='lat' dir='ltr'><strong><em>Pater</em></strong></span> <span class='ocrx_word' id='word_1_475' title='bbox 2356 3161 2625 3225; x_wconf 64' lang='lat' dir='ltr'><strong><em>etli&#39;ilius,</em></strong></span> <span class='ocrx_word' id='word_1_476' title='bbox 2651 3161 2747 3232; x_wconf 91' lang='lat' dir='ltr'><strong><em>qui</em></strong></span> <span class='ocrx_word' id='word_1_477' title='bbox 2774 3168 2830 3215; x_wconf 87' lang='lat' dir='ltr'><strong><em>et</em></strong></span> <span class='ocrx_word' id='word_1_478' title='bbox 2853 3162 3086 3216; x_wconf 88' lang='lat' dir='ltr'><strong><em>initium</em></strong></span> <span class='ocrx_word' id='word_1_479' title='bbox 3113 3161 3422 3216; x_wconf 87' lang='lat' dir='ltr'><strong><em>creationis</em></strong></span> <span class='ocrx_word' id='word_1_480' title='bbox 3447 3168 3674 3217; x_wconf 69' lang='lat' dir='ltr'><strong><em>nostrm</em></strong></span> <span class='ocrx_word' id='word_1_481' title='bbox 3693 3179 3825 3218; x_wconf 89' lang='lat' dir='ltr'><strong><em>cum</em></strong></span> 
     </span>
    </p>
   </div>
   <div class='ocr_carea' id='block_1_66' title="bbox 405 3243 3830 3339">
    <p class='ocr_par' dir='ltr' id='par_1_66' title="bbox 405 3243 3830 3339">
     <span class='ocr_line' id='line_1_66' title="bbox 405 3243 3830 3339; baseline -0.001 -12"><span class='ocrx_word' id='word_1_482' title='bbox 405 3277 461 3328; x_wconf 87' lang='lat' dir='ltr'><strong><em>et</em></strong></span> <span class='ocrx_word' id='word_1_483' title='bbox 479 3276 774 3336; x_wconf 87' lang='lat' dir='ltr'><strong><em>mortuos;</em></strong></span> <span class='ocrx_word' id='word_1_484' title='bbox 809 3271 1194 3322; x_wconf 89' lang='lat' dir='ltr'><strong><em>coronaturus</em></strong></span> <span class='ocrx_word' id='word_1_485' title='bbox 1221 3267 1420 3323; x_wconf 83' lang='lat' dir='ltr'><strong><em>ﬁdeles</em></strong></span> <span class='ocrx_word' id='word_1_486' title='bbox 1440 3243 1497 3324; x_wconf 73' lang='lat' dir='ltr'><strong><em>et</em></strong></span> <span class='ocrx_word' id='word_1_487' title='bbox 1514 3268 1662 3339; x_wconf 89' lang='lat' dir='ltr'><strong><em>pios,</em></strong></span> <span class='ocrx_word' id='word_1_488' title='bbox 1684 3267 1812 3322; x_wconf 88' lang='lat' dir='ltr'><strong><em>illos</em></strong></span> <span class='ocrx_word' id='word_1_489' title='bbox 1831 3267 2050 3324; x_wconf 89' lang='lat' dir='ltr'><strong><em>scilicet</em></strong></span> <span class='ocrx_word' id='word_1_490' title='bbox 2081 3243 2123 3308; x_wconf 79' lang='lat' dir='ltr'><strong><em>C</em></strong></span> <span class='ocrx_word' id='word_1_491' title='bbox 2162 3249 2328 3304; x_wconf 65' lang='grc' dir='ltr'>Ρηῖτδ</span> <span class='ocrx_word' id='word_1_492' title='bbox 2360 3266 2425 3304; x_wconf 57' lang='lat' dir='ltr'><strong><em>ac</em></strong></span> <span class='ocrx_word' id='word_1_493' title='bbox 2459 3250 2599 3304; x_wconf 65' lang='lat' dir='ltr'><strong><em>Filio</em></strong></span> <span class='ocrx_word' id='word_1_494' title='bbox 2630 3249 2803 3339; x_wconf 63' lang='grc' dir='ltr'>εἱωμι</span> <span class='ocrx_word' id='word_1_495' title='bbox 2833 3250 2988 3339; x_wconf 52' lang='lat' dir='ltr'><strong><em>“Fit,</em></strong></span> <span class='ocrx_word' id='word_1_496' title='bbox 3013 3255 3070 3339; x_wconf 65' lang='grc' dir='ltr'><strong><em>βῖ</em></strong></span> <span class='ocrx_word' id='word_1_497' title='bbox 3095 3250 3363 3306; x_wconf 52' lang='lat' dir='ltr'><strong><em>“remum</em></strong></span> <span class='ocrx_word' id='word_1_498' title='bbox 3391 3251 3830 3323; x_wconf 58' lang='lat' dir='ltr'><strong><em>redemptionis</em></strong></span> 
     </span>
    </p>
   </div>
   <div class='ocr_carea' id='block_1_67' title="bbox 404 3359 2047 3436">
    <p class='ocr_par' dir='ltr' id='par_1_67' title="bbox 404 3359 2047 3436">
     <span class='ocr_line' id='line_1_67' title="bbox 404 3359 2047 3436; baseline -0.002 -20"><span class='ocrx_word' id='word_1_499' title='bbox 404 3363 502 3434; x_wconf 91' lang='lat' dir='ltr'><strong><em>qui</em></strong></span> <span class='ocrx_word' id='word_1_500' title='bbox 520 3378 653 3416; x_wconf 89' lang='lat' dir='ltr'><strong><em>eum</em></strong></span> <span class='ocrx_word' id='word_1_501' title='bbox 669 3361 726 3414; x_wconf 90' lang='lat' dir='ltr'><strong><em>in</em></strong></span> <span class='ocrx_word' id='word_1_502' title='bbox 744 3365 1086 3436; x_wconf 44' lang='lat' dir='ltr'><strong><em>utraquegid</em></strong></span> <span class='ocrx_word' id='word_1_503' title='bbox 1114 3367 1203 3420; x_wconf 87' lang='lat' dir='ltr'><strong><em>est</em></strong></span> <span class='ocrx_word' id='word_1_504' title='bbox 1228 3362 1283 3415; x_wconf 90' lang='lat' dir='ltr'><strong><em>in</em></strong></span> <span class='ocrx_word' id='word_1_505' title='bbox 1305 3359 1500 3415; x_wconf 88' lang='lat' dir='ltr'><strong><em>divina</em></strong></span> <span class='ocrx_word' id='word_1_506' title='bbox 1520 3361 1890 3430; x_wconf 84' lang='lat' dir='ltr'><strong><em>humanaque</em></strong></span> <span class='ocrx_word' id='word_1_507' title='bbox 1911 3359 2047 3412; x_wconf 90' lang='lat' dir='ltr'><strong><em>sub-</em></strong></span> 
     </span>
    </p>
   </div>
   <div class='ocr_carea' id='block_1_68' title="bbox 403 3449 2044 3523">
    <p class='ocr_par' dir='ltr' id='par_1_68' title="bbox 403 3449 2044 3523">
     <span class='ocr_line' id='line_1_68' title="bbox 403 3449 2044 3523; baseline -0.003 -18"><span class='ocrx_word' id='word_1_508' title='bbox 403 3453 638 3520; x_wconf 86' lang='lat' dir='ltr'><strong><em>stantia,</em></strong></span> <span class='ocrx_word' id='word_1_509' title='bbox 659 3468 883 3521; x_wconf 90' lang='lat' dir='ltr'><strong><em>verum,</em></strong></span> <span class='ocrx_word' id='word_1_510' title='bbox 909 3452 1220 3523; x_wconf 90' lang='lat' dir='ltr'><strong><em>plenumet</em></strong></span> <span class='ocrx_word' id='word_1_511' title='bbox 1243 3450 1563 3522; x_wconf 82' lang='lat' dir='ltr'><strong><em>perfectum</em></strong></span> <span class='ocrx_word' id='word_1_512' title='bbox 1588 3449 1914 3514; x_wconf 88' lang='lat' dir='ltr'><strong><em>credentes,</em></strong></span> <span class='ocrx_word' id='word_1_513' title='bbox 1942 3463 2044 3500; x_wconf 89' lang='lat' dir='ltr'><strong><em>nec</em></strong></span> 
     </span>
    </p>
   </div>
   <div class='ocr_carea' id='block_1_69' title="bbox 404 3539 2048 3615">
    <p class='ocr_par' dir='ltr' id='par_1_69' title="bbox 404 3539 2048 3615">
     <span class='ocr_line' id='line_1_69' title="bbox 404 3539 2048 3615; baseline -0.001 -22"><span class='ocrx_word' id='word_1_514' title='bbox 404 3541 497 3594; x_wconf 90' lang='lat' dir='ltr'><strong><em>Dei</em></strong></span> <span class='ocrx_word' id='word_1_515' title='bbox 515 3541 658 3596; x_wconf 91' lang='lat' dir='ltr'><strong><em>Filio</em></strong></span> <span class='ocrx_word' id='word_1_516' title='bbox 673 3541 895 3612; x_wconf 90' lang='lat' dir='ltr'><strong><em>aliquid</em></strong></span> <span class='ocrx_word' id='word_1_517' title='bbox 916 3552 1167 3615; x_wconf 69' lang='lat' dir='ltr'><strong><em>paternae</em></strong></span> <span class='ocrx_word' id='word_1_518' title='bbox 1193 3541 1539 3598; x_wconf 74' lang='lat' dir='ltr'><strong><em>substantias</em></strong></span> <span class='ocrx_word' id='word_1_519' title='bbox 1566 3539 1863 3602; x_wconf 90' lang='lat' dir='ltr'><strong><em>minuunt,</em></strong></span> <span class='ocrx_word' id='word_1_520' title='bbox 1889 3543 1946 3590; x_wconf 87' lang='lat' dir='ltr'><strong><em>et</em></strong></span> <span class='ocrx_word' id='word_1_521' title='bbox 1966 3541 2048 3592; x_wconf 90' lang='lat' dir='ltr'><strong><em>to-</em></strong></span> 
     </span>
    </p>
   </div>
   <div class='ocr_carea' id='block_1_70' title="bbox 401 3631 2041 3702">
    <p class='ocr_par' dir='ltr' id='par_1_70' title="bbox 401 3631 2041 3702">
     <span class='ocr_line' id='line_1_70' title="bbox 401 3631 2041 3702; baseline -0.002 -21"><span class='ocrx_word' id='word_1_522' title='bbox 401 3637 522 3683; x_wconf 90' lang='lat' dir='ltr'><strong><em>tum</em></strong></span> <span class='ocrx_word' id='word_1_523' title='bbox 539 3647 638 3698; x_wconf 90' lang='lat' dir='ltr'><strong><em>pro</em></strong></span> <span class='ocrx_word' id='word_1_524' title='bbox 655 3647 716 3685; x_wconf 90' lang='lat' dir='ltr'><strong><em>se</em></strong></span> <span class='ocrx_word' id='word_1_525' title='bbox 731 3637 1070 3702; x_wconf 88' lang='lat' dir='ltr'><strong><em>susceptum</em></strong></span> <span class='ocrx_word' id='word_1_526' title='bbox 1089 3632 1392 3686; x_wconf 87' lang='lat' dir='ltr'><strong><em>hominem</em></strong></span> <span class='ocrx_word' id='word_1_527' title='bbox 1411 3631 1537 3684; x_wconf 89' lang='lat' dir='ltr'><strong><em>sine</em></strong></span> <span class='ocrx_word' id='word_1_528' title='bbox 1552 3633 1784 3698; x_wconf 87' lang='lat' dir='ltr'><strong><em>peccato</em></strong></span> <span class='ocrx_word' id='word_1_529' title='bbox 1798 3641 2041 3695; x_wconf 85' lang='lat' dir='ltr'><strong><em>cognos-</em></strong></span> 
     </span>
    </p>
   </div>
   <div class='ocr_carea' id='block_1_71' title="bbox 397 3715 2042 3786">
    <p class='ocr_par' dir='ltr' id='par_1_71' title="bbox 397 3715 2042 3786">
     <span class='ocr_line' id='line_1_71' title="bbox 397 3715 2042 3786; baseline -0.001 -17"><span class='ocrx_word' id='word_1_530' title='bbox 397 3721 557 3770; x_wconf 90' lang='lat' dir='ltr'><strong><em>cunt.</em></strong></span> <span class='ocrx_word' id='word_1_531' title='bbox 580 3719 1087 3775; x_wconf 87' lang='lat' dir='ltr'><strong><em>Condemnaturus</em></strong></span> <span class='ocrx_word' id='word_1_532' title='bbox 1113 3723 1308 3774; x_wconf 87' lang='lat' dir='ltr'><strong><em>autem</em></strong></span> <span class='ocrx_word' id='word_1_533' title='bbox 1339 3715 1621 3781; x_wconf 78' lang='lat' dir='ltr'><strong><em>infideles,</em></strong></span> <span class='ocrx_word' id='word_1_534' title='bbox 1655 3715 1753 3786; x_wconf 92' lang='lat' dir='ltr'><strong><em>qui</em></strong></span> <span class='ocrx_word' id='word_1_535' title='bbox 1784 3715 2042 3768; x_wconf 82' lang='lat' dir='ltr'><strong><em>diversos</em></strong></span> 
     </span>
    </p>
   </div>
   <div class='ocr_carea' id='block_1_72' title="bbox 397 3802 2042 3876">
    <p class='ocr_par' dir='ltr' id='par_1_72' title="bbox 397 3802 2042 3876">
     <span class='ocr_line' id='line_1_72' title="bbox 397 3802 2042 3876; baseline 0.001 -19"><span class='ocrx_word' id='word_1_536' title='bbox 397 3805 713 3873; x_wconf 87' lang='lat' dir='ltr'><strong><em>cujuslibet</em></strong></span> <span class='ocrx_word' id='word_1_537' title='bbox 729 3808 979 3876; x_wconf 74' lang='lat' dir='ltr'><strong><em>perﬁdiae</em></strong></span> <span class='ocrx_word' id='word_1_538' title='bbox 999 3803 1850 3874; x_wconf 77' lang='lat' dir='ltr'><strong><em>sectanturerrores,quippein</em></strong></span> <span class='ocrx_word' id='word_1_539' title='bbox 1867 3802 2042 3858; x_wconf 88' lang='lat' dir='ltr'><strong><em>eisita</em></strong></span> 
     </span>
    </p>
   </div>
   <div class='ocr_carea' id='block_1_73' title="bbox 397 3891 2039 3965">
    <p class='ocr_par' dir='ltr' id='par_1_73' title="bbox 397 3891 2039 3965">
     <span class='ocr_line' id='line_1_73' title="bbox 397 3891 2039 3965; baseline 0 -19"><span class='ocrx_word' id='word_1_540' title='bbox 397 3891 572 3946; x_wconf 86' lang='lat' dir='ltr'><strong><em>simul</em></strong></span> <span class='ocrx_word' id='word_1_541' title='bbox 591 3894 879 3949; x_wconf 89' lang='lat' dir='ltr'><strong><em>obdurato</em></strong></span> <span class='ocrx_word' id='word_1_542' title='bbox 895 3897 1068 3950; x_wconf 86' lang='lat' dir='ltr'><strong><em>corde</em></strong></span> <span class='ocrx_word' id='word_1_543' title='bbox 1085 3895 1422 3965; x_wconf 85' lang='lat' dir='ltr'><strong><em>perdurant,</em></strong></span> <span class='ocrx_word' id='word_1_544' title='bbox 1441 3898 1615 3947; x_wconf 88' lang='lat' dir='ltr'><strong><em>uteos</em></strong></span> <span class='ocrx_word' id='word_1_545' title='bbox 1629 3908 1813 3962; x_wconf 89' lang='lat' dir='ltr'><strong><em>usque</em></strong></span> <span class='ocrx_word' id='word_1_546' title='bbox 1827 3893 1890 3945; x_wconf 79' lang='lat' dir='ltr'><strong><em>ad</em></strong></span> <span class='ocrx_word' id='word_1_547' title='bbox 1909 3891 2039 3946; x_wconf 68' lang='lat' dir='ltr'><strong><em>vita:</em></strong></span> 
     </span>
    </p>
   </div>
   <div class='ocr_carea' id='block_1_74' title="bbox 397 3981 2037 4054">
    <p class='ocr_par' dir='ltr' id='par_1_74' title="bbox 397 3981 2037 4054">
     <span class='ocr_line' id='line_1_74' title="bbox 397 3981 2037 4054; baseline 0 -20"><span class='ocrx_word' id='word_1_548' title='bbox 397 3984 699 4053; x_wconf 67' lang='lat' dir='ltr'><strong><em>praesentis</em></strong></span> <span class='ocrx_word' id='word_1_549' title='bbox 715 3984 941 4039; x_wconf 88' lang='lat' dir='ltr'><strong><em>obitum</em></strong></span> <span class='ocrx_word' id='word_1_550' title='bbox 963 4001 1075 4039; x_wconf 88' lang='lat' dir='ltr'><strong><em>non</em></strong></span> <span class='ocrx_word' id='word_1_551' title='bbox 1102 3982 1466 4054; x_wconf 83' lang='lat' dir='ltr'><strong><em>relinquant:</em></strong></span> <span class='ocrx_word' id='word_1_552' title='bbox 1490 3981 1548 4035; x_wconf 92' lang='lat' dir='ltr'><strong><em>in</em></strong></span> <span class='ocrx_word' id='word_1_553' title='bbox 1574 3983 1788 4052; x_wconf 89' lang='lat' dir='ltr'><strong><em>quibus</em></strong></span> <span class='ocrx_word' id='word_1_554' title='bbox 1803 3981 2037 4035; x_wconf 87' lang='lat' dir='ltr'><strong><em>suntilli</em></strong></span> 
     </span>
    </p>
   </div>
   <div class='ocr_carea' id='block_1_75' title="bbox 396 4071 2042 4143">
    <p class='ocr_par' dir='ltr' id='par_1_75' title="bbox 396 4071 2042 4143">
     <span class='ocr_line' id='line_1_75' title="bbox 396 4071 2042 4143; baseline -0.001 -16"><span class='ocrx_word' id='word_1_555' title='bbox 396 4075 493 4143; x_wconf 87' lang='lat' dir='ltr'><strong><em>qui</em></strong></span> <span class='ocrx_word' id='word_1_556' title='bbox 511 4075 568 4127; x_wconf 89' lang='lat' dir='ltr'><strong><em>in</em></strong></span> <span class='ocrx_word' id='word_1_557' title='bbox 583 4073 812 4130; x_wconf 90' lang='lat' dir='ltr'><strong><em>Christo</em></strong></span> <span class='ocrx_word' id='word_1_558' title='bbox 831 4074 1194 4140; x_wconf 85' lang='lat' dir='ltr'><strong><em>phantasiam</em></strong></span> <span class='ocrx_word' id='word_1_559' title='bbox 1211 4073 1404 4128; x_wconf 87' lang='lat' dir='ltr'><strong><em>carnis</em></strong></span> <span class='ocrx_word' id='word_1_560' title='bbox 1418 4071 1896 4136; x_wconf 78' lang='lat' dir='ltr'><strong><em>audentcredere,</em></strong></span> <span class='ocrx_word' id='word_1_561' title='bbox 1915 4087 2042 4126; x_wconf 92' lang='lat' dir='ltr'><strong><em>cum</em></strong></span> 
     </span>
    </p>
   </div>
   <div class='ocr_carea' id='block_1_76' title="bbox 393 4159 2035 4234">
    <p class='ocr_par' dir='ltr' id='par_1_76' title="bbox 393 4159 2035 4234">
     <span class='ocr_line' id='line_1_76' title="bbox 393 4159 2035 4234; baseline -0.001 -16"><span class='ocrx_word' id='word_1_562' title='bbox 393 4181 526 4218; x_wconf 78' lang='lat' dir='ltr'><strong><em>eum</em></strong></span> <span class='ocrx_word' id='word_1_563' title='bbox 545 4165 852 4220; x_wconf 84' lang='lat' dir='ltr'><strong><em>veritatem</em></strong></span> <span class='ocrx_word' id='word_1_564' title='bbox 878 4167 1068 4220; x_wconf 87' lang='lat' dir='ltr'><strong><em>carnis</em></strong></span> <span class='ocrx_word' id='word_1_565' title='bbox 1087 4165 1380 4234; x_wconf 81' lang='lat' dir='ltr'><strong><em>denegant</em></strong></span> <span class='ocrx_word' id='word_1_566' title='bbox 1401 4161 1694 4232; x_wconf 85' lang='lat' dir='ltr'><strong><em>accepisse</em></strong></span> <span class='ocrx_word' id='word_1_567' title='bbox 1717 4177 1730 4214; x_wconf 90' lang='lat'><strong>:</strong></span> <span class='ocrx_word' id='word_1_568' title='bbox 1757 4159 1839 4213; x_wconf 86' lang='lat' dir='ltr'><strong><em>illi</em></strong></span> <span class='ocrx_word' id='word_1_569' title='bbox 1862 4161 2035 4216; x_wconf 88' lang='lat' dir='ltr'><strong><em>etiam</em></strong></span> 
     </span>
    </p>
   </div>
   <div class='ocr_carea' id='block_1_77' title="bbox 392 4246 2035 4323">
    <p class='ocr_par' dir='ltr' id='par_1_77' title="bbox 392 4246 2035 4323">
     <span class='ocr_line' id='line_1_77' title="bbox 392 4246 2035 4323; baseline -0.001 -18"><span class='ocrx_word' id='word_1_570' title='bbox 392 4250 513 4323; x_wconf 90' lang='lat' dir='ltr'><strong><em>qui,</em></strong></span> <span class='ocrx_word' id='word_1_571' title='bbox 531 4251 586 4304; x_wconf 93' lang='lat' dir='ltr'><strong><em>in</em></strong></span> <span class='ocrx_word' id='word_1_572' title='bbox 613 4253 1054 4308; x_wconf 87' lang='lat' dir='ltr'><strong><em>eodivinitatem</em></strong></span> <span class='ocrx_word' id='word_1_573' title='bbox 1076 4251 1430 4308; x_wconf 90' lang='lat' dir='ltr'><strong><em>omnimodis</em></strong></span> <span class='ocrx_word' id='word_1_574' title='bbox 1450 4251 1828 4321; x_wconf 87' lang='lat' dir='ltr'><strong><em>abnegantes,</em></strong></span> <span class='ocrx_word' id='word_1_575' title='bbox 1851 4246 2035 4303; x_wconf 88' lang='lat' dir='ltr'><strong><em>solam</em></strong></span> 
     </span>
    </p>
   </div>
   <div class='ocr_carea' id='block_1_78' title="bbox 389 4339 2033 4416">
    <p class='ocr_par' dir='ltr' id='par_1_78' title="bbox 389 4339 2033 4416">
     <span class='ocr_line' id='line_1_78' title="bbox 389 4339 2033 4416; baseline -0.001 -20"><span class='ocrx_word' id='word_1_576' title='bbox 389 4343 645 4398; x_wconf 88' lang='lat' dir='ltr'><strong><em>hominis</em></strong></span> <span class='ocrx_word' id='word_1_577' title='bbox 663 4351 871 4416; x_wconf 86' lang='lat' dir='ltr'><strong><em>putant</em></strong></span> <span class='ocrx_word' id='word_1_578' title='bbox 888 4347 1069 4401; x_wconf 85' lang='lat' dir='ltr'><strong><em>fuisse</em></strong></span> <span class='ocrx_word' id='word_1_579' title='bbox 1085 4343 1477 4400; x_wconf 88' lang='lat' dir='ltr'><strong><em>substantiam</em></strong></span> <span class='ocrx_word' id='word_1_580' title='bbox 1498 4341 1626 4409; x_wconf 79' lang='lat' dir='ltr'><strong><em>;sed</em></strong></span> <span class='ocrx_word' id='word_1_581' title='bbox 1643 4340 1771 4396; x_wconf 87' lang='lat' dir='ltr'><strong><em>ethi</em></strong></span> <span class='ocrx_word' id='word_1_582' title='bbox 1787 4339 1882 4410; x_wconf 90' lang='lat' dir='ltr'><strong><em>qui</em></strong></span> <span class='ocrx_word' id='word_1_583' title='bbox 1900 4355 2033 4395; x_wconf 87' lang='lat' dir='ltr'><strong><em>eum</em></strong></span> 
     </span>
    </p>
   </div>
   <div class='ocr_carea' id='block_1_79' title="bbox 387 4429 2033 4503">
    <p class='ocr_par' dir='ltr' id='par_1_79' title="bbox 387 4429 2033 4503">
     <span class='ocr_line' id='line_1_79' title="bbox 387 4429 2033 4503; baseline -0.007 -11"><span class='ocrx_word' id='word_1_584' title='bbox 387 4437 472 4492; x_wconf 84' lang='lat' dir='ltr'><strong><em>vel</em></strong></span> <span class='ocrx_word' id='word_1_585' title='bbox 495 4437 566 4492; x_wconf 89' lang='lat' dir='ltr'><strong><em>de</em></strong></span> <span class='ocrx_word' id='word_1_586' title='bbox 594 4436 709 4491; x_wconf 86' lang='lat' dir='ltr'><strong><em>Deo</em></strong></span> <span class='ocrx_word' id='word_1_587' title='bbox 731 4439 900 4488; x_wconf 88' lang='lat' dir='ltr'><strong><em>Patre</em></strong></span> <span class='ocrx_word' id='word_1_588' title='bbox 928 4440 1104 4487; x_wconf 88' lang='lat' dir='ltr'><strong><em>Deum</em></strong></span> <span class='ocrx_word' id='word_1_589' title='bbox 1131 4434 1424 4503; x_wconf 87' lang='lat' dir='ltr'><strong><em>denegant</em></strong></span> <span class='ocrx_word' id='word_1_590' title='bbox 1445 4429 2033 4492; x_wconf 87' lang='lat' dir='ltr'><strong><em>naturaliternatum,</em></strong></span> 
     </span>
    </p>
   </div>
   <div class='ocr_carea' id='block_1_80' title="bbox 385 4515 2032 4580">
    <p class='ocr_par' dir='ltr' id='par_1_80' title="bbox 385 4515 2032 4580">
     <span class='ocr_line' id='line_1_80' title="bbox 385 4515 2032 4580; baseline -0.007 0"><span class='ocrx_word' id='word_1_591' title='bbox 385 4528 470 4580; x_wconf 89' lang='lat' dir='ltr'><strong><em>vel</em></strong></span> <span class='ocrx_word' id='word_1_592' title='bbox 503 4531 681 4579; x_wconf 88' lang='lat' dir='ltr'><strong><em>totam</em></strong></span> <span class='ocrx_word' id='word_1_593' title='bbox 709 4541 821 4577; x_wconf 88' lang='lat' dir='ltr'><strong><em>non</em></strong></span> <span class='ocrx_word' id='word_1_594' title='bbox 851 4524 1100 4577; x_wconf 80' lang='lat' dir='ltr'><strong><em>credunt</em></strong></span> <span class='ocrx_word' id='word_1_595' title='bbox 1130 4521 1388 4576; x_wconf 89' lang='lat' dir='ltr'><strong><em>hominis</em></strong></span> <span class='ocrx_word' id='word_1_596' title='bbox 1411 4519 1466 4572; x_wconf 91' lang='lat' dir='ltr'><strong><em>in</em></strong></span> <span class='ocrx_word' id='word_1_597' title='bbox 1497 4518 1729 4573; x_wconf 86' lang='lat' dir='ltr'><strong><em>Christo</em></strong></span> <span class='ocrx_word' id='word_1_598' title='bbox 1761 4515 2032 4570; x_wconf 87' lang='lat' dir='ltr'><strong><em>substan-</em></strong></span> 
     </span>
    </p>
   </div>
   <div class='ocr_carea' id='block_1_81' title="bbox 2155 3337 3830 3410">
    <p class='ocr_par' dir='ltr' id='par_1_81' title="bbox 2155 3337 3830 3410">
     <span class='ocr_line' id='line_1_81' title="bbox 2155 3337 3830 3410; baseline 0.002 -18"><span class='ocrx_word' id='word_1_599' title='bbox 2155 3345 2361 3393; x_wconf 63' lang='lat' dir='ltr'><strong><em>nostras</em></strong></span> <span class='ocrx_word' id='word_1_600' title='bbox 2379 3355 2508 3392; x_wconf 90' lang='lat' dir='ltr'><strong><em>cum</em></strong></span> <span class='ocrx_word' id='word_1_601' title='bbox 2528 3343 2695 3392; x_wconf 88' lang='lat' dir='ltr'><strong><em>Patre</em></strong></span> <span class='ocrx_word' id='word_1_602' title='bbox 2715 3337 2892 3392; x_wconf 89' lang='lat' dir='ltr'><strong><em>simul</em></strong></span> <span class='ocrx_word' id='word_1_603' title='bbox 2915 3338 3180 3406; x_wconf 87' lang='lat' dir='ltr'><strong><em>Filioque</em></strong></span> <span class='ocrx_word' id='word_1_604' title='bbox 3200 3340 3438 3410; x_wconf 79' lang='lat' dir='ltr'><strong><em>perfecit</em></strong></span> <span class='ocrx_word' id='word_1_605' title='bbox 3453 3339 3480 3392; x_wconf 84' lang='lat'><strong><em>?</em></strong></span> <span class='ocrx_word' id='word_1_606' title='bbox 3497 3339 3618 3393; x_wconf 74' lang='lat' dir='ltr'><strong><em>Cael</em></strong></span> <span class='ocrx_word' id='word_1_607' title='bbox 3633 3357 3734 3394; x_wconf 89' lang='lat' dir='ltr'><strong><em>um</em></strong></span> <span class='ocrx_word' id='word_1_608' title='bbox 3755 3343 3830 3395; x_wconf 77' lang='lat' dir='ltr'><strong><em>te-</em></strong></span> 
     </span>
    </p>
   </div>
   <div class='ocr_carea' id='block_1_82' title="bbox 2153 3427 3830 3498">
    <p class='ocr_par' dir='ltr' id='par_1_82' title="bbox 2153 3427 3830 3498">
     <span class='ocr_line' id='line_1_82' title="bbox 2153 3427 3830 3498; baseline 0.002 -17"><span class='ocrx_word' id='word_1_609' title='bbox 2153 3429 2303 3482; x_wconf 89' lang='lat' dir='ltr'><strong><em>cisse</em></strong></span> <span class='ocrx_word' id='word_1_610' title='bbox 2328 3427 2544 3482; x_wconf 91' lang='lat' dir='ltr'><strong><em>dicitur</em></strong></span> <span class='ocrx_word' id='word_1_611' title='bbox 2575 3427 2764 3494; x_wconf 87' lang='lat' dir='ltr'><strong><em>Deus;</em></strong></span> <span class='ocrx_word' id='word_1_612' title='bbox 2801 3427 2905 3483; x_wconf 79' lang='lat' dir='ltr'><strong><em>sed</em></strong></span> <span class='ocrx_word' id='word_1_613' title='bbox 2931 3436 3212 3498; x_wconf 84' lang='lat' dir='ltr'><strong><em>operante</em></strong></span> <span class='ocrx_word' id='word_1_614' title='bbox 3233 3434 3420 3494; x_wconf 88' lang='lat' dir='ltr'><strong><em>Patre,</em></strong></span> <span class='ocrx_word' id='word_1_615' title='bbox 3445 3429 3628 3484; x_wconf 88' lang='lat' dir='ltr'><strong><em>simul</em></strong></span> <span class='ocrx_word' id='word_1_616' title='bbox 3659 3435 3720 3485; x_wconf 86' lang='lat' dir='ltr'><strong><em>et</em></strong></span> <span class='ocrx_word' id='word_1_617' title='bbox 3741 3430 3830 3485; x_wconf 84' lang='lat' dir='ltr'><strong><em>Fi-</em></strong></span> 
     </span>
    </p>
   </div>
   <div class='ocr_carea' id='block_1_83' title="bbox 2153 3517 3823 3588">
    <p class='ocr_par' dir='ltr' id='par_1_83' title="bbox 2153 3517 3823 3588">
     <span class='ocr_line' id='line_1_83' title="bbox 2153 3517 3823 3588; baseline 0.002 -18"><span class='ocrx_word' id='word_1_618' title='bbox 2153 3517 2952 3587; x_wconf 78' lang='lat' dir='ltr'><strong><em>liusinveniturcooperator,</em></strong></span> <span class='ocrx_word' id='word_1_619' title='bbox 2975 3517 3294 3588; x_wconf 88' lang='lat' dir='ltr'><strong><em>etSpiritus</em></strong></span> <span class='ocrx_word' id='word_1_620' title='bbox 3323 3525 3566 3572; x_wconf 89' lang='lat' dir='ltr'><strong><em>sanctus</em></strong></span> <span class='ocrx_word' id='word_1_621' title='bbox 3603 3537 3618 3574; x_wconf 89' lang='lat'><em>:</em></span> <span class='ocrx_word' id='word_1_622' title='bbox 3647 3522 3823 3575; x_wconf 73' lang='lat' dir='ltr'><strong><em>Verbo</em></strong></span> 
     </span>
    </p>
   </div>
   <div class='ocr_carea' id='block_1_84' title="bbox 2151 3604 3822 3679">
    <p class='ocr_par' dir='ltr' id='par_1_84' title="bbox 2151 3604 3822 3679">
     <span class='ocr_line' id='line_1_84' title="bbox 2151 3604 3822 3679; baseline 0.002 -19"><span class='ocrx_word' id='word_1_623' title='bbox 2151 3605 2310 3660; x_wconf 88' lang='lat' dir='ltr'><strong><em>enim</em></strong></span> <span class='ocrx_word' id='word_1_624' title='bbox 2345 3605 2576 3660; x_wconf 87' lang='lat' dir='ltr'><strong><em>Domini</em></strong></span> <span class='ocrx_word' id='word_1_625' title='bbox 2602 3604 2730 3660; x_wconf 69' lang='lat' dir='ltr'><strong><em>caeli</em></strong></span> <span class='ocrx_word' id='word_1_626' title='bbox 2755 3605 2970 3674; x_wconf 85' lang='lat' dir='ltr'><strong><em>ﬁrmati</em></strong></span> <span class='ocrx_word' id='word_1_627' title='bbox 2997 3611 3146 3668; x_wconf 84' lang='lat' dir='ltr'><strong><em>sunt,</em></strong></span> <span class='ocrx_word' id='word_1_628' title='bbox 3196 3615 3246 3661; x_wconf 86' lang='lat' dir='ltr'><strong><em>et</em></strong></span> <span class='ocrx_word' id='word_1_629' title='bbox 3279 3607 3498 3677; x_wconf 87' lang='lat' dir='ltr'><strong><em>Spiritu</em></strong></span> <span class='ocrx_word' id='word_1_630' title='bbox 3528 3610 3647 3662; x_wconf 86' lang='lat' dir='ltr'><strong><em>oris</em></strong></span> <span class='ocrx_word' id='word_1_631' title='bbox 3698 3610 3822 3679; x_wconf 86' lang='lat' dir='ltr'><strong><em>ejus</em></strong></span> 
     </span>
    </p>
   </div>
   <div class='ocr_carea' id='block_1_85' title="bbox 2148 3695 3823 3766">
    <p class='ocr_par' dir='ltr' id='par_1_85' title="bbox 2148 3695 3823 3766">
     <span class='ocr_line' id='line_1_85' title="bbox 2148 3695 3823 3766; baseline 0.001 -17"><span class='ocrx_word' id='word_1_632' title='bbox 2148 3696 2325 3749; x_wconf 81' lang='lat' dir='ltr'><strong><em>omnis</em></strong></span> <span class='ocrx_word' id='word_1_633' title='bbox 2345 3696 2526 3748; x_wconf 83' lang='lat' dir='ltr'><strong><em>virtus</em></strong></span> <span class='ocrx_word' id='word_1_634' title='bbox 2553 3695 2926 3762; x_wconf 82' lang='lat' dir='ltr'><strong><em>earum(Psal.</em></strong></span> <span class='ocrx_word' id='word_1_635' title='bbox 2951 3711 3122 3761; x_wconf 78' lang='lat' dir='ltr'><strong>xxx&quot;,</strong></span> <span class='ocrx_word' id='word_1_636' title='bbox 3144 3697 3221 3766; x_wconf 90' lang='lat'><strong><em>6).</em></strong></span> <span class='ocrx_word' id='word_1_637' title='bbox 3257 3697 3405 3760; x_wconf 89' lang='lat' dir='ltr'><strong><em>Quid</em></strong></span> <span class='ocrx_word' id='word_1_638' title='bbox 3431 3701 3606 3751; x_wconf 83' lang='lat' dir='ltr'><strong><em>Patre</em></strong></span> <span class='ocrx_word' id='word_1_639' title='bbox 3619 3697 3710 3752; x_wconf 83' lang='lat' dir='ltr'><strong><em>vel</em></strong></span> <span class='ocrx_word' id='word_1_640' title='bbox 3737 3697 3823 3752; x_wconf 84' lang='lat' dir='ltr'><strong><em>Fi-</em></strong></span> 
     </span>
    </p>
   </div>
   <div class='ocr_carea' id='block_1_86' title="bbox 2149 3781 3822 3854">
    <p class='ocr_par' dir='ltr' id='par_1_86' title="bbox 2149 3781 3822 3854">
     <span class='ocr_line' id='line_1_86' title="bbox 2149 3781 3822 3854; baseline 0.003 -18"><span class='ocrx_word' id='word_1_641' title='bbox 2149 3783 2224 3838; x_wconf 92' lang='lat' dir='ltr'><strong><em>lio</em></strong></span> <span class='ocrx_word' id='word_1_642' title='bbox 2247 3781 2444 3837; x_wconf 90' lang='lat' dir='ltr'><strong><em>minus</em></strong></span> <span class='ocrx_word' id='word_1_643' title='bbox 2476 3782 2688 3837; x_wconf 88' lang='lat' dir='ltr'><strong><em>habere</em></strong></span> <span class='ocrx_word' id='word_1_644' title='bbox 2711 3784 2986 3844; x_wconf 84' lang='lat' dir='ltr'><strong><em>creditur,</em></strong></span> <span class='ocrx_word' id='word_1_645' title='bbox 3013 3801 3046 3838; x_wconf 91' lang='lat' dir='ltr'><strong><em>a</em></strong></span> <span class='ocrx_word' id='word_1_646' title='bbox 3067 3801 3182 3854; x_wconf 90' lang='lat' dir='ltr'><strong><em>quo</em></strong></span> <span class='ocrx_word' id='word_1_647' title='bbox 3210 3783 3396 3838; x_wconf 89' lang='lat' dir='ltr'><strong><em>virtus</em></strong></span> <span class='ocrx_word' id='word_1_648' title='bbox 3423 3785 3625 3838; x_wconf 90' lang='lat' dir='ltr'><strong><em>omnis</em></strong></span> <span class='ocrx_word' id='word_1_649' title='bbox 3651 3785 3822 3841; x_wconf 62' lang='lat' dir='ltr'><strong><em>caelo.</em></strong></span> 
     </span>
    </p>
   </div>
   <div class='ocr_carea' id='block_1_87' title="bbox 2153 3871 3818 3945">
    <p class='ocr_par' dir='ltr' id='par_1_87' title="bbox 2153 3871 3818 3945">
     <span class='ocr_line' id='line_1_87' title="bbox 2153 3871 3818 3945; baseline 0.001 -19"><span class='ocrx_word' id='word_1_650' title='bbox 2153 3889 2278 3926; x_wconf 92' lang='lat' dir='ltr'><strong><em>rum</em></strong></span> <span class='ocrx_word' id='word_1_651' title='bbox 2301 3871 2532 3926; x_wconf 75' lang='lat' dir='ltr'><strong><em>firmata</em></strong></span> <span class='ocrx_word' id='word_1_652' title='bbox 2553 3878 2917 3926; x_wconf 87' lang='lat' dir='ltr'><strong><em>monstratur</em></strong></span> <span class='ocrx_word' id='word_1_653' title='bbox 2936 3873 2963 3927; x_wconf 86' lang='lat'><strong>?</strong></span> <span class='ocrx_word' id='word_1_654' title='bbox 2984 3872 3175 3926; x_wconf 88' lang='lat' dir='ltr'><strong><em>Vitam</em></strong></span> <span class='ocrx_word' id='word_1_655' title='bbox 3201 3875 3339 3929; x_wconf 89' lang='lat' dir='ltr'><strong><em>dare</em></strong></span> <span class='ocrx_word' id='word_1_656' title='bbox 3371 3873 3574 3928; x_wconf 89' lang='lat' dir='ltr'><strong><em>nullus</em></strong></span> <span class='ocrx_word' id='word_1_657' title='bbox 3597 3879 3818 3945; x_wconf 83' lang='lat' dir='ltr'><strong><em>potest,</em></strong></span> 
     </span>
    </p>
   </div>
   <div class='ocr_carea' id='block_1_88' title="bbox 2150 3961 3817 4031">
    <p class='ocr_par' dir='ltr' id='par_1_88' title="bbox 2150 3961 3817 4031">
     <span class='ocr_line' id='line_1_88' title="bbox 2150 3961 3817 4031; baseline 0.001 -16"><span class='ocrx_word' id='word_1_658' title='bbox 2150 3961 2259 4016; x_wconf 88' lang='lat' dir='ltr'><strong><em>nisi</em></strong></span> <span class='ocrx_word' id='word_1_659' title='bbox 2293 3961 2391 4031; x_wconf 91' lang='lat' dir='ltr'><strong><em>qui</em></strong></span> <span class='ocrx_word' id='word_1_660' title='bbox 2415 3961 2881 4015; x_wconf 87' lang='lat' dir='ltr'><strong><em>substantialiter</em></strong></span> <span class='ocrx_word' id='word_1_661' title='bbox 2903 3961 3058 4016; x_wconf 86' lang='lat' dir='ltr'><strong><em>Deus</em></strong></span> <span class='ocrx_word' id='word_1_662' title='bbox 3076 3969 3165 4016; x_wconf 87' lang='lat' dir='ltr'><strong><em>est</em></strong></span> <span class='ocrx_word' id='word_1_663' title='bbox 3192 3980 3204 4027; x_wconf 94' lang='lat'><strong><em>;</em></strong></span> <span class='ocrx_word' id='word_1_664' title='bbox 3226 3964 3380 4016; x_wconf 90' lang='lat' dir='ltr'><strong><em>sicut</em></strong></span> <span class='ocrx_word' id='word_1_665' title='bbox 3406 3968 3609 4017; x_wconf 84' lang='lat' dir='ltr'><strong><em>autem</em></strong></span> <span class='ocrx_word' id='word_1_666' title='bbox 3634 3962 3817 4017; x_wconf 86' lang='lat' dir='ltr'><strong><em>viviﬁ-</em></strong></span> 
     </span>
    </p>
   </div>
   <div class='ocr_carea' id='block_1_89' title="bbox 2146 4048 3814 4121">
    <p class='ocr_par' dir='ltr' id='par_1_89' title="bbox 2146 4048 3814 4121">
     <span class='ocr_line' id='line_1_89' title="bbox 2146 4048 3814 4121; baseline 0.002 -18"><span class='ocrx_word' id='word_1_667' title='bbox 2146 4053 2238 4103; x_wconf 87' lang='lat' dir='ltr'><strong><em>cat</em></strong></span> <span class='ocrx_word' id='word_1_668' title='bbox 2271 4048 2457 4112; x_wconf 87' lang='lat' dir='ltr'><strong><em>Pater,</em></strong></span> <span class='ocrx_word' id='word_1_669' title='bbox 2491 4048 2575 4102; x_wconf 91' lang='lat' dir='ltr'><strong><em>sic</em></strong></span> <span class='ocrx_word' id='word_1_670' title='bbox 2610 4049 2857 4103; x_wconf 86' lang='lat' dir='ltr'><strong><em>vivificat</em></strong></span> <span class='ocrx_word' id='word_1_671' title='bbox 2909 4050 3107 4118; x_wconf 80' lang='lat' dir='ltr'><strong><em>Filius,</em></strong></span> <span class='ocrx_word' id='word_1_672' title='bbox 3142 4053 3227 4106; x_wconf 88' lang='lat' dir='ltr'><strong><em>sic</em></strong></span> <span class='ocrx_word' id='word_1_673' title='bbox 3256 4050 3510 4106; x_wconf 85' lang='lat' dir='ltr'><strong><em>viviﬁcat</em></strong></span> <span class='ocrx_word' id='word_1_674' title='bbox 3549 4052 3814 4121; x_wconf 84' lang='lat' dir='ltr'><strong><em>Spiritus</em></strong></span> 
     </span>
    </p>
   </div>
   <div class='ocr_carea' id='block_1_90' title="bbox 2144 4136 3810 4208">
    <p class='ocr_par' dir='ltr' id='par_1_90' title="bbox 2144 4136 3810 4208">
     <span class='ocr_line' id='line_1_90' title="bbox 2144 4136 3810 4208; baseline 0.001 -17"><span class='ocrx_word' id='word_1_675' title='bbox 2144 4142 2400 4192; x_wconf 89' lang='lat' dir='ltr'><strong><em>sanctus.</em></strong></span> <span class='ocrx_word' id='word_1_676' title='bbox 2420 4139 2564 4191; x_wconf 86' lang='lat' dir='ltr'><strong><em>Nam</em></strong></span> <span class='ocrx_word' id='word_1_677' title='bbox 2580 4136 2723 4192; x_wconf 85' lang='lat' dir='ltr'><strong><em>sicut</em></strong></span> <span class='ocrx_word' id='word_1_678' title='bbox 2746 4142 2908 4192; x_wconf 87' lang='lat' dir='ltr'><strong><em>Pater</em></strong></span> <span class='ocrx_word' id='word_1_679' title='bbox 2927 4143 3163 4194; x_wconf 80' lang='lat' dir='ltr'><strong><em>suscitat</em></strong></span> <span class='ocrx_word' id='word_1_680' title='bbox 3183 4149 3429 4195; x_wconf 88' lang='lat' dir='ltr'><strong><em>mortuos</em></strong></span> <span class='ocrx_word' id='word_1_681' title='bbox 3451 4144 3506 4194; x_wconf 87' lang='lat' dir='ltr'><strong><em>et</em></strong></span> <span class='ocrx_word' id='word_1_682' title='bbox 3529 4139 3810 4208; x_wconf 83' lang='lat' dir='ltr'><strong><em>viviﬁcat,</em></strong></span> 
     </span>
    </p>
   </div>
   <div class='ocr_carea' id='block_1_91' title="bbox 2141 4225 3810 4299">
    <p class='ocr_par' dir='ltr' id='par_1_91' title="bbox 2141 4225 3810 4299">
     <span class='ocr_line' id='line_1_91' title="bbox 2141 4225 3810 4299; baseline 0.002 -19"><span class='ocrx_word' id='word_1_683' title='bbox 2141 4229 2220 4281; x_wconf 87' lang='lat' dir='ltr'><strong><em>sic</em></strong></span> <span class='ocrx_word' id='word_1_684' title='bbox 2248 4231 2302 4280; x_wconf 85' lang='lat' dir='ltr'><strong><em>et</em></strong></span> <span class='ocrx_word' id='word_1_685' title='bbox 2349 4225 2522 4280; x_wconf 81' lang='lat' dir='ltr'><strong><em>Filius</em></strong></span> <span class='ocrx_word' id='word_1_686' title='bbox 2553 4241 2684 4296; x_wconf 88' lang='lat' dir='ltr'><strong><em>quos</em></strong></span> <span class='ocrx_word' id='word_1_687' title='bbox 2736 4229 2849 4281; x_wconf 89' lang='lat' dir='ltr'><strong><em>vult</em></strong></span> <span class='ocrx_word' id='word_1_688' title='bbox 2890 4227 3133 4296; x_wconf 76' lang='lat' dir='ltr'><strong><em>rivi/icat</em></strong></span> <span class='ocrx_word' id='word_1_689' title='bbox 3163 4230 3336 4297; x_wconf 59' lang='lat' dir='ltr'><strong><em>(lima.</em></strong></span> <span class='ocrx_word' id='word_1_690' title='bbox 3372 4246 3422 4294; x_wconf 91' lang='lat' dir='ltr'><strong><em>v,</em></strong></span> <span class='ocrx_word' id='word_1_691' title='bbox 3466 4231 3580 4299; x_wconf 83' lang='lat' dir='ltr'><strong><em>2t).</em></strong></span> <span class='ocrx_word' id='word_1_692' title='bbox 3639 4233 3710 4284; x_wconf 86' lang='lat' dir='ltr'><strong><em>Et</em></strong></span> <span class='ocrx_word' id='word_1_693' title='bbox 3741 4230 3810 4284; x_wconf 84' lang='lat' dir='ltr'><strong><em>de</em></strong></span> 
     </span>
    </p>
   </div>
   <div class='ocr_carea' id='block_1_92' title="bbox 2141 4315 3811 4387">
    <p class='ocr_par' dir='ltr' id='par_1_92' title="bbox 2141 4315 3811 4387">
     <span class='ocr_line' id='line_1_92' title="bbox 2141 4315 3811 4387; baseline 0.003 -20"><span class='ocrx_word' id='word_1_694' title='bbox 2141 4317 2356 4385; x_wconf 81' lang='lat' dir='ltr'><strong><em>Spiritu</em></strong></span> <span class='ocrx_word' id='word_1_695' title='bbox 2379 4315 2688 4385; x_wconf 89' lang='lat' dir='ltr'><strong><em>Apostolus</em></strong></span> <span class='ocrx_word' id='word_1_696' title='bbox 2705 4315 2842 4370; x_wconf 91' lang='lat' dir='ltr'><strong><em>dicit</em></strong></span> <span class='ocrx_word' id='word_1_697' title='bbox 2864 4332 2874 4370; x_wconf 95' lang='lat'>:</span> <span class='ocrx_word' id='word_1_698' title='bbox 2893 4315 3100 4372; x_wconf 84' lang='lat' dir='ltr'><strong><em>Littera</em></strong></span> <span class='ocrx_word' id='word_1_699' title='bbox 3125 4317 3343 4386; x_wconf 78' lang='lat' dir='ltr'><strong><em>occidit,</em></strong></span> <span class='ocrx_word' id='word_1_700' title='bbox 3363 4318 3610 4387; x_wconf 85' lang='lat' dir='ltr'><strong><em>Spiritus</em></strong></span> <span class='ocrx_word' id='word_1_701' title='bbox 3624 4329 3811 4372; x_wconf 83' lang='lat' dir='ltr'><strong><em>autem</em></strong></span> 
     </span>
    </p>
   </div>
   <div class='ocr_carea' id='block_1_93' title="bbox 2142 4404 3810 4475">
    <p class='ocr_par' dir='ltr' id='par_1_93' title="bbox 2142 4404 3810 4475">
     <span class='ocr_line' id='line_1_93' title="bbox 2142 4404 3810 4475; baseline 0.002 -17"><span class='ocrx_word' id='word_1_702' title='bbox 2142 4405 2381 4473; x_wconf 71' lang='lat' dir='ltr'><strong><em>vivi/teat</em></strong></span> <span class='ocrx_word' id='word_1_703' title='bbox 2411 4405 2483 4475; x_wconf 85' lang='lat' dir='ltr'><strong><em>(Il</em></strong></span> <span class='ocrx_word' id='word_1_704' title='bbox 2515 4405 2636 4458; x_wconf 86' lang='lat' dir='ltr'><strong><em>Cor.</em></strong></span> <span class='ocrx_word' id='word_1_705' title='bbox 2671 4419 2758 4468; x_wconf 82' lang='lat' dir='ltr'><strong><em>in,</em></strong></span> <span class='ocrx_word' id='word_1_706' title='bbox 2791 4405 2867 4474; x_wconf 88' lang='lat'><strong><em>6).</em></strong></span> <span class='ocrx_word' id='word_1_707' title='bbox 2915 4404 3070 4459; x_wconf 86' lang='lat' dir='ltr'><strong><em>Idem</em></strong></span> <span class='ocrx_word' id='word_1_708' title='bbox 3107 4423 3316 4461; x_wconf 90' lang='lat' dir='ltr'><strong><em>rursus</em></strong></span> <span class='ocrx_word' id='word_1_709' title='bbox 3353 4407 3436 4460; x_wconf 88' lang='lat' dir='ltr'><strong><em>ait</em></strong></span> <span class='ocrx_word' id='word_1_710' title='bbox 3467 4423 3480 4460; x_wconf 89' lang='lat'>:</span> <span class='ocrx_word' id='word_1_711' title='bbox 3516 4405 3581 4460; x_wconf 91' lang='lat' dir='ltr'><strong><em>Si</em></strong></span> <span class='ocrx_word' id='word_1_712' title='bbox 3621 4411 3810 4461; x_wconf 85' lang='lat' dir='ltr'><strong><em>autem</em></strong></span> 
     </span>
    </p>
   </div>
   <div class='ocr_carea' id='block_1_94' title="bbox 2141 4492 3808 4564">
    <p class='ocr_par' dir='ltr' id='par_1_94' title="bbox 2141 4492 3808 4564">
     <span class='ocr_line' id='line_1_94' title="bbox 2141 4492 3808 4564; baseline 0.002 -18"><span class='ocrx_word' id='word_1_713' title='bbox 2141 4493 2385 4564; x_wconf 82' lang='lat' dir='ltr'><strong><em>Spiritus</em></strong></span> <span class='ocrx_word' id='word_1_714' title='bbox 2412 4492 2549 4562; x_wconf 83' lang='lat' dir='ltr'><strong><em>ejus,</em></strong></span> <span class='ocrx_word' id='word_1_715' title='bbox 2573 4493 2982 4562; x_wconf 83' lang='lat' dir='ltr'><strong><em>quisuscitavit</em></strong></span> <span class='ocrx_word' id='word_1_716' title='bbox 2995 4496 3177 4548; x_wconf 76' lang='lat' dir='ltr'><strong><em>Iesum</em></strong></span> <span class='ocrx_word' id='word_1_717' title='bbox 3202 4494 3486 4549; x_wconf 84' lang='lat' dir='ltr'><strong><em>Christum</em></strong></span> <span class='ocrx_word' id='word_1_718' title='bbox 3502 4514 3533 4547; x_wconf 85' lang='grc' dir='ltr'><strong><em>(ι</em></strong></span> <span class='ocrx_word' id='word_1_719' title='bbox 3551 4496 3808 4563; x_wconf 85' lang='lat' dir='ltr'><strong><em>mortuis,</em></strong></span> 
     </span>
    </p>
   </div>
   <div class='ocr_carea' id='block_1_95' title="bbox 382 4579 3810 4675">
    <p class='ocr_par' dir='ltr' id='par_1_95' title="bbox 382 4579 3810 4675">
     <span class='ocr_line' id='line_1_95' title="bbox 382 4579 3810 4675; baseline 0.002 -8"><span class='ocrx_word' id='word_1_720' title='bbox 382 4579 544 4668; x_wconf 84' lang='lat' dir='ltr'><strong><em>tiam.</em></strong></span> <span class='ocrx_word' id='word_1_721' title='bbox 567 4613 841 4666; x_wconf 89' lang='lat' dir='ltr'><strong><em>Similiter</em></strong></span> <span class='ocrx_word' id='word_1_722' title='bbox 857 4618 912 4665; x_wconf 89' lang='lat' dir='ltr'><strong><em>ct</em></strong></span> <span class='ocrx_word' id='word_1_723' title='bbox 937 4611 1066 4665; x_wconf 91' lang='lat' dir='ltr'><strong><em>illos</em></strong></span> <span class='ocrx_word' id='word_1_724' title='bbox 1092 4612 1595 4664; x_wconf 89' lang='lat' dir='ltr'><strong><em>condemnaturus</em></strong></span> <span class='ocrx_word' id='word_1_725' title='bbox 1613 4605 1885 4662; x_wconf 86' lang='lat' dir='ltr'><strong><em>adveniet</em></strong></span> <span class='ocrx_word' id='word_1_726' title='bbox 1904 4604 2030 4675; x_wconf 87' lang='lat' dir='ltr'><strong><em>qui,</em></strong></span> <span class='ocrx_word' id='word_1_727' title='bbox 2060 4601 2108 4666; x_wconf 86' lang='lat' dir='ltr'><strong><em>D</em></strong></span> <span class='ocrx_word' id='word_1_728' title='bbox 2139 4580 2352 4675; x_wconf 52' lang='grc' dir='ltr'><strong><em>Ιιίφίίαί</em></strong></span> <span class='ocrx_word' id='word_1_729' title='bbox 2383 4583 2440 4675; x_wconf 54' lang='grc' dir='ltr'>ίῖί</span> <span class='ocrx_word' id='word_1_730' title='bbox 2467 4579 2631 4675; x_wconf 46' lang='grc' dir='ltr'><strong><em>υἶψίλ</em></strong></span> <span class='ocrx_word' id='word_1_731' title='bbox 2653 4585 2750 4650; x_wconf 57' lang='grc' dir='ltr'><strong><em>’μη</em></strong></span> <span class='ocrx_word' id='word_1_732' title='bbox 2768 4585 3059 4638; x_wconf 64' lang='grc' dir='ltr'><strong><em>δωθίίαυίί</em></strong></span> <span class='ocrx_word' id='word_1_733' title='bbox 3076 4585 3254 4639; x_wconf 57' lang='lat' dir='ltr'><strong><em>Iesum</em></strong></span> <span class='ocrx_word' id='word_1_734' title='bbox 3285 4583 3565 4638; x_wconf 49' lang='lat' dir='ltr'><strong><em>Christum</em></strong></span> <span class='ocrx_word' id='word_1_735' title='bbox 3589 4601 3628 4638; x_wconf 67' lang='grc' dir='ltr'><em>α</em></span> <span class='ocrx_word' id='word_1_736' title='bbox 3653 4601 3810 4639; x_wconf 55' lang='lat' dir='ltr'><strong><em>mor-</em></strong></span> 
     </span>
    </p>
   </div>
   <div class='ocr_carea' id='block_1_96' title="bbox 382 4693 2032 4768">
    <p class='ocr_par' dir='ltr' id='par_1_96' title="bbox 382 4693 2032 4768">
     <span class='ocr_line' id='line_1_96' title="bbox 382 4693 2032 4768; baseline -0.005 -13"><span class='ocrx_word' id='word_1_737' title='bbox 382 4718 452 4755; x_wconf 83' lang='lat' dir='ltr'><strong><em>ex</em></strong></span> <span class='ocrx_word' id='word_1_738' title='bbox 471 4699 826 4768; x_wconf 83' lang='lat' dir='ltr'><strong><em>Operationis</em></strong></span> <span class='ocrx_word' id='word_1_739' title='bbox 847 4701 1071 4752; x_wconf 84' lang='lat' dir='ltr'><strong><em>unitate</em></strong></span> <span class='ocrx_word' id='word_1_740' title='bbox 1091 4715 1274 4752; x_wconf 89' lang='lat' dir='ltr'><strong><em>unum</em></strong></span> <span class='ocrx_word' id='word_1_741' title='bbox 1297 4698 1479 4752; x_wconf 89' lang='lat' dir='ltr'><strong><em>Deum</em></strong></span> <span class='ocrx_word' id='word_1_742' title='bbox 1501 4696 1729 4751; x_wconf 78' lang='lat' dir='ltr'><strong><em>Patrem</em></strong></span> <span class='ocrx_word' id='word_1_743' title='bbox 1746 4701 1804 4750; x_wconf 89' lang='lat' dir='ltr'><strong><em>et</em></strong></span> <span class='ocrx_word' id='word_1_744' title='bbox 1820 4693 2032 4749; x_wconf 87' lang='lat' dir='ltr'><strong><em>Filium</em></strong></span> 
     </span>
    </p>
   </div>
   <div class='ocr_carea' id='block_1_97' title="bbox 382 4785 2031 4855">
    <p class='ocr_par' dir='ltr' id='par_1_97' title="bbox 382 4785 2031 4855">
     <span class='ocr_line' id='line_1_97' title="bbox 382 4785 2031 4855; baseline -0.005 -10"><span class='ocrx_word' id='word_1_745' title='bbox 382 4788 706 4852; x_wconf 83' lang='lat' dir='ltr'><strong><em>credentes,</em></strong></span> <span class='ocrx_word' id='word_1_746' title='bbox 739 4785 984 4840; x_wconf 85' lang='lat' dir='ltr'><strong><em>alterum</em></strong></span> <span class='ocrx_word' id='word_1_747' title='bbox 1017 4802 1086 4839; x_wconf 82' lang='lat' dir='ltr'><strong><em>ex</em></strong></span> <span class='ocrx_word' id='word_1_748' title='bbox 1103 4785 1284 4840; x_wconf 88' lang='lat' dir='ltr'><strong><em>altero</em></strong></span> <span class='ocrx_word' id='word_1_749' title='bbox 1307 4785 1390 4840; x_wconf 91' lang='lat' dir='ltr'><strong><em>sic</em></strong></span> <span class='ocrx_word' id='word_1_750' title='bbox 1413 4789 1615 4839; x_wconf 86' lang='lat' dir='ltr'><strong><em>natum</em></strong></span> <span class='ocrx_word' id='word_1_751' title='bbox 1638 4785 1948 4855; x_wconf 80' lang='lat' dir='ltr'><strong><em>denegant,</em></strong></span> <span class='ocrx_word' id='word_1_752' title='bbox 1966 4787 2031 4837; x_wconf 90' lang='lat' dir='ltr'><strong><em>ut</em></strong></span> 
     </span>
    </p>
   </div>
   <div class='ocr_carea' id='block_1_98' title="bbox 383 4870 2027 4948">
    <p class='ocr_par' dir='ltr' id='par_1_98' title="bbox 383 4870 2027 4948">
     <span class='ocr_line' id='line_1_98' title="bbox 383 4870 2027 4948; baseline -0.003 -17"><span class='ocrx_word' id='word_1_753' title='bbox 383 4873 768 4948; x_wconf 88' lang='lat' dir='ltr'><strong><em>personaliter</em></strong></span> <span class='ocrx_word' id='word_1_754' title='bbox 787 4875 1008 4928; x_wconf 88' lang='lat' dir='ltr'><strong><em>Patrem</em></strong></span> <span class='ocrx_word' id='word_1_755' title='bbox 1029 4873 1354 4943; x_wconf 85' lang='lat' dir='ltr'><strong><em>Filiumque</em></strong></span> <span class='ocrx_word' id='word_1_756' title='bbox 1374 4872 1736 4926; x_wconf 80' lang='lat' dir='ltr'><strong><em>confundant</em></strong></span> <span class='ocrx_word' id='word_1_757' title='bbox 1758 4870 2027 4942; x_wconf 88' lang='lat' dir='ltr'><strong><em>;quique,</em></strong></span> 
     </span>
    </p>
   </div>
   <div class='ocr_carea' id='block_1_99' title="bbox 383 4961 2031 5033">
    <p class='ocr_par' dir='ltr' id='par_1_99' title="bbox 383 4961 2031 5033">
     <span class='ocr_line' id='line_1_99' title="bbox 383 4961 2031 5033; baseline -0.005 -12"><span class='ocrx_word' id='word_1_758' title='bbox 383 4965 535 5021; x_wconf 82' lang='lat' dir='ltr'><strong><em>Patri</em></strong></span> <span class='ocrx_word' id='word_1_759' title='bbox 571 4965 890 5020; x_wconf 88' lang='lat' dir='ltr'><strong><em>humanam</em></strong></span> <span class='ocrx_word' id='word_1_760' title='bbox 926 4962 1140 5033; x_wconf 90' lang='lat' dir='ltr'><strong><em>pariter</em></strong></span> <span class='ocrx_word' id='word_1_761' title='bbox 1171 4962 1536 5014; x_wconf 87' lang='lat' dir='ltr'><strong><em>nativitatem</em></strong></span> <span class='ocrx_word' id='word_1_762' title='bbox 1571 4961 1944 5029; x_wconf 84' lang='lat' dir='ltr'><strong><em>assignantes</em></strong></span> <span class='ocrx_word' id='word_1_763' title='bbox 1975 4963 2031 5014; x_wconf 90' lang='lat' dir='ltr'><strong><em>et</em></strong></span> 
     </span>
    </p>
   </div>
   <div class='ocr_carea' id='block_1_100' title="bbox 384 5045 2025 5124">
    <p class='ocr_par' dir='ltr' id='par_1_100' title="bbox 384 5045 2025 5124">
     <span class='ocr_line' id='line_1_100' title="bbox 384 5045 2025 5124; baseline -0.007 -14"><span class='ocrx_word' id='word_1_764' title='bbox 384 5060 654 5121; x_wconf 88' lang='lat' dir='ltr'><strong><em>mortem,</em></strong></span> <span class='ocrx_word' id='word_1_765' title='bbox 672 5055 864 5124; x_wconf 90' lang='lat' dir='ltr'><strong><em>ipsum</em></strong></span> <span class='ocrx_word' id='word_1_766' title='bbox 885 5051 1110 5106; x_wconf 89' lang='lat' dir='ltr'><strong><em>Patrem</em></strong></span> <span class='ocrx_word' id='word_1_767' title='bbox 1135 5048 1340 5103; x_wconf 89' lang='lat' dir='ltr'><strong><em>dicunt</em></strong></span> <span class='ocrx_word' id='word_1_768' title='bbox 1354 5052 1555 5102; x_wconf 88' lang='lat' dir='ltr'><strong><em>natum</em></strong></span> <span class='ocrx_word' id='word_1_769' title='bbox 1577 5063 1645 5102; x_wconf 86' lang='lat' dir='ltr'><strong><em>ex</em></strong></span> <span class='ocrx_word' id='word_1_770' title='bbox 1669 5047 1929 5117; x_wconf 85' lang='lat' dir='ltr'><strong><em>Virgine,</em></strong></span> <span class='ocrx_word' id='word_1_771' title='bbox 1945 5045 2025 5116; x_wconf 76' lang='lat' dir='ltr'><strong><em>ip,</em></strong></span> 
     </span>
    </p>
   </div>
   <div class='ocr_carea' id='block_1_101' title="bbox 379 5134 2024 5214">
    <p class='ocr_par' dir='ltr' id='par_1_101' title="bbox 379 5134 2024 5214">
     <span class='ocr_line' id='line_1_101' title="bbox 379 5134 2024 5214; baseline -0.007 -13"><span class='ocrx_word' id='word_1_772' title='bbox 379 5162 513 5200; x_wconf 86' lang='lat' dir='ltr'><strong><em>sum</em></strong></span> <span class='ocrx_word' id='word_1_773' title='bbox 561 5145 737 5199; x_wconf 88' lang='lat' dir='ltr'><strong><em>etiam</em></strong></span> <span class='ocrx_word' id='word_1_774' title='bbox 775 5157 1013 5214; x_wconf 85' lang='lat' dir='ltr'><strong><em>passum</em></strong></span> <span class='ocrx_word' id='word_1_775' title='bbox 1053 5141 1308 5193; x_wconf 85' lang='lat' dir='ltr'><strong><em>fatentur</em></strong></span> <span class='ocrx_word' id='word_1_776' title='bbox 1356 5138 1415 5190; x_wconf 91' lang='lat' dir='ltr'><strong><em>in</em></strong></span> <span class='ocrx_word' id='word_1_777' title='bbox 1447 5150 1640 5190; x_wconf 89' lang='lat' dir='ltr'><strong><em>carne.</em></strong></span> <span class='ocrx_word' id='word_1_778' title='bbox 1677 5134 1814 5189; x_wconf 90' lang='lat' dir='ltr'><strong><em>Illos</em></strong></span> <span class='ocrx_word' id='word_1_779' title='bbox 1847 5134 2024 5190; x_wconf 88' lang='lat' dir='ltr'><strong><em>etiam</em></strong></span> 
     </span>
    </p>
   </div>
   <div class='ocr_carea' id='block_1_102' title="bbox 376 5221 2024 5302">
    <p class='ocr_par' dir='ltr' id='par_1_102' title="bbox 376 5221 2024 5302">
     <span class='ocr_line' id='line_1_102' title="bbox 376 5221 2024 5302; baseline -0.007 -12"><span class='ocrx_word' id='word_1_780' title='bbox 376 5239 592 5290; x_wconf 65' lang='lat' dir='ltr'><strong><em>aeterno</em></strong></span> <span class='ocrx_word' id='word_1_781' title='bbox 608 5231 1022 5288; x_wconf 88' lang='lat' dir='ltr'><strong><em>condemnabit</em></strong></span> <span class='ocrx_word' id='word_1_782' title='bbox 1041 5225 1387 5301; x_wconf 87' lang='lat' dir='ltr'><strong><em>gehennalis</em></strong></span> <span class='ocrx_word' id='word_1_783' title='bbox 1411 5223 1685 5280; x_wconf 89' lang='lat' dir='ltr'><strong><em>tormenti</em></strong></span> <span class='ocrx_word' id='word_1_784' title='bbox 1712 5221 2024 5302; x_wconf 71' lang='lat' dir='ltr'><strong><em>supplicio,</em></strong></span> 
     </span>
    </p>
   </div>
   <div class='ocr_carea' id='block_1_103' title="bbox 376 5313 2023 5394">
    <p class='ocr_par' dir='ltr' id='par_1_103' title="bbox 376 5313 2023 5394">
     <span class='ocr_line' id='line_1_103' title="bbox 376 5313 2023 5394; baseline -0.007 -17"><span class='ocrx_word' id='word_1_785' title='bbox 376 5324 474 5392; x_wconf 90' lang='lat' dir='ltr'><strong><em>qui</em></strong></span> <span class='ocrx_word' id='word_1_786' title='bbox 509 5340 720 5394; x_wconf 88' lang='lat' dir='ltr'><strong><em>corpus</em></strong></span> <span class='ocrx_word' id='word_1_787' title='bbox 743 5321 954 5378; x_wconf 89' lang='lat' dir='ltr'><strong><em>Christi</em></strong></span> <span class='ocrx_word' id='word_1_788' title='bbox 983 5337 1095 5376; x_wconf 93' lang='lat' dir='ltr'><strong><em>non</em></strong></span> <span class='ocrx_word' id='word_1_789' title='bbox 1128 5335 1195 5374; x_wconf 84' lang='lat' dir='ltr'><strong><em>ex</em></strong></span> <span class='ocrx_word' id='word_1_790' title='bbox 1223 5316 1450 5387; x_wconf 85' lang='lat' dir='ltr'><strong><em>Virgine</em></strong></span> <span class='ocrx_word' id='word_1_791' title='bbox 1469 5316 1724 5370; x_wconf 81' lang='lat' dir='ltr'><strong><em>fatentur</em></strong></span> <span class='ocrx_word' id='word_1_792' title='bbox 1745 5313 2023 5368; x_wconf 84' lang='lat' dir='ltr'><strong><em>substan-</em></strong></span> 
     </span>
    </p>
   </div>
   <div class='ocr_carea' id='block_1_104' title="bbox 374 5402 2018 5488">
    <p class='ocr_par' dir='ltr' id='par_1_104' title="bbox 374 5402 2018 5488">
     <span class='ocr_line' id='line_1_104' title="bbox 374 5402 2018 5488; baseline -0.004 -26"><span class='ocrx_word' id='word_1_793' title='bbox 374 5409 1036 5482; x_wconf 85' lang='lat' dir='ltr'><strong><em>tialitersumptum,sed</em></strong></span> <span class='ocrx_word' id='word_1_794' title='bbox 1054 5405 1482 5480; x_wconf 85' lang='lat' dir='ltr'><strong><em>conﬁnguntde</em></strong></span> <span class='ocrx_word' id='word_1_795' title='bbox 1499 5403 1641 5460; x_wconf 75' lang='lat' dir='ltr'><strong><em>ccelo</em></strong></span> <span class='ocrx_word' id='word_1_796' title='bbox 1657 5402 2018 5488; x_wconf 66' lang='lat' dir='ltr'><strong><em>depositum;</em></strong></span> 
     </span>
    </p>
   </div>
   <div class='ocr_carea' id='block_1_105' title="bbox 376 5491 2022 5570">
    <p class='ocr_par' dir='ltr' id='par_1_105' title="bbox 376 5491 2022 5570">
     <span class='ocr_line' id='line_1_105' title="bbox 376 5491 2022 5570; baseline -0.004 -16"><span class='ocrx_word' id='word_1_797' title='bbox 376 5517 508 5554; x_wconf 89' lang='lat' dir='ltr'><strong><em>cum</em></strong></span> <span class='ocrx_word' id='word_1_798' title='bbox 549 5501 640 5553; x_wconf 78' lang='grc' dir='ltr'><strong><em>Ι)θί</em></strong></span> <span class='ocrx_word' id='word_1_799' title='bbox 670 5500 848 5555; x_wconf 85' lang='lat' dir='ltr'><strong><em>Filius</em></strong></span> <span class='ocrx_word' id='word_1_800' title='bbox 879 5505 1187 5570; x_wconf 89' lang='lat' dir='ltr'><strong><em>propterea</em></strong></span> <span class='ocrx_word' id='word_1_801' title='bbox 1206 5497 1277 5552; x_wconf 89' lang='lat' dir='ltr'><strong><em>de</em></strong></span> <span class='ocrx_word' id='word_1_802' title='bbox 1301 5497 1536 5552; x_wconf 88' lang='lat' dir='ltr'><strong><em>homine</em></strong></span> <span class='ocrx_word' id='word_1_803' title='bbox 1559 5499 1824 5548; x_wconf 87' lang='lat' dir='ltr'><strong><em>naturam</em></strong></span> <span class='ocrx_word' id='word_1_804' title='bbox 1849 5491 2022 5548; x_wconf 79' lang='lat' dir='ltr'><strong><em>fuerit</em></strong></span> 
     </span>
    </p>
   </div>
   <div class='ocr_carea' id='block_1_106' title="bbox 373 5583 2020 5658">
    <p class='ocr_par' dir='ltr' id='par_1_106' title="bbox 373 5583 2020 5658">
     <span class='ocr_line' id='line_1_106' title="bbox 373 5583 2020 5658; baseline -0.004 -17"><span class='ocrx_word' id='word_1_805' title='bbox 373 5589 512 5658; x_wconf 86' lang='lat' dir='ltr'><strong><em>dign</em></strong></span> <span class='ocrx_word' id='word_1_806' title='bbox 524 5590 928 5657; x_wconf 88' lang='lat' dir='ltr'><strong><em>atuscorporis</em></strong></span> <span class='ocrx_word' id='word_1_807' title='bbox 944 5586 1156 5641; x_wconf 84' lang='lat' dir='ltr'><strong><em>terreni</em></strong></span> <span class='ocrx_word' id='word_1_808' title='bbox 1174 5583 1640 5656; x_wconf 88' lang='lat' dir='ltr'><strong><em>suscipere,quia</em></strong></span> <span class='ocrx_word' id='word_1_809' title='bbox 1654 5597 1768 5636; x_wconf 89' lang='lat' dir='ltr'><strong><em>non</em></strong></span> <span class='ocrx_word' id='word_1_810' title='bbox 1783 5584 2020 5636; x_wconf 88' lang='lat' dir='ltr'><strong><em>venerat</em></strong></span> 
     </span>
    </p>
   </div>
   <div class='ocr_carea' id='block_1_107' title="bbox 366 5669 2016 5748">
    <p class='ocr_par' dir='ltr' id='par_1_107' title="bbox 366 5669 2016 5748">
     <span class='ocr_line' id='line_1_107' title="bbox 366 5669 2016 5748; baseline -0.006 -16"><span class='ocrx_word' id='word_1_811' title='bbox 366 5693 468 5734; x_wconf 87' lang='lat' dir='ltr'><strong><em>eos</em></strong></span> <span class='ocrx_word' id='word_1_812' title='bbox 499 5676 604 5748; x_wconf 88' lang='lat' dir='ltr'><strong><em>qui</em></strong></span> <span class='ocrx_word' id='word_1_813' title='bbox 653 5676 714 5730; x_wconf 88' lang='lat' dir='ltr'><strong><em>in</em></strong></span> <span class='ocrx_word' id='word_1_814' title='bbox 746 5675 913 5744; x_wconf 61' lang='lat' dir='ltr'><strong><em>caelo,</em></strong></span> <span class='ocrx_word' id='word_1_815' title='bbox 945 5676 1046 5732; x_wconf 89' lang='lat' dir='ltr'><strong><em>sed</em></strong></span> <span class='ocrx_word' id='word_1_816' title='bbox 1079 5692 1176 5730; x_wconf 81' lang='lat' dir='ltr'><strong><em>eos</em></strong></span> <span class='ocrx_word' id='word_1_817' title='bbox 1214 5675 1316 5744; x_wconf 89' lang='lat' dir='ltr'><strong><em>qui</em></strong></span> <span class='ocrx_word' id='word_1_818' title='bbox 1345 5676 1580 5727; x_wconf 80' lang='lat' dir='ltr'><strong><em>fuerant</em></strong></span> <span class='ocrx_word' id='word_1_819' title='bbox 1607 5675 1665 5726; x_wconf 80' lang='lat' dir='ltr'><strong><em>in</em></strong></span> <span class='ocrx_word' id='word_1_820' title='bbox 1710 5681 1857 5724; x_wconf 81' lang='lat' dir='ltr'><strong><em>terra</em></strong></span> <span class='ocrx_word' id='word_1_821' title='bbox 1897 5669 2016 5724; x_wconf 86' lang='lat' dir='ltr'><strong><em>sal-</em></strong></span> 
     </span>
    </p>
   </div>
   <div class='ocr_carea' id='block_1_108' title="bbox 461 5813 1036 5890">
    <p class='ocr_par' dir='ltr' id='par_1_108' title="bbox 461 5813 1036 5890">
     <span class='ocr_line' id='line_1_108' title="bbox 461 5813 1036 5890; baseline -0.007 -17"><span class='ocrx_word' id='word_1_822' title='bbox 461 5815 741 5890; x_wconf 80' lang='lat' dir='ltr'><strong><em>(a)Basil.,</em></strong></span> <span class='ocrx_word' id='word_1_823' title='bbox 769 5813 1036 5888; x_wconf 84' lang='lat' dir='ltr'><strong><em>inferius.</em></strong></span> 
     </span>
    </p>
   </div>
   <div class='ocr_carea' id='block_1_109' title="bbox 2145 4669 3810 4744">
    <p class='ocr_par' dir='ltr' id='par_1_109' title="bbox 2145 4669 3810 4744">
     <span class='ocr_line' id='line_1_109' title="bbox 2145 4669 3810 4744; baseline 0.004 -22"><span class='ocrx_word' id='word_1_824' title='bbox 2145 4669 2257 4724; x_wconf 88' lang='lat' dir='ltr'><strong><em>tuis</em></strong></span> <span class='ocrx_word' id='word_1_825' title='bbox 2272 4670 2488 4739; x_wconf 81' lang='lat' dir='ltr'><strong><em>vivi/ica</em></strong></span> <span class='ocrx_word' id='word_1_826' title='bbox 2498 4669 2570 4723; x_wconf 87' lang='lat' dir='ltr'><strong><em>bit</em></strong></span> <span class='ocrx_word' id='word_1_827' title='bbox 2584 4678 2634 4723; x_wconf 84' lang='lat' dir='ltr'><strong><em>et</em></strong></span> <span class='ocrx_word' id='word_1_828' title='bbox 2657 4672 2916 4725; x_wconf 85' lang='lat' dir='ltr'><strong><em>mortalia</em></strong></span> <span class='ocrx_word' id='word_1_829' title='bbox 2934 4689 3163 4743; x_wconf 79' lang='lat' dir='ltr'><strong><em>corpora</em></strong></span> <span class='ocrx_word' id='word_1_830' title='bbox 3180 4679 3379 4742; x_wconf 85' lang='lat' dir='ltr'><strong><em>vestra,</em></strong></span> <span class='ocrx_word' id='word_1_831' title='bbox 3393 4677 3623 4744; x_wconf 85' lang='lat' dir='ltr'><strong><em>propter</em></strong></span> <span class='ocrx_word' id='word_1_832' title='bbox 3638 4673 3810 4729; x_wconf 85' lang='lat' dir='ltr'><strong><em>inha-</em></strong></span> 
     </span>
    </p>
   </div>
   <div class='ocr_carea' id='block_1_110' title="bbox 2145 4759 3804 4836">
    <p class='ocr_par' dir='ltr' id='par_1_110' title="bbox 2145 4759 3804 4836">
     <span class='ocr_line' id='line_1_110' title="bbox 2145 4759 3804 4836; baseline 0.003 -21"><span class='ocrx_word' id='word_1_833' title='bbox 2145 4761 2416 4816; x_wconf 86' lang='lat' dir='ltr'><strong><em>bitantem</em></strong></span> <span class='ocrx_word' id='word_1_834' title='bbox 2445 4759 2718 4831; x_wconf 84' lang='lat' dir='ltr'><strong><em>Spiritum</em></strong></span> <span class='ocrx_word' id='word_1_835' title='bbox 2744 4761 2863 4828; x_wconf 84' lang='lat' dir='ltr'><strong><em>eius</em></strong></span> <span class='ocrx_word' id='word_1_836' title='bbox 2897 4779 2954 4816; x_wconf 77' lang='lat' dir='ltr'><strong><em>in</em></strong></span> <span class='ocrx_word' id='word_1_837' title='bbox 2979 4765 3131 4819; x_wconf 87' lang='lat' dir='ltr'><strong><em>vobis</em></strong></span> <span class='ocrx_word' id='word_1_838' title='bbox 3163 4765 3333 4834; x_wconf 83' lang='lat' dir='ltr'><strong><em>(Rom.</em></strong></span> <span class='ocrx_word' id='word_1_839' title='bbox 3369 4781 3491 4829; x_wconf 84' lang='lat' dir='ltr'><strong><em>vui,</em></strong></span> <span class='ocrx_word' id='word_1_840' title='bbox 3531 4766 3644 4836; x_wconf 84' lang='lat' dir='ltr'><strong><em>ti).</em></strong></span> <span class='ocrx_word' id='word_1_841' title='bbox 3695 4766 3804 4820; x_wconf 84' lang='lat' dir='ltr'><strong><em>Re-</em></strong></span> 
     </span>
    </p>
   </div>
   <div class='ocr_carea' id='block_1_111' title="bbox 2139 4850 3806 4924">
    <p class='ocr_par' dir='ltr' id='par_1_111' title="bbox 2139 4850 3806 4924">
     <span class='ocr_line' id='line_1_111' title="bbox 2139 4850 3806 4924; baseline 0.001 -19"><span class='ocrx_word' id='word_1_842' title='bbox 2139 4855 2382 4919; x_wconf 83' lang='lat' dir='ltr'><strong><em>generat</em></strong></span> <span class='ocrx_word' id='word_1_843' title='bbox 2411 4850 2600 4913; x_wconf 88' lang='lat' dir='ltr'><strong><em>Pater,</em></strong></span> <span class='ocrx_word' id='word_1_844' title='bbox 2634 4857 2940 4922; x_wconf 88' lang='lat' dir='ltr'><strong><em>regenerat</em></strong></span> <span class='ocrx_word' id='word_1_845' title='bbox 2972 4852 3175 4918; x_wconf 80' lang='lat' dir='ltr'><strong><em>Filius,</em></strong></span> <span class='ocrx_word' id='word_1_846' title='bbox 3207 4859 3514 4924; x_wconf 86' lang='lat' dir='ltr'><strong><em>regenerat</em></strong></span> <span class='ocrx_word' id='word_1_847' title='bbox 3535 4853 3806 4924; x_wconf 85' lang='lat' dir='ltr'><strong><em>Spiritus</em></strong></span> 
     </span>
    </p>
   </div>
   <div class='ocr_carea' id='block_1_112' title="bbox 2140 4939 3804 5010">
    <p class='ocr_par' dir='ltr' id='par_1_112' title="bbox 2140 4939 3804 5010">
     <span class='ocr_line' id='line_1_112' title="bbox 2140 4939 3804 5010; baseline 0.001 -15"><span class='ocrx_word' id='word_1_848' title='bbox 2140 4946 2411 5007; x_wconf 85' lang='lat' dir='ltr'><strong><em>sanctus;</em></strong></span> <span class='ocrx_word' id='word_1_849' title='bbox 2445 4939 2586 5008; x_wconf 91' lang='lat' dir='ltr'><strong><em>quia</em></strong></span> <span class='ocrx_word' id='word_1_850' title='bbox 2600 4954 2732 4993; x_wconf 91' lang='lat' dir='ltr'><strong><em>cum</em></strong></span> <span class='ocrx_word' id='word_1_851' title='bbox 2759 4939 3049 5010; x_wconf 87' lang='lat' dir='ltr'><strong><em>baptisma</em></strong></span> <span class='ocrx_word' id='word_1_852' title='bbox 3069 4943 3243 4996; x_wconf 89' lang='lat' dir='ltr'><strong><em>datur</em></strong></span> <span class='ocrx_word' id='word_1_853' title='bbox 3261 4945 3320 4996; x_wconf 83' lang='lat' dir='ltr'><strong><em>in</em></strong></span> <span class='ocrx_word' id='word_1_854' title='bbox 3344 4941 3570 4997; x_wconf 81' lang='lat' dir='ltr'><strong><em>nomine</em></strong></span> <span class='ocrx_word' id='word_1_855' title='bbox 3591 4941 3804 5008; x_wconf 84' lang='lat' dir='ltr'><strong><em>Patris,</em></strong></span> 
     </span>
    </p>
   </div>
   <div class='ocr_carea' id='block_1_113' title="bbox 2140 5026 3807 5103">
    <p class='ocr_par' dir='ltr' id='par_1_113' title="bbox 2140 5026 3807 5103">
     <span class='ocr_line' id='line_1_113' title="bbox 2140 5026 3807 5103; baseline 0.001 -19"><span class='ocrx_word' id='word_1_856' title='bbox 2140 5037 2192 5084; x_wconf 89' lang='lat' dir='ltr'><strong><em>et</em></strong></span> <span class='ocrx_word' id='word_1_857' title='bbox 2224 5030 2372 5094; x_wconf 79' lang='lat' dir='ltr'><strong><em>Filii,</em></strong></span> <span class='ocrx_word' id='word_1_858' title='bbox 2404 5033 2457 5082; x_wconf 89' lang='lat' dir='ltr'><strong><em>et</em></strong></span> <span class='ocrx_word' id='word_1_859' title='bbox 2479 5026 2717 5097; x_wconf 89' lang='lat' dir='ltr'><strong><em>Spiritus</em></strong></span> <span class='ocrx_word' id='word_1_860' title='bbox 2747 5029 2944 5094; x_wconf 73' lang='lat' dir='ltr'><strong><em>sancti,</em></strong></span> <span class='ocrx_word' id='word_1_861' title='bbox 2977 5045 3046 5084; x_wconf 86' lang='lat' dir='ltr'><strong><em>ex</em></strong></span> <span class='ocrx_word' id='word_1_862' title='bbox 3067 5046 3133 5084; x_wconf 84' lang='lat' dir='ltr'><strong><em>eo</em></strong></span> <span class='ocrx_word' id='word_1_863' title='bbox 3157 5031 3538 5102; x_wconf 88' lang='lat' dir='ltr'><strong><em>unusquique</em></strong></span> <span class='ocrx_word' id='word_1_864' title='bbox 3561 5046 3807 5103; x_wconf 82' lang='lat' dir='ltr'><strong><em>regene-</em></strong></span> 
     </span>
    </p>
   </div>
   <div class='ocr_carea' id='block_1_114' title="bbox 2139 5117 3806 5191">
    <p class='ocr_par' dir='ltr' id='par_1_114' title="bbox 2139 5117 3806 5191">
     <span class='ocr_line' id='line_1_114' title="bbox 2139 5117 3806 5191; baseline 0 -17"><span class='ocrx_word' id='word_1_865' title='bbox 2139 5124 2300 5174; x_wconf 88' lang='lat' dir='ltr'><strong><em>ratur</em></strong></span> <span class='ocrx_word' id='word_1_866' title='bbox 2326 5118 2385 5171; x_wconf 90' lang='lat' dir='ltr'><strong><em>in</em></strong></span> <span class='ocrx_word' id='word_1_867' title='bbox 2419 5117 2588 5186; x_wconf 86' lang='lat' dir='ltr'><strong><em>cujus</em></strong></span> <span class='ocrx_word' id='word_1_868' title='bbox 2623 5117 2859 5170; x_wconf 88' lang='lat' dir='ltr'><strong><em>nomine</em></strong></span> <span class='ocrx_word' id='word_1_869' title='bbox 2879 5117 3230 5188; x_wconf 79' lang='lat' dir='ltr'><strong><em>baptizatur.</em></strong></span> <span class='ocrx_word' id='word_1_870' title='bbox 3257 5124 3400 5174; x_wconf 86' lang='lat' dir='ltr'><strong><em>Cum</em></strong></span> <span class='ocrx_word' id='word_1_871' title='bbox 3439 5136 3578 5191; x_wconf 82' lang='lat' dir='ltr'><strong><em>ergo</em></strong></span> <span class='ocrx_word' id='word_1_872' title='bbox 3612 5119 3670 5174; x_wconf 93' lang='lat' dir='ltr'><strong><em>in</em></strong></span> <span class='ocrx_word' id='word_1_873' title='bbox 3699 5135 3806 5174; x_wconf 90' lang='lat' dir='ltr'><strong><em>no-</em></strong></span> 
     </span>
    </p>
   </div>
   <div class='ocr_carea' id='block_1_115' title="bbox 2140 5203 3802 5277">
    <p class='ocr_par' dir='ltr' id='par_1_115' title="bbox 2140 5203 3802 5277">
     <span class='ocr_line' id='line_1_115' title="bbox 2140 5203 3802 5277; baseline -0.001 -14"><span class='ocrx_word' id='word_1_874' title='bbox 2140 5209 2296 5263; x_wconf 91' lang='lat' dir='ltr'><strong><em>mine</em></strong></span> <span class='ocrx_word' id='word_1_875' title='bbox 2329 5203 2636 5261; x_wconf 87' lang='lat' dir='ltr'><strong><em>Trinitatis</em></strong></span> <span class='ocrx_word' id='word_1_876' title='bbox 2657 5205 2830 5259; x_wconf 88' lang='lat' dir='ltr'><strong><em>datur</em></strong></span> <span class='ocrx_word' id='word_1_877' title='bbox 2862 5206 3177 5277; x_wconf 89' lang='lat' dir='ltr'><strong><em>baptisma,</em></strong></span> <span class='ocrx_word' id='word_1_878' title='bbox 3201 5209 3380 5262; x_wconf 88' lang='lat' dir='ltr'><strong><em>simul</em></strong></span> <span class='ocrx_word' id='word_1_879' title='bbox 3401 5213 3523 5262; x_wconf 88' lang='lat' dir='ltr'><strong><em>tota</em></strong></span> <span class='ocrx_word' id='word_1_880' title='bbox 3540 5208 3802 5263; x_wconf 85' lang='lat' dir='ltr'><strong><em>Trinitas</em></strong></span> 
     </span>
    </p>
   </div>
   <div class='ocr_carea' id='block_1_116' title="bbox 2138 5296 3800 5368">
    <p class='ocr_par' dir='ltr' id='par_1_116' title="bbox 2138 5296 3800 5368">
     <span class='ocr_line' id='line_1_116' title="bbox 2138 5296 3800 5368; baseline -0.001 -16"><span class='ocrx_word' id='word_1_881' title='bbox 2138 5299 2458 5368; x_wconf 80' lang='lat' dir='ltr'><strong><em>regenerat,</em></strong></span> <span class='ocrx_word' id='word_1_882' title='bbox 2483 5310 2610 5363; x_wconf 69' lang='lat' dir='ltr'><strong><em>quae</em></strong></span> <span class='ocrx_word' id='word_1_883' title='bbox 2637 5311 2790 5348; x_wconf 90' lang='lat' dir='ltr'><strong><em>unus</em></strong></span> <span class='ocrx_word' id='word_1_884' title='bbox 2805 5299 2862 5349; x_wconf 88' lang='lat' dir='ltr'><strong><em>ct</em></strong></span> <span class='ocrx_word' id='word_1_885' title='bbox 2893 5297 3055 5351; x_wconf 90' lang='lat' dir='ltr'><strong><em>solus</em></strong></span> <span class='ocrx_word' id='word_1_886' title='bbox 3079 5302 3169 5351; x_wconf 85' lang='lat' dir='ltr'><strong><em>est</em></strong></span> <span class='ocrx_word' id='word_1_887' title='bbox 3191 5296 3362 5351; x_wconf 82' lang='lat' dir='ltr'><strong><em>Deus.</em></strong></span> <span class='ocrx_word' id='word_1_888' title='bbox 3389 5296 3711 5368; x_wconf 84' lang='lat' dir='ltr'><strong><em>Propterea</em></strong></span> <span class='ocrx_word' id='word_1_889' title='bbox 3729 5297 3800 5350; x_wconf 87' lang='lat' dir='ltr'><strong><em>de</em></strong></span> 
     </span>
    </p>
   </div>
   <div class='ocr_carea' id='block_1_117' title="bbox 2135 5385 3800 5459">
    <p class='ocr_par' dir='ltr' id='par_1_117' title="bbox 2135 5385 3800 5459">
     <span class='ocr_line' id='line_1_117' title="bbox 2135 5385 3800 5459; baseline -0.001 -15"><span class='ocrx_word' id='word_1_890' title='bbox 2135 5387 2406 5444; x_wconf 82' lang='lat' dir='ltr'><strong><em>ﬁdelibus</em></strong></span> <span class='ocrx_word' id='word_1_891' title='bbox 2427 5385 2686 5439; x_wconf 86' lang='lat' dir='ltr'><strong><em>Joannes</em></strong></span> <span class='ocrx_word' id='word_1_892' title='bbox 2713 5386 2855 5439; x_wconf 90' lang='lat' dir='ltr'><strong><em>dicit</em></strong></span> <span class='ocrx_word' id='word_1_893' title='bbox 2891 5403 2902 5439; x_wconf 94' lang='lat'>:</span> <span class='ocrx_word' id='word_1_894' title='bbox 2933 5387 3037 5455; x_wconf 82' lang='lat' dir='ltr'><strong><em>Qui</em></strong></span> <span class='ocrx_word' id='word_1_895' title='bbox 3057 5404 3166 5442; x_wconf 84' lang='lat' dir='ltr'><strong><em>non</em></strong></span> <span class='ocrx_word' id='word_1_896' title='bbox 3187 5405 3260 5443; x_wconf 77' lang='lat' dir='ltr'><strong><em>ea:</em></strong></span> <span class='ocrx_word' id='word_1_897' title='bbox 3278 5389 3674 5459; x_wconf 83' lang='lat' dir='ltr'><strong><em>sanguinibus,</em></strong></span> <span class='ocrx_word' id='word_1_898' title='bbox 3709 5402 3800 5442; x_wconf 79' lang='lat' dir='ltr'><strong><em>ne-</em></strong></span> 
     </span>
    </p>
   </div>
   <div class='ocr_carea' id='block_1_118' title="bbox 2131 5474 3798 5550">
    <p class='ocr_par' dir='ltr' id='par_1_118' title="bbox 2131 5474 3798 5550">
     <span class='ocr_line' id='line_1_118' title="bbox 2131 5474 3798 5550; baseline -0.001 -17"><span class='ocrx_word' id='word_1_899' title='bbox 2131 5495 2234 5550; x_wconf 88' lang='lat' dir='ltr'><strong><em>que</em></strong></span> <span class='ocrx_word' id='word_1_900' title='bbox 2262 5493 2334 5532; x_wconf 73' lang='lat' dir='ltr'><strong><em>ex</em></strong></span> <span class='ocrx_word' id='word_1_901' title='bbox 2361 5475 2640 5530; x_wconf 86' lang='lat' dir='ltr'><strong><em>voluntate</em></strong></span> <span class='ocrx_word' id='word_1_902' title='bbox 2667 5479 2878 5542; x_wconf 85' lang='lat' dir='ltr'><strong><em>carnis,</em></strong></span> <span class='ocrx_word' id='word_1_903' title='bbox 2910 5493 3087 5548; x_wconf 84' lang='lat' dir='ltr'><strong><em>neque</em></strong></span> <span class='ocrx_word' id='word_1_904' title='bbox 3116 5496 3187 5534; x_wconf 71' lang='lat' dir='ltr'><strong><em>ex</em></strong></span> <span class='ocrx_word' id='word_1_905' title='bbox 3217 5479 3497 5533; x_wconf 84' lang='lat' dir='ltr'><strong><em>voluntate</em></strong></span> <span class='ocrx_word' id='word_1_906' title='bbox 3527 5477 3662 5546; x_wconf 78' lang='lat' dir='ltr'><strong><em>viri,</em></strong></span> <span class='ocrx_word' id='word_1_907' title='bbox 3704 5474 3798 5532; x_wconf 84' lang='lat' dir='ltr'><strong><em>sed</em></strong></span> 
     </span>
    </p>
   </div>
   <div class='ocr_carea' id='block_1_119' title="bbox 2128 5565 3792 5638">
    <p class='ocr_par' dir='ltr' id='par_1_119' title="bbox 2128 5565 3792 5638">
     <span class='ocr_line' id='line_1_119' title="bbox 2128 5565 3792 5638; baseline -0.001 -15"><span class='ocrx_word' id='word_1_908' title='bbox 2128 5585 2201 5623; x_wconf 77' lang='lat' dir='ltr'><strong><em>ea:</em></strong></span> <span class='ocrx_word' id='word_1_909' title='bbox 2232 5568 2333 5622; x_wconf 86' lang='lat' dir='ltr'><strong><em>Deo</em></strong></span> <span class='ocrx_word' id='word_1_910' title='bbox 2364 5565 2492 5618; x_wconf 87' lang='lat' dir='ltr'><strong><em>nati</em></strong></span> <span class='ocrx_word' id='word_1_911' title='bbox 2521 5572 2650 5617; x_wconf 85' lang='lat' dir='ltr'><strong><em>sunt</em></strong></span> <span class='ocrx_word' id='word_1_912' title='bbox 2687 5565 2867 5635; x_wconf 85' lang='lat' dir='ltr'><strong><em>(Joan.</em></strong></span> <span class='ocrx_word' id='word_1_913' title='bbox 2906 5583 2946 5630; x_wconf 75' lang='grc' dir='ltr'><strong><em>ι,</em></strong></span> <span class='ocrx_word' id='word_1_914' title='bbox 2981 5567 3090 5638; x_wconf 89' lang='grc'><strong><em>13).</em></strong></span> <span class='ocrx_word' id='word_1_915' title='bbox 3133 5569 3228 5622; x_wconf 85' lang='lat' dir='ltr'><strong><em>Est</em></strong></span> <span class='ocrx_word' id='word_1_916' title='bbox 3259 5571 3316 5622; x_wconf 92' lang='lat' dir='ltr'><strong><em>in</em></strong></span> <span class='ocrx_word' id='word_1_917' title='bbox 3368 5568 3540 5622; x_wconf 89' lang='lat' dir='ltr'><strong><em>nobis</em></strong></span> <span class='ocrx_word' id='word_1_918' title='bbox 3573 5567 3792 5622; x_wconf 79' lang='lat' dir='ltr'><strong><em>caritas</em></strong></span> 
     </span>
    </p>
   </div>
   <div class='ocr_carea' id='block_1_120' title="bbox 2128 5651 3792 5726">
    <p class='ocr_par' dir='ltr' id='par_1_120' title="bbox 2128 5651 3792 5726">
     <span class='ocr_line' id='line_1_120' title="bbox 2128 5651 3792 5726; baseline -0.003 -12"><span class='ocrx_word' id='word_1_919' title='bbox 2128 5655 2339 5723; x_wconf 88' lang='lat' dir='ltr'><strong><em>Patris,</em></strong></span> <span class='ocrx_word' id='word_1_920' title='bbox 2377 5653 2517 5724; x_wconf 85' lang='lat' dir='ltr'><strong><em>quia</em></strong></span> <span class='ocrx_word' id='word_1_921' title='bbox 2545 5651 2621 5721; x_wconf 84' lang='lat' dir='ltr'><strong><em>(at</em></strong></span> <span class='ocrx_word' id='word_1_922' title='bbox 2651 5655 2722 5707; x_wconf 90' lang='lat' dir='ltr'><strong><em>de</em></strong></span> <span class='ocrx_word' id='word_1_923' title='bbox 2755 5654 2890 5726; x_wconf 87' lang='lat' dir='ltr'><strong><em>qua)</em></strong></span> <span class='ocrx_word' id='word_1_924' title='bbox 2925 5655 3068 5712; x_wconf 89' lang='lat' dir='ltr'><strong><em>dicit</em></strong></span> <span class='ocrx_word' id='word_1_925' title='bbox 3097 5656 3318 5712; x_wconf 87' lang='lat' dir='ltr'><strong><em>Paulus</em></strong></span> <span class='ocrx_word' id='word_1_926' title='bbox 3352 5673 3367 5712; x_wconf 91' lang='lat'><strong>:</strong></span> <span class='ocrx_word' id='word_1_927' title='bbox 3423 5656 3792 5714; x_wconf 77' lang='lat' dir='ltr'><strong><em>Commendat</em></strong></span> 
     </span>
    </p>
   </div>
   <div class='ocr_carea' id='block_1_121' title="bbox 2199 5794 3204 5880">
    <p class='ocr_par' dir='ltr' id='par_1_121' title="bbox 2199 5794 3204 5880">
     <span class='ocr_line' id='line_1_121' title="bbox 2199 5794 3204 5880; baseline 0.004 -23"><span class='ocrx_word' id='word_1_928' title='bbox 2199 5802 2276 5880; x_wconf 91' lang='lat' dir='ltr'><strong><em>(b)</em></strong></span> <span class='ocrx_word' id='word_1_929' title='bbox 2309 5799 2419 5857; x_wconf 87' lang='lat' dir='ltr'><strong><em>Ms.</em></strong></span> <span class='ocrx_word' id='word_1_930' title='bbox 2457 5794 2656 5868; x_wconf 87' lang='lat' dir='ltr'><strong><em>Corb.,</em></strong></span> <span class='ocrx_word' id='word_1_931' title='bbox 2685 5800 2749 5854; x_wconf 78' lang='lat' dir='ltr'><strong><em>ut</em></strong></span> <span class='ocrx_word' id='word_1_932' title='bbox 2773 5799 2953 5858; x_wconf 75' lang='lat' dir='ltr'><strong><em>omnis</em></strong></span> <span class='ocrx_word' id='word_1_933' title='bbox 2986 5801 3204 5876; x_wconf 82' lang='lat' dir='ltr'><strong><em>lingua.</em></strong></span> 
     </span>
    </p>
   </div>
  </div>
