3886 6334
182 271 271 333 305
1581 261 1972 324 EPISTOLA
2016 261 2066 322 Ι.

3402 265 3520 324 306

183 398 952 480 ptiasOperidivinoapplicare
969 415 1082 456 non
1101 398 1625 470 ambigitgentium
1656 396 1764 451 Do-
1791 398 1839 462 Α
1873 396 2169 451 contrahit
2192 397 2509 454 infirmitas
2528 398 2799 468 carnis,si
2820 398 3049 453 mulieri
3069 415 3174 453 non
3207 398 3520 455 misceatur

185 504 291 561 ctor,
319 497 443 549 utet
472 489 720 545 mulieris
747 491 806 545 in
837 506 1078 562 corpore
1101 490 1229 550 viri.
1255 494 1312 543 et
1343 489 1398 542 in
1429 488 1623 541 uxoris
1647 504 1767 541 cor-

180 585 372 660 poreviri
390 585 724 652 potestatem
757 579 968 645 aequali
1007 579 1411 650 prorsusjure
1435 576 1761 643 confirmet,

175 679 344 733 dicens:
371 672 549 725 Mulier
575 669 664 724 sui
683 669 934 739 corporis
963 673 1286 736 potestatem
1315 683 1428 722 non
1459 667 1535 736 (a)
1573 666 1759 728 habet,

175 767 246 820 sed
265 765 353 822 vir;
377 759 632 815 similiter
659 763 852 813 autem
883 761 932 812 et
957 760 1040 812 vir
1065 759 1156 812 sui
1179 757 1421 827 corporis
1440 758 1760 825 potestatem

177 870 254 909 non
296 851 447 916 habet,
489 847 578 903 sed
623 849 830 902 mulier
868 846 1053 915 (Ibid.,
1081 847 1154 916 4).
1203 845 1333 899 Alio
1384 849 1581 899 autem
1639 844 1761 896 loco

175 945 289 997 idem
316 939 456 994 dicit:
491 937 631 1005 Quia
671 953 782 992 non
813 947 891 992 est
921 940 1162 1008 potestas
1213 935 1329 989 nisi
1359 951 1391 988 a
1425 934 1528 988 Deo
1583 933 1758 1004 (Rom.

181 1049 270 1096 xm,
300 1033 362 1098 1.)

227 1123 332 1177 CAP.
364 1135 437 1174 ιιι.
483 1117 753 1175 Utendum
803 1116 1056 1187 conjugio
1104 1122 1336 1186 propter
1376 1111 1608 1184 prolem,
1653 1125 1762 1164 non

170 1214 342 1282 propter
359 1208 659 1264 libidinem.
686 1238 746 1247 --
765 1207 817 1259 6.
847 1207 1035 1276 Hujus
1054 1204 1235 1275 igitur
1253 1203 1562 1273 potestatis
1585 1198 1765 1254 incul-

172 1299 419 1371 pabilisest
435 1295 800 1362 usus,ofﬁcio
817 1293 1088 1366 gignendi
1113 1291 1396 1346 divinitus
1417 1289 1763 1355 attributus,

170 1389 416 1454 sijustitis:
433 1385 753 1440 terminum
774 1384 1100 1455 transgredi
1121 1381 1476 1436 libidinosus
1501 1395 1614 1433 non
1632 1393 1761 1449 per-

171 1479 694 1532 mittaturexcessus.
723 1472 959 1528 Justitia
982 1487 1114 1525 vero
1142 1469 1341 1524 utendi
1361 1466 1617 1538 conjugii
1644 1465 1764 1519 haec

168 1574 246 1629 est,
273 1569 325 1618 ut
355 1581 455 1618 non
490 1561 796 1632 explendas
840 1559 1122 1628 libidinis,
1170 1556 1598 1613 substituendae
1632 1570 1761 1626 pro-

169 1654 219 1708 lis
236 1655 443 1708 obtentu
468 1651 583 1705 sibi
607 1651 893 1721 conjuges
918 1664 1176 1718 congruo
1199 1652 1461 1717 tempore
1484 1643 1767 1698 miscean-

1871 485 2060 553 alteri,
2093 487 2362 558 quisquis
2388 505 2500 542 non
2525 505 2626 559 pro
2651 487 2772 542 sola
2798 487 3191 559 generatione,
3217 488 3318 541 sed
3341 489 3516 543 etiam

1871 585 2106 645 propter
2149 575 2523 647 fragilitatem
2575 577 2769 632 carnis
2818 595 2938 631 sum
2979 578 3261 632 miscetur
3309 579 3512 632 uxori:

1870 663 2008 733 quia
2031 667 2140 720 etsi
2165 667 2462 736 praeﬁxum
2486 667 2910 721 concumbendi
2934 667 3172 720 modum
3193 667 3520 733 transit,ta-

1871 771 2002 809 men
2037 756 2405 827 conjugalem
2437 758 2751 812 terminum
2803 774 2915 811 non
2967 758 3228 824 excedit;
3277 762 3332 812 et
3379 757 3516 813 licet

1870 845 2170 900 contrahat
2201 845 2787 901 carnalisinlirmitas
2817 845 3050 918 culpam
3102 847 3375 916 impetrat
3424 852 3512 901 ta-

1869 949 2001 988 men
2040 934 2317 1005 nuptialis
2346 935 2649 1007 integritas
2681 935 2926 990 veniam.
2961 936 3179 1005 Accipit
3209 952 3346 1006 ergo
3379 934 3515 992 talis

1869 1023 2446 1094 indulgentiam,non
2477 1041 2578 1096 pro
2607 1041 2670 1079 eo
2696 1025 2845 1095 quod
2872 1025 2943 1078 ab
2969 1041 3083 1078 una
3105 1025 3365 1079 debitum
3390 1041 3519 1079 con-

1860 1113 2063 1184 jugale
2097 1113 2228 1185 plus
2263 1131 2434 1184 quam
2489 1119 2714 1185 oportet
2760 1114 2942 1185 exigit
2987 1115 3087 1180 (al.
3129 1116 3360 1186 exegit),
3414 1115 3517 1170 sed

1867 1202 2005 1272 quia
2037 1218 2151 1256 una
2190 1201 2448 1272 legitime
2477 1203 2576 1272 (al.
2609 1202 2894 1273 legitima)
2921 1206 3151 1272 accepta
3183 1208 3514 1271 contentus,

1868 1289 2110 1345 alteram
2145 1308 2258 1346 non
2293 1292 2558 1362 requirit.
2593 1291 2652 1346 Si
2684 1296 2882 1346 tamen
2907 1308 3022 1346 non
3055 1293 3519 1348 desuntmiseri-

1868 1379 2076 1434 cordia:
2109 1397 2305 1451 opera,
2341 1397 2469 1451 quae
2493 1385 2720 1434 tantum
2758 1379 2949 1434 valent
2974 1381 3028 1433 in
3057 1379 3334 1451 religione
3353 1381 3517 1436 Chri-

1869 1467 2078 1534 stiana,
2114 1473 2176 1523 ut
2207 1485 2321 1524 non
2355 1467 2547 1524 solum
2582 1467 2680 1540 qui
2705 1467 2994 1540 conjugiis
3019 1474 3269 1524 utuntur
3290 1475 3392 1524 aut
3415 1469 3514 1542 qui

1870 1559 2235 1613 continentes
2268 1563 2429 1624 sunt,
2473 1559 2574 1614 sed
2609 1559 2781 1614 etiam
2816 1559 3070 1631 virgines
3106 1560 3174 1614 ad
3210 1560 3514 1631 praemium

1870 1647 2221 1719 virginitatis
2254 1648 2552 1718 pervenire
2583 1664 2698 1702 non
2728 1650 2972 1718 possint,
3001 1648 3049 1702 si
3082 1663 3258 1719 opera
3289 1649 3514 1703 miseri-

170 1749 256 1797 tur.
284 1742 336 1797 In
363 1741 746 1810 illisnamque
771 1739 940 1793 bonis
963 1753 1089 1807 quia
1114 1735 1441 1800 fecitDeus,
1471 1732 1764 1788 invenitur
1791 1767 1839 1833 Β
1870 1739 2080 1792 cordia:
2104 1737 2488 1807 caritatisque
2525 1737 2905 1808 neglexerint.
2939 1737 2996 1791 Si
3020 1754 3151 1793 vero
3174 1739 3308 1808 quis
3330 1738 3516 1793 inten-

170 1839 288 1886 (λεια
308 1830 584 1901 cepulatio
613 1829 885 1882 uxoriset
901 1827 1029 1893 viri;
1049 1825 1106 1880 in
1129 1825 1346 1896 quibus
1363 1821 1758 1894 Dei;operibus

168 1919 303 1974 libido
316 1936 417 1974 non
434 1923 628 1990 potest
644 1915 912 1976 inveniri;
930 1931 1030 1969 nec
1046 1910 1613 1984 aliquandojustitia:
1627 1926 1758 1965 con-

165 2011 294 2075 l-ruit,
317 2025 430 2080 quae
459 2024 572 2062 non
603 2005 946 2061 hominibus
976 2021 1044 2059 ex
1074 2005 1223 2059 dono
1256 1999 1606 2056 conditionis
1655 1999 1754 2070 (al.

165 2098 468 2167 conditoris),
519 2095 632 2150 sed
683 2093 1004 2166 peccatoris
1058 2108 1126 2146 ex
1172 2090 1312 2146 vitio
1360 2089 1561 2161 prima:
1613 2105 1756 2160 prai-

163 2187 478 2241 varicationis
509 2183 1062 2240 accessit.1468ed
1098 2180 1236 2252 quia
1265 2181 1391 2234 sine
1412 2179 1535 2243 illa,
1557 2179 1613 2232 in
1638 2194 1760 2232 cor-

164 2294 265 2347 pore
283 2277 467 2332 mortis
500 2273 918 2344 bujus,proles
950 2271 1213 2326 humana
1245 2286 1361 2324 non
1393 2269 1753 2333 seritur,non

163 2384 256 2422 eam
282 2359 1147 2434 aﬂ'ectantconjugiacasta,sed
1169 2359 1436 2420 tolerant,
1463 2356 1632 2426 eique
1653 2357 1758 2410 im-

159 2454 562 2526 ponitnuptialis
580 2453 867 2508 honestas
884 2449 1121 2505 modum
1142 2448 1268 2504 sine
1290 2465 1404 2518 qua
1429 2463 1542 2500 non
1570 2450 1756 2516 potest

157 2548 199 2597 in
225 2558 368 2598 carne
398 2540 624 2613 peccati
662 2537 944 2595 naturalis
975 2540 1203 2606 explere
1232 2534 1605 2590 fecunditatis
1627 2533 1753 2588 ofﬁ-

159 2635 300 2688 cium.

205 2723 249 2774 7.
276 2721 356 2775 Sic
386 2735 517 2790 ergo
551 2716 742 2788 quazri
776 2716 944 2770 debet
973 2731 1040 2770 ex
1063 2713 1285 2786 nuptiis
1309 2712 1555 2779 fructus,
1586 2717 1648 2766 ut
1668 2728 1757 2767 co-

158 2810 392 2864 hibendus
419 2808 495 2863 sit
523 2807 774 2862 lubricae
802 2804 1110 2876 voluptatis
1137 2819 1429 2858 excessus.
1452 2801 1752 2866 Quocirca,

159 2899 191 2952 si
216 2898 512 2968 coniugalis
545 2913 700 2951 usus
727 2899 964 2950 catenus
996 2897 1370 2961 temperetur,
1408 2895 1471 2945 ut
1502 2907 1615 2944 non
1648 2906 1757 2945 ass-

154 2987 534 3042 tuantilibidini
552 2983 1044 3050 animusserviat,
1061 2981 1163 3037 sed
1187 2985 1525 3052 proventum
1553 2978 1752 3033 nasci-

154 3085 260 3130 turze
290 3077 456 3148 prolis
486 3076 782 3142 attendat,
809 3077 864 3128 et
886 3089 1016 3128 cum
1045 3075 1181 3126 nata
1212 3070 1387 3125 fuerit
1417 3069 1750 3124 diluendam

1868 1833 1965 1880 tus
1996 1827 2271 1897 operibus
2304 1827 2472 1880 bonis
2496 1830 2718 1880 tantam
2754 1826 3143 1881 servaveritin
3169 1843 3344 1882 uxore
3367 1833 3513 1882 tem-

1865 1915 2106 1985 periem,
2144 1919 2205 1968 ut
2235 1913 2488 1969 ﬁliorum
2516 1916 3004 1986 procreandorum
3053 1931 3231 1970 causa
3254 1920 3503 1970 tantum-

1867 2003 2038 2059 modo
2057 2003 2372 2058 misceatur
2394 2003 2577 2067 uxori,
2613 2004 2793 2058 multa
2819 2003 2988 2057 laude
3011 2002 3144 2058 talis
3167 2006 3256 2058 est
3281 2003 3509 2074 procul-

1867 2093 2045 2146 dubio
2078 2092 2310 2160 dignus,
2345 2093 2390 2146 si
2424 2091 2554 2162 quis
2606 2091 2712 2147 hoc
2763 2091 2978 2147 nostris
3034 2096 3224 2164 potest
3267 2091 3513 2163 implere

1866 2180 2261 2252 temporibus.

1936 2272 2020 2325 10.
2056 2270 2382 2326 Fornicatio
2416 2275 2610 2325 tamen
2645 2287 2947 2342 nunquam
2983 2273 3173 2342 potest
3223 2286 3348 2326 esse
3390 2273 3516 2328 sine

1863 2359 2022 2432 gravi
2047 2360 2376 2426 crimine,in
2401 2377 2518 2430 qua
2546 2360 2681 2415 licet
2707 2376 2820 2415 non
2841 2360 3180 2414 dubitemus
3204 2361 3510 2419 damnabi-

1861 2448 1995 2504 liter
2027 2465 2263 2521 peccare
2294 2448 2590 2504 hominen;
2624 2449 2696 2504 ab
2733 2465 2908 2503 uxore
2931 2449 3314 2520 disjunctum,
3348 2453 3512 2508 dam-

1860 2537 2310 2592 nabiliustamen
2327 2537 2596 2592 fornicari
2612 2538 2878 2592 existimo
2891 2538 3519 2610 conjugetumUtrum-

1862 2643 1975 2698 que
2008 2631 2203 2680 autem
2222 2627 2524 2697 Scriptura
2546 2627 3237 2697 sanctajudicandum,et
3268 2646 3300 2683 a
3332 2645 3510 2701 regno

1864 2716 2153 2787 (al.regni)
2169 2715 2267 2770 Dei
2286 2717 2626 2787 pronuntiat
2648 2716 2927 2771 alienum:
2944 2722 3228 2787 scriptum
3253 2735 3506 2789 namque

1860 2809 1949 2862 est
1966 2805 2023 2858 in
2049 2803 2306 2875 Epistola
2328 2804 2400 2858 ad
2425 2804 2714 2860 Hebraaos:
2733 2805 2878 2873 Quia
2900 2808 3266 2873 fornicatores
3285 2811 3335 2861 et
3355 2808 3511 2863 adut-

1859 2899 1999 2950 teros
2018 2892 2291 2964 judicabit
2329 2895 2468 2948 Deus
2497 2894 2678 2962 (Hebr.
2725 2910 2848 2964 xm,
2895 2895 2966 2963 4).
3022 2894 3089 2948 Et
3138 2895 3198 2950 iu
3248 2895 3508 2966 Epistola

1862 3000 2038 3055 quam
2055 2983 2124 3037 ad
2140 2982 2472 3038 Corinthios
2487 2983 2634 3037 I47
2656 2983 2890 3054 scripsit
2911 2982 3499 3053 Apostolus,dicitur:

1865 3073 2043 3128 Nolite
2071 3088 2278 3127 errare:
2302 3088 2477 3143 neque
2502 3073 2815 3142 fornicarii,
2849 3088 3020 3142 neque
3052 3072 3219 3127 idolis
3248 3076 3505 3130 servien-

151 3145 346 3222 celerius
363 3161 1008 3238 spiritaligeneratione
1024 3178 1138 3216 non
1158 3159 1551 3230 negligat,non
1578 3158 1752 3228 depu-
1781 3145 1826 3207 C
1867 3166 1963 3227 tes,
1991 3178 2168 3231 neque
2197 3160 2466 3227 adulleri,
2500 3177 2674 3232 neque
2700 3161 2908 3228 molles,
2940 3179 3117 3232 neque
3147 3164 3511 3219 masculorum

153 3263 276 3310 tatur
288 3256 546 3310 ﬁdelibus
564 3252 929 3324 conjugibus
941 3251 1010 3305 ad
1029 3259 1318 3321 peccatum
1330 3247 1758 3303 carnisindulta

156 3344 462 3412 commixtio,
498 3345 647 3416 quia
681 3349 738 3398 et
767 3341 1093 3411 conjugalis
1125 3344 1315 3394 servat
1345 3335 1756 3392 confoederatio

155 3436 456 3500 castitatem,
488 3440 545 3488 et
579 3431 936 3487 verecundia
965 3428 1222 3484 custodit
1254 3427 1518 3482 modesta
1536 3431 1758 3496 tempe-

155 3521 282 3586 riem.
300 3529 351 3579 et
373 3530 480 3579 Deo
505 3520 826 3578 dicandam
842 3515 1405 3589 conjugalisexbibet
1429 3513 1756 3569 fecunditas

153 3611 350 3679 prolem,
381 3613 452 3683 (b)
489 3617 553 3666 ut
585 3615 645 3663 et
680 3605 1082 3676 Redemptoris
1106 3621 1213 3676 ope
1245 3604 1557 3674 bomojam
1585 3607 1756 3656 natus

153 3699 623 3771 reiarmeturbapti
635 3697 836 3754 smatis
851 3694 1396 3762 sacramento,oujus
1409 3707 1581 3762 opere
1596 3691 1677 3760 pri
1689 3706 1756 3744 us

153 3791 393 3844 formatur
424 3791 480 3844 in
518 3795 716 3853 utero;
750 3791 806 3840 et
837 3785 998 3840 illum
1035 3784 1243 3840 habeat
1263 3783 1520 3836 humana
1547 3785 1758 3834 natura

153 3879 388 3934 beneﬁcio
403 3878 684 3934 secunda;
701 3875 1018 3930 nativitatis
1043 3878 1467 3945 patrem,quem
1484 3869 1541 3923 in
1567 3872 1757 3940 prima

152 3969 401 4024 nativitale
427 3985 547 4023 suae
585 3963 946 4022 conditionis
985 3959 1248 4033 agnoscit
1274 3968 1593 4014 auctorem.

199 4058 240 4110 8.
285 4059 644 4128 Conjugatus
692 4069 829 4124 ergo
878 4052 926 4106 si
985 4050 1300 4105 fornicetur
1345 4045 1756 4104 damnabiliter

148 4153 342 4218 peccat;
374 4150 418 4204 si
455 4165 591 4203 vero
640 4143 794 4199 thori
849 4142 1020 4198 ﬁdem
1074 4159 1188 4197 non
1240 4141 1491 4205 deserat,
1544 4139 1647 4193 sed
1695 4137 1750 4192 in

151 4252 287 4292 uxore
315 4254 440 4300 sua,
466 4232 732 4291 naturali
758 4232 1038 4286 duntaxat
1063 4247 1196 4297 usu,
1215 4227 1648 4300 aliquantulum
1672 4227 1757 4281 in-

148 4331 459 4398 temperatus
490 4325 594 4394 (al.
624 4320 1100 4391 intemperatius)
1131 4319 1389 4384 excedat,
1414 4334 1527 4371 non
1563 4318 1751 4371 solum

147 4416 318 4470 scilicet
337 4409 1171 4484 generationemquaarens,sed
1192 4405 1752 4476 aliquandolibidini

1863 3250 2260 3317 concubitores,
2290 3266 2463 3320 neque
2489 3251 2662 3316 fures.
2697 3266 2870 3320 neque
2889 3249 3068 3315 avari,
3095 3267 3271 3321 neque
3287 3252 3511 3322 ebriosi,

1863 3356 2036 3411 neque
2065 3341 2348 3407 maledici,
2381 3354 2555 3408 neque
2603 3355 2847 3409 rapaces,
2883 3356 3110 3409 regnum
3141 3341 3238 3395 Dei
3263 3343 3514 3412 posside-

1866 3431 1998 3484 bunt
2044 3430 2092 3499 (Ι
2138 3430 2267 3482 Cor.
2319 3445 2398 3493 vx,
2441 3428 2496 3494 9,
2539 3430 2647 3498 10).
2683 3429 2910 3483 Rursus
2935 3429 3087 3483 inter
3114 3445 3290 3499 opera
3320 3433 3512 3487 carnis

1865 3518 2016 3572 idem
2033 3516 2333 3589 apostolus
2349 3515 2567 3571 Paulus
2583 3516 3508 3589 fornicationem,immunditiam,

1865 3606 2649 3678 luxuriamquedinumerat;
2674 3607 2732 3661 in
2752 3624 3002 3677 quorum
3029 3608 3406 3664 conclusione
3429 3610 3514 3666 di-

1863 3697 1961 3751 cit:
1998 3695 2277 3768 Quoniam
2299 3698 2399 3766 qui
2417 3696 2559 3750 talia
2583 3705 2754 3764 agunt
2773 3713 3004 3767 regnum
3029 3700 3130 3752 Dei
3149 3715 3265 3752 non
3289 3700 3356 3770 (ε)
3378 3716 3511 3755 con-

1861 3796 2161 3858 sequentur
2187 3785 2384 3853 (Galat.
2421 3803 2474 3851 v,
2496 3787 2610 3856 2t).
2645 3791 2967 3842 Prasmonet
2996 3787 3174 3842 etiam
3219 3805 3288 3844 ne
3331 3793 3510 3860 lugeat

1863 3877 2062 3931 multos
2090 3893 2159 3931 ea:
2186 3876 2270 3930 his
2296 3877 2393 3946 qui
2421 3885 2550 3930 ante
2592 3881 2978 3947 peccaverunt,
3027 3885 3077 3932 et
3124 3894 3232 3932 non
3280 3887 3510 3947 egerunt

1859 3965 2241 4038 paenitentiam
2270 3965 2342 4034 (ἀ)
2375 3980 2541 4034 super
2571 3964 2949 4030 immunditia,
2975 3976 3024 4020 et
3050 3969 3438 4035 fornicatione,
3459 3977 3510 4024 et

1861 4054 2237 4126 impudicitia,
2273 4071 2440 4126 quam
2467 4061 2746 4124 gesserunt
2777 4056 2844 4124 (ll
2878 4054 3001 4109 Cor.
3034 4073 3132 4121 xu,
3165 4058 3274 4123 2t).

1933 4143 2066 4200 CAP.
2100 4162 2155 4200 ν.
2188 4147 2314 4200 Vota
2344 4147 2455 4198 Deo
2487 4143 2758 4198 reddenda
2803 4147 3005 4214 absque
3031 4146 3406 4200 excusatione.
3443 4175 3511 4184 -ι

1864 4235 1950 4288 11.
1986 4234 2171 4303 Igitur
2191 4233 2324 4302 quia
2355 4233 2424 4286 de.
2443 4231 2723 4302 qualitate
2742 4233 3016 4302 conjugii,
3046 4233 3196 4302 quod
3223 4233 3511 4289 Dominus

1861 4322 2117 4389 donavit,
2142 4321 2420 4387 diximus,
2437 4319 2580 4373 illud
2606 4325 2696 4373 est
2717 4325 3140 4389 consequenter
3161 4325 3280 4374 tota
3303 4321 3516 4374 sollici-

1859 4412 2064 4466 tudine
2097 4409 2597 4481 pertractandum,
2647 4408 2928 4478 quidnam
2955 4416 3154 4464 vestrae
3193 4412 3509 4466 voluntatis

144 4504 297 4560 carnis
324 4501 748 4568 obediens,hoc
781 4499 1018 4570 quidem
1051 4499 1178 4552 sine
1213 4495 1386 4566 culpa
1419 4513 1532 4550 non
1569 4495 1744 4561 facit;
1781 4505 1825 4569 ι)
1860 4500 2169 4572 ρτεείῖχθιιίι
2195 4498 2262 4570 (si
2299 4515 2414 4568 qua
2448 4506 2583 4551 tunc
2618 4497 2804 4567 potuit
2836 4499 2983 4566 esse)
3015 4498 3260 4553 devotio.
3309 4498 3509 4569 Neque

148 4593 254 4648 talis
282 4600 464 4649 autem
500 4592 681 4663 culpa
709 4589 884 4644 citius
907 4588 1052 4642 bene
1075 4586 1334 4656 Operanti
1363 4589 1539 4656 atque
1560 4587 1749 4639 oranti

147 4683 440 4748 remittitur,
465 4681 606 4754 quia
640 4678 759 4750 ipsi
777 4677 1008 4748 conjugi
1028 4679 1222 4730 servat
1239 4672 1524 4728 maritalis
1539 4673 1752 4728 caritas

147 4773 309 4838 tidem,
333 4779 387 4826 in
407 4789 526 4843 qua
551 4786 674 4825 non
701 4770 887 4838 potest
912 4762 1199 4818 maritalis
1228 4763 1543 4816 infirmitas
1565 4767 1756 4817 custo-

148 4861 242 4915 dire
259 4860 675 4933 temperiem;et
693 4856 740 4910 si
759 4853 1040 4924 nuptialis
1055 4855 1111 4907 in
1137 4869 1312 4906 uxore
1338 4851 1620 4906 modestia
1638 4868 1752 4906 non

149 4955 353 5018 tenetur,
384 4966 417 5004 a
444 4946 698 5020 nuptiali
735 4952 926 4998 tamen
956 4942 1065 4997 fide
1089 4942 1252 4996 nulla
1274 4940 1756 4996 immoderatioue

148 5037 444 5094 disceditur.

197 5121 817 5184 Cip.1v.Servatathori
837 5121 969 5192 ﬁdes
995 5121 1264 5175 maculam
1288 5119 1536 5174 libidinis
1560 5117 1752 5174 diluit.

145 5216 601 5289 Omnisfornicatio
625 5210 958 5267 damnabilis
995 5211 1305 5282 praesertim
1330 5209 1386 5263 in
1405 5209 1652 5279 conjuge.
1689 5241 1752 5249 -

143 5303 185 5356 9.
215 5306 431 5361 Retenta
458 5320 599 5375 ergo
632 5300 786 5356 thori
828 5299 972 5353 fides
1017 5298 1307 5353 maculam
1359 5297 1526 5353 diluit
1578 5315 1750 5368 quam

204 5450 266 5522 (a)
289 5454 367 5505 lta
390 5466 527 5504 mss.
550 5443 724 5522 Corb..
754 5446 811 5522 et
841 5441 1056 5522 Victor:
1082 5457 1187 5522 nec
1217 5459 1328 5522 non
1361 5448 1554 5522 aptet
1579 5443 1749 5498 Basil.

150 5515 314 5576 (Lolon.
344 5537 493 5588 vero,
532 5535 655 5572 non
695 5515 912 5577 habeat,
961 5515 1056 5568 sed
1099 5517 1202 5579 vir,
1258 5515 1588 5570 similiter...
1646 5531 1752 5570 non

154 5589 633 5734 Mfomathisitfborb.
667 5665 720 5716 et
747 5657 992 5722 Victor.,
1018 5661 1079 5711 ut
1109 5656 1206 5712 Dei
1230 5659 1624 5730 Redemptoris.

1861 4589 2014 4646 enim
2039 4589 2178 4661 quia
2203 4589 2259 4642 in
2298 4589 2470 4642 rebus
2505 4587 2598 4658 (al.
2636 4587 2830 4658 rebus)
2855 4607 2883 4641 a
2910 4592 3021 4642 Deo
3045 4589 3339 4644 concessis
3362 4605 3508 4644 usus

1862 4679 2206 4734 hominibus
2239 4694 2353 4732 non
2388 4676 2780 4738 interdicitur,
2809 4677 2937 4730 ideo
2961 4677 3132 4732 debet
3159 4678 3332 4734 homo
3357 4680 3503 4750 quod

1860 4769 2078 4823 voverit
2109 4767 2222 4822 Deo
2257 4783 2368 4820 non
2403 4765 2796 4831 reddere,cum
2831 4767 3111 4836 scriptum
3144 4766 3240 4822 sit:
3273 4768 3508 4824 Reddam

1864 4857 1969 4914 tibi
1996 4862 2124 4911 vota.
2156 4873 2300 4920 inea,
2332 4871 2452 4926 quae
2481 4855 2860 4910 distinxerunt
2884 4857 3032 4910 labia
3054 4874 3176 4912 mea
3194 4859 3508 4924 (Ρεαι.ιιν,

1866 4947 1972 5018 13).
2011 4951 2078 5002 Et
2108 4962 2178 5000 ne
2194 4949 2508 5016 quisquam
2535 4946 2647 5000 sibi
2671 4945 2838 5000 vellet
2860 4947 3290 5002 excusationem
3321 4949 3510 5002 tribu-

1864 5036 2102 5091 lationis
2125 5036 2194 5091 ad
2223 5037 2570 5091 frustrandis:
2589 5033 2883 5090 licentiam
2914 5034 3318 5104 promissionis
3342 5052 3510 5090 assu-

1866 5141 2158 5193 mere,nec
2179 5141 2241 5180 se
2264 5130 2491 5195 putaret
2509 5124 2623 5178 voti
2657 5124 2929 5191 rerum,si
2956 5141 3016 5178 se
3040 5123 3275 5178 dixisset
3300 5123 3369 5177 ad
3404 5123 3505 5177 ali-

1865 5215 2002 5286 quid
2027 5215 2348 5269 vovendum
2381 5231 2493 5269 non
2521 5212 2819 5268 voluntate
2843 5213 2937 5266 sed
2967 5210 3340 5266 tribulatione
3361 5227 3514 5265 com-

1866 5303 2122 5373 pulsum,
2152 5305 2368 5358 docens
2408 5303 2611 5357 beatus
2643 5300 2820 5354 David
2856 5300 3055 5353 omnia
3081 5315 3209 5353 esse
3241 5299 3356 5354 Deo
3381 5301 3508 5354 red-

1934 5445 2002 5517 (c)
2029 5445 2111 5500 lta
2144 5461 2253 5500 ms.
2287 5444 2455 5499 Corb.
2483 5447 2540 5496 et
2572 5441 2805 5517 Graacus
2832 5439 3090 5511 Apostoli
3115 5444 3329 5498 textus.
3357 5443 3504 5501 Editi

1861 5515 1994 5571 vero
2022 5532 2242 5582 omnes,
2275 5515 2697 5583 consequuntur.

1921 5587 2000 5658 (ά)
2033 5580 2518 5655 Ms.Corb.,Super
2539 5580 3032 5654 immunditiam,el
3049 5585 3501 5658 fornicationem,

1861 5666 1915 5712 et
1935 5659 2364 5730 impudicitiam.
