3982 6218
441 260 561 322 315

1436 265 1501 324 S.
1547 253 1974 322 FULGENTII
2020 249 2375 313 EPISGOPl
2421 255 2862 318 RUSPENSlS
3701 259 3797 318 316

445 405 565 446 suaa
581 391 839 448 debitum
856 393 1092 462 reddat;
1125 395 1226 450 sed
1247 394 1470 451 beatior
1491 411 1617 466 quae
1641 392 1834 449 soluta
1855 389 1938 444 sic
1961 400 2083 456 ρει*-
2117 382 2172 448 Α
2199 399 2267 436 au
2281 384 2559 442 ferantur:
2587 387 2737 443 sicut
2757 394 2846 446 est
2867 387 3160 460 copulatio
3174 390 3799 462 conjugum,procreatio

448 487 647 536 manet
679 482 941 552 innupta,
975 500 1043 538 ne
1076 484 1298 540 debeat.

518 570 648 626 CAP.
685 587 784 624 vu.
820 571 1131 628 Consolatio
1172 573 1372 630 vidum.
1405 603 1471 615 —
1507 573 1592 628 11.
1628 569 1875 627 Proinde
1913 568 1972 622 in
2021 583 2088 622 eo

446 659 599 730 quod
623 676 690 714 ex
708 665 1020 732 coniugata
1035 662 1183 716 tacta
1210 678 1270 717 es
1285 663 1473 726 vidua,
1491 665 1710 718 donum
1726 660 1826 715 Dei
1850 662 2086 713 auctum

445 747 553 801 tibi
585 749 771 819 magis
802 749 1092 818 existima,
1127 769 1240 806 non
1274 751 1567 806 ablatum:
1605 767 1792 822 neque
1833 748 1988 803 enim
2034 751 2089 800 te

446 838 722 904 deseruit,
755 840 849 910 qui
885 841 988 894 tibi
1013 843 1366 910 sequendam
1395 841 1542 895 viam
1570 841 1694 894 vitae
1722 836 1976 893 melioris
1994 852 2090 891 os-

445 927 652 984 tendit.
685 929 972 983 Gradibus
1004 934 1057 984 te
1088 930 1569 985 voluitDominus
1592 929 1662 983 ad
1690 927 1931 982 meliora
1953 941 2086 978 con-

447 1018 742 1081 scendere,
779 1023 841 1072 ut
863 1020 1244 1090 primitus(al.
1277 1020 1457 1092 prius)
1480 1021 1790 1089 conjugata
1813 1033 1943 1072 cum
1970 1031 2086 1069 uno

447 1104 569 1157 viro
605 1104 854 1158 fideliter
882 1106 1121 1174 viveres,
1145 1124 1258 1178 quo
1281 1108 1652 1178 postmodum
1679 1106 1803 1160 sine
1832 1102 2086 1158 difﬁcul-

447 1197 566 1249 tate
600 1195 823 1266 absque
854 1196 974 1251 viro
1006 1197 1180 1252 vidua
1213 1213 1602 1267 permaneres.
1641 1198 1722 1250 Ad
1759 1195 1867 1250 hoc
1909 1195 2090 1265 igitur

448 1283 712 1337 animum
729 1289 898 1339 tuum
915 1286 1107 1339 divina
1121 1285 1302 1353 gratia
1317 1285 1610 1356 conjugali
1626 1286 1894 1341 castitate
1911 1284 2090 1338 nutri-

448 1370 547 1435 vit,
583 1377 645 1425 ut
674 1389 800 1442 quae
827 1373 1110 1429 didieeras
1145 1374 1240 1428 illo
1277 1392 1390 1429 uno
1426 1375 1648 1430 vivente
1685 1374 1934 1429 alterum
1972 1390 2086 1427 non

448 1476 726 1530 quaerere,
763 1461 1017 1516 disceres
1036 1462 1106 1515 ab
1124 1462 1283 1516 omni
1302 1465 1421 1518 viro
1444 1465 1614 1518 vidua
1631 1462 1942 1518 continere.
1962 1461 2084 1516 Noli

449 1564 587 1618 ergo
605 1549 894 1621 negligere
909 1551 1153 1620 gratiam
1176 1569 1303 1622 quae
1327 1553 1381 1606 in
1406 1557 1558 1608 teest
1574 1572 1586 1609 :
1602 1558 1654 1606 et
1675 1556 1733 1606 tu
1760 1551 1910 1606 enim
1935 1551 2083 1604 nosti

448 1642 668 1707 quanto
685 1639 894 1692 melius
908 1640 1252 1710 sitjugitera
1265 1642 1576 1696 concubitu
1595 1641 2083 1711 continere,quam

447 1725 533 1780 vel
568 1743 670 1797 pro
701 1729 994 1798 conjugali
1028 1730 1372 1784 necessitate
1404 1731 1810 1785 concumbere.
1844 1728 2087 1784 Maritus
2120 1752 2164 1816 B

447 1815 546 1886 qui
569 1815 670 1870 tibi
699 1817 1076 1873 datusfuerat
1097 1822 1167 1874 ad
1187 1826 1435 1891 tempus,
1461 1820 1702 1874 dicessit
1723 1819 1777 1872 in
1801 1825 2081 1888 tempore:

447 1904 620 1959 datus
641 1906 794 1959 enim
821 1907 926 1961 tibi
951 1907 1155 1975 fuerat,
1180 1925 1295 1963 non
1321 1909 1394 1963 ad
1422 1910 1615 1980 patriae
1641 1908 2084 1976 beatitudinem,

447 1993 546 2047 sed
577 1995 648 2048 ad
678 1993 903 2049 itineris
934 1997 1416 2054 consolationem.

519 2084 604 2135 12.
635 2082 755 2137 Alia
786 2086 1001 2156 quippe
1033 2091 1170 2140 sunt
1205 2087 1295 2141 Dei
1329 2087 1503 2156 dona,
1537 2103 1662 2158 qua
1691 2091 1838 2141 Deus
1860 2086 1940 2140 ita
1962 2085 2088 2141 suis

447 2169 979 2241 largiturﬁdelibus
995 2175 1050 2227 in
1067 2175 1333 2244 praesenti
1351 2180 1465 2229 tem
1478 2191 1631 2239 pore,
1649 2179 1923 2228 uteorum
1942 2191 2088 2229 usus

447 2259 506 2312 in
526 2258 632 2314 hac
655 2265 882 2316 tantum
905 2263 1012 2316 vita
1031 2264 1399 2318 necessarius
1421 2264 1724 2333 habeatur,
1743 2281 1857 2332 quo
1881 2264 2003 2317 futu
2015 2281 2087 2318 rae

451 2347 580 2401 vitae
595 2349 800 2403 meritu
813 2367 864 2404 m
882 2361 1275 2420 comparetur;
1291 2354 1438 2407 sicut
1455 2354 1684 2408 estcred
1697 2351 1869 2407 ulitas
1883 2358 2090 2406 rectam

457 2437 495 2489 1
510 2436 608 2492 55
644 2437 812 2492 ﬁdem
839 2439 911 2508 (α)
938 2445 1162 2508 tenens,
1187 2446 1242 2495 et
1268 2442 1526 2512 Operatio
1542 2442 1834 2512 justitiam
1873 2441 2095 2496 miseri-

453 2525 830 2596 cordiamque
845 2529 1181 2583 custodiens
1205 2545 1216 2584 :
1235 2534 1294 2582 ut
1313 2530 1456 2586 ﬁdes
1472 2536 1626 2586 recta
1648 2549 1760 2586 non
1788 2531 2093 2585 deseratur

449 2615 708 2669 caritatis
757 2616 992 2680 auxilio,
1047 2635 1172 2688 qum
1216 2619 1280 2672 in
1315 2620 1650 2690 Operatione
1682 2620 2089 2692 cognoscitur:

445 2708 684 2771 propter
712 2705 870 2774 quod
900 2706 1214 2776 Apostolus
1245 2725 1370 2762 eam
1407 2709 1579 2763 ﬁdem
1617 2709 1822 2780 probat
1851 2726 1971 2780 quae
1999 2726 2094 2780 per

446 2791 787 2847 dilectionem
819 2806 1078 2863 operatur
1107 2795 1306 2864 (Galat.
1342 2813 1394 2866 ν,
1424 2799 1502 2864 6).

519 2883 653 2936 CAP.
688 2898 808 2937 VIII.
841 2884 998 2940 Fides
1023 2887 1071 2940 et
1097 2885 1339 2952 operatio
1370 2886 1684 2942 misericors
1725 2890 1783 2941 in
1831 2887 1935 2942 hac
1981 2886 2097 2942 vita

449 2971 760 3027 necessaria
793 2981 940 3039 sunt,
965 2976 1024 3028 in
1042 2979 1230 3044 patria
1262 2992 1368 3032 non
1393 2981 1570 3032 erunt.
1599 3008 1664 3017 --
1690 2977 1775 3032 13.
1808 2977 1978 3032 Recta
1999 2977 2100 3048 igi-

453 3064 547 3114 tur
579 3062 723 3116 ﬁdes
753 3067 807 3116 et
843 3063 1170 3119 misericors
1194 3066 1454 3135 operatio
1484 3071 1611 3137 post
1635 3065 1782 3121 hanc
1803 3067 1980 3121 vitam
2005 3067 2098 3124 de-

450 3149 668 3220 sinent,
701 3168 834 3206 cum
869 3169 967 3220 per
988 3154 1240 3225 speciem
1267 3155 1580 3217 videbitur,
1603 3156 1758 3224 quod
1786 3172 1938 3210 nunc
1961 3173 2092 3210 cum

449 3240 709 3294 creditur
743 3258 854 3296 non
886 3243 1146 3310 videtur;
1182 3259 1287 3298 nec
1321 3245 1471 3298 inter
1501 3245 1703 3300 beatos
1735 3245 1842 3300 erit
1885 3245 2098 3316 aliquis

449 3328 647 3396 miser,
663 3330 755 3383 cui
776 3331 1178 3388 misericordia
1197 3340 1570 3404 praarogetur.
1589 3333 1717 3389 Haec
1739 3346 1933 3390 autem
1959 3337 2097 3416 duo,

447 3417 505 3472 id
540 3423 629 3474 est
657 3420 802 3475 ﬁdes
831 3427 890 3476 et
919 3424 1200 3494 operatio,
1233 3426 1314 3479 ita
1355 3432 1486 3496 post
1529 3425 1710 3496 hujus
1754 3428 1879 3481 vitis
1923 3427 2097 3481 ﬁnem

450 3521 566 3560 non
599 3511 738 3560 sunt
771 3511 1119 3576 necessaria,
1157 3516 1218 3564 ut
1245 3518 1378 3566 ante
1409 3513 1582 3567 linem
1611 3530 1723 3568 non
1751 3513 1868 3569 sint
1893 3513 2097 3570 ullate-

452 3609 566 3648 nus
587 3597 926 3652 deserenda.
954 3599 1232 3668 Quisquis
1254 3601 1409 3655 enim
1445 3607 1577 3656 ante
1603 3603 1776 3656 ﬁnem
1801 3603 1929 3657 vitae
1954 3621 2097 3674 prte-

453 3683 636 3738 sentis
668 3702 700 3739 a
733 3686 846 3740 ﬁde
878 3694 1028 3742 recta
1054 3689 1173 3742 sive
1205 3690 1357 3744 bona
1383 3692 1716 3760 operatione
1739 3693 2096 3747 discesserit.

451 3772 756 3827 etiamsiin
773 3775 863 3828 his
883 3783 1052 3829 antea
1074 3781 1308 3832 strenue
1321 3779 1741 3850 vigilenterque
1754 3782 2098 3850 cucurrerit,

456 3874 560 3930 pro
591 3875 656 3915 eo
689 3864 839 3930 quod
860 3864 1322 3920 abitinererecto
1339 3868 1594 3936 desistit,
1611 3870 1800 3937 perdit
1822 3871 2096 3924 meritum

455 3949 638 4004 totius
669 3949 894 4006 itineris
927 3953 1078 4022 quod
1113 3953 1386 4008 cucurrit.

533 4037 618 4092 14.
653 4039 794 4092 Item
829 4045 966 4094 sunt
996 4041 1112 4096 alia
1142 4058 1268 4112 quae
1299 4042 1382 4098 sic
1398 4042 1808 4100 hominibusin
1831 4047 1935 4102 hoc
1957 4053 2100 4102 tetu-

457 4142 596 4198 pore
621 4126 805 4198 pietas
828 4127 1309 4198 divinalargitur,
1337 4138 1527 4187 utnon
1555 4132 1745 4189 solum
1771 4135 1826 4189 in
1855 4135 1961 4189 hac
1985 4135 2100 4189 vita

459 4231 593 4271 cum
619 4215 956 4274 hominibus
979 4220 1228 4275 debeant
1251 4221 1327 4292 (b)
1353 4224 2098 4287 manerecontinua,verum

454 4306 629 4360 etiam
654 4314 920 4362 crescant
939 4310 996 4364 in
1023 4309 1410 4366 retributione
1437 4312 1662 4367 divina:
1692 4315 1846 4369 sicut
1866 4320 1953 4369 est
1975 4332 2100 4385 pec-

455 4400 717 4452 catorum
737 4399 1330 4466 mundatio,veritatis
1353 4401 1595 4472 agnitio,
1616 4404 1707 4458 Dei
1737 4405 2102 4475 proximique

2198 472 2478 539 ﬁliorum,
2495 476 2852 533 abundantia
2873 475 3230 550 divitiarum,
3247 480 3609 534 incolumitas
3623 495 3798 550 corpo-

2199 578 2348 629 rum,
2383 570 2440 619 et
2464 567 2652 637 siquae
2689 576 2821 622 sunt
2857 568 3234 640 similia;qum
3258 587 3358 640 per
3380 584 3552 624 senec
3584 569 3802 624 miseros

2199 650 2467 708 homines
2501 661 2750 725 possunt
2785 658 2994 726 facere,
3027 674 3133 712 nec
3173 659 3392 712 beatos.
3445 659 3566 712 Ideo
3613 657 3718 711 hinc
3758 661 3807 710 et

2200 741 2368 795 bonis
2399 751 2454 798 et
2488 745 2660 800 malis
2693 763 2726 801 a
2759 748 2997 800 Domino
3038 749 3270 813 dantur,
3318 753 3375 802 et
3421 763 3804 816 nonnunquam

2199 831 2367 886 bonis
2404 833 2693 905 malisque
2723 835 3008 891 divinitus
3037 837 3404 892 auferuntur.

2272 921 2359 975 16.
2395 922 2608 977 Beatus
2641 925 2751 978 fuit
2780 924 2888 979 Job
2922 942 3052 980 cum
3085 925 3140 980 in
3177 924 3572 995 divitiisjuste
3593 923 3809 993 viveret;

2199 1011 2297 1065 sed
2332 1011 2558 1066 beatior
2588 1029 2720 1067 cum
2755 1012 2811 1068 in
2853 1018 3192 1085 paupertate
3237 1013 3455 1085 justior
3502 1012 3809 1066 exstitisset.

2197 1101 2411 1152 Beatus
2429 1099 2537 1154 fuit
2559 1117 2690 1154 cum
2718 1102 2914 1156 decem
2941 1102 3405 1156 circumdaretur
3428 1099 3684 1168 ﬁliis,sed
3705 1098 3814 1153 bea-

2197 1187 2452 1242 tiorcum
2471 1205 2588 1243 una
2611 1195 2957 1244 cunctorum
2975 1189 3152 1244 simul
3169 1190 3415 1244 orbitate
3435 1191 3810 1260 percussus,in

2197 1275 2622 1334 Deidilectione
2637 1279 3312 1350 permansitimmobilis.
3333 1279 3544 1334 Beatus
3557 1278 3709 1332 etiam
3725 1277 3815 1332 fuit

2197 1364 2256 1419 in
2287 1367 2546 1437 corporis
2577 1368 2876 1437 sosiiitate,
2912 1370 3014 1424 sed
3048 1369 3269 1424 beatior
3293 1374 3386 1424 est
3419 1370 3603 1424 factus
3633 1369 3685 1423 in
3707 1366 3814 1420 vul-

2198 1470 2353 1510 nere.
2391 1455 2616 1510 Beatior
2651 1457 2828 1512 etiam
2881 1458 2936 1512 in
2992 1474 3194 1513 acervo
3255 1457 3628 1529 squaloribus
3671 1454 3814 1527 pleno

2198 1560 2374 1615 quam
2409 1543 2464 1598 in
2503 1544 2716 1616 palatio
2743 1547 3139 1601 marmoribus
3174 1549 3474 1602 adornata.

2269 1636 2354 1688 17.
2391 1635 2636 1690 Attende
2667 1635 2840 1690 etiam
2875 1637 3044 1706 duos,
3071 1653 3252 1691 unum
3284 1637 3342 1690 in
3371 1635 3586 1692 divitiis
3609 1637 3658 1688 et
3679 1632 3812 1687 sani-

2197 1729 2314 1779 tate
2330 1723 2886 1791 miserum,alterum
2902 1727 2958 1780 in
2975 1732 3234 1797 egestate
3253 1731 3310 1779 et
3331 1724 3569 1780 vulnere
3592 1723 3806 1778 multum

2199 1815 2454 1870 beatum.
2493 1813 2656 1869 Dives
2678 1813 2775 1869 ille
2797 1817 2894 1886 qui
2917 1816 3252 1870 induebatur
3271 1832 3521 1886 purpura
3541 1825 3589 1869 et
3612 1815 3813 1883 ὑψηλοί

2196 1901 2532 1974 epulabatur
2560 1903 2805 1974 quotidie
2835 1905 3120 1976 splendide
3151 1905 3303 1977 (Luc.
3341 1921 3455 1973 xvr,
3516 1904 3612 1967 19),
3658 1917 3806 1972 quam

2199 1991 2392 2046 inanis
2416 1993 2523 2046 f'uit
2555 1993 2611 2047 in
2645 1991 2762 2048 illis
2789 1993 3000 2065 epulis,
3034 2011 3208 2066 quam
3244 2010 3469 2066 pauper
3496 1993 3547 2046 in
3572 1991 3803 2045 multitu-

2201 2082 2334 2136 dine
2353 2081 2894 2154 divitiarum,quam
2919 2083 3110 2136 nudus
3137 2083 3191 2136 in
3237 2082 3664 2155 pulchritudine
3698 2094 3802 2131 ves-

2203 2169 2344 2222 tium
2376 2186 2550 2240 quam
2569 2170 2835 2224 inﬁrmus
2850 2171 2906 2224 in
2923 2172 3166 2225 sanitate
3181 2165 3818 2242 corporis,quaml‘ameli-

2203 2258 2376 2313 cusin
2393 2259 2700 2314 saturitate
2713 2260 3131 2329 ventris,quam
3155 2260 3408 2314 miserin
3425 2259 3809 2328 gaudiis,quam

2205 2347 2498 2401 desolatus
2532 2348 2684 2401 inter
2712 2348 3030 2403 amicorum
3068 2349 3566 2420 colloquia,quam
3587 2348 3814 2414 dejectus

2203 2435 3307 2507 interobsequiaservulorumlAttende
3327 2453 3556 2508 quoque
3572 2436 3812 2490 Lazarum

2205 2527 2261 2580 in
2297 2530 2638 2597 paupertate
2669 2525 2993 2585 divitemin
3031 2525 3262 2580 miseria
3293 2527 3550 2590 beatum,
3581 2519 3810 2578 ininfeli-

2204 2615 2378 2670 citate
2411 2614 2658 2678 felicem,
2694 2615 2750 2670 in
2788 2613 3132 2670 vulneribus
3165 2633 3406 2682 sanum,
3441 2621 3496 2669 et
3527 2613 3738 2686 quidem
3761 2611 3816 2678 (cl

2206 2705 2646 2770 sinedomo,sed
2685 2722 2795 2759 non
2825 2705 2950 2759 sine
2977 2705 3248 2766 domino;
3271 2705 3400 2760 sine
3421 2701 3698 2767 veste,sed
3721 2715 3812 2752 non

2206 2795 2332 2849 sine
2366 2795 2508 2860 ﬁde;
2545 2795 2668 2848 sine
2699 2794 2853 2849 156
2887 2797 3039 2849 bona
3073 2795 3412 2850 valetudine
3442 2791 3703 2864 corporis,
3733 2786 3812 2841 sed

2207 2901 2321 2940 non
2355 2884 2483 2938 sine
2516 2883 2720 2938 robore
2752 2884 3042 2951 caritatis;
3089 2883 3216 2938 sine
3246 2885 3403 2952 cibo,
3437 2884 3534 2940 sed
3567 2898 3669 2936 non
3714 2877 3815 2932 sine

2207 2973 3207 3044 Christo;canibusexpositum,sed
3232 2975 3460 3028 socium
3485 2971 3810 3042 angelorum:

2211 3064 2310 3135 qui
2337 3079 2447 3116 non
2471 3061 2786 3132 accipiebat
2808 3062 2878 3116 de
2903 3062 3072 3117 micis
3101 3080 3224 3134 qua:
3253 3063 3536 3119 cadebant
3560 3061 3625 3115 de
3646 3069 3815 3113 mensa

2209 3154 2427 3221 divitis,
2462 3155 2561 3207 sed
2596 3153 2886 3208 cmlestem
2912 3152 2991 3223 (at
3020 3151 3594 3224 ccelestium)panem
3616 3141 3814 3201 visceri-

2208 3245 2318 3298 bus
2352 3243 2619 3297 ructabat
2649 3242 2920 3296 internis.

2279 3332 2411 3388 CAP.
2445 3349 2500 3386 x.
2534 3333 2686 3386 Bona
2718 3332 3070 3401 temporalia,
3103 3337 3159 3386 et
3193 3331 3351 3400 bene,
3383 3342 3436 3386 et
3466 3330 3606 3384 male
3639 3324 3813 3381 haben-

2207 3426 2320 3488 tur;
2350 3423 2560 3492 pariter
2588 3430 2638 3475 et
2665 3425 3112 3476 contemnuntur.
3146 3451 3214 3460 ——
3251 3421 3340 3476 18.
3381 3423 3502 3474 Haec
3527 3421 3654 3473 sunt
3671 3412 3818 3485 igitur

2210 3528 2336 3583 quae.
2389 3525 2817 3580 nonnunquam
2872 3510 3015 3564 bene
3066 3509 3385 3579 habentur,
3441 3514 3814 3574 iwnnunquam

2212 3599 2398 3668 male;
2434 3615 2861 3670 nonnunquam
2899 3597 3045 3652 bene
3079 3602 3549 3660 contemnemur,
3582 3605 3814 3650 nonnun-

2210 3707 2384 3761 quam
2420 3687 2592 3742 male.
2627 3688 2777 3742 Bene
2810 3688 3027 3759 quippe
3056 3687 3371 3752 habentur,
3407 3704 3534 3741 cum
3570 3685 3622 3738 in
3646 3691 3813 3734 eorum

2213 3795 2322 3834 usu
2356 3778 2532 3832 timor
2561 3777 2658 3831 Dei
2694 3781 2991 3841 servatur;
3026 3777 3173 3831 bene
3223 3781 3424 3832 autem
3477 3779 3814 3829 contemnun-

2213 3875 2328 3934 tur,
2361 3884 2492 3922 cum
2526 3867 2585 3921 in
2617 3883 2816 3921 eorum
2841 3869 3179 3936 contemptu
3201 3883 3234 3920 a
3256 3883 3495 3920 summo
3521 3869 3624 3917 Deo
3643 3855 3814 3931 gloria.

2212 3974 2323 4012 non
2353 3957 2424 4011 ab
2458 3955 2820 4024 hominibus,
2854 3955 3153 4026 quaeritur.
3757 4032 3764 4038 _
3805 4028 3814 4038 .

2285 4045 2370 4099 19.
2393 4045 2560 4100 Tales
2583 4048 2722 4098 sunt
2753 4045 2926 4099 etiam
2957 4043 3193 4115 nuptiae,
3219 4060 3348 4114 quas
3383 4047 3442 4098 et
3468 4042 3606 4096 bene
3633 4032 3816 4102 suscipi

2215 4139 2483 4206 possunt,
2517 4138 2571 4188 et
2605 4134 2749 4188 bene
2779 4132 3097 4188 contemni.
3125 4132 3306 4196 Quam
3344 4131 3489 4188 bene
3521 4126 3812 4199 nuptiarum

2211 4240 2358 4296 opus
2389 4222 2446 4276 in
2471 4223 2737 4277 castitate
2759 4220 3054 4293 conjugali
3083 4224 3355 4275 Susanna
3381 4215 3648 4276 serVavit!
3671 4222 3812 4284 quam

2214 4312 2425 4368 melius
2441 4312 2494 4364 in
2517 4310 2878 4364 continentia
2896 4308 3111 4363 viduali
3130 4309 3334 4363 Judith
3357 4315 3531 4381 atque
3549 4309 3700 4361 Anna
3716 4312 3820 4352 con-

2211 4401 2482 4472 tempsit!
2521 4416 2699 4472 quam
2732 4399 2953 4471 optime
2982 4399 3042 4454 in
3075 4399 3412 4471 integritate
3443 4391 3695 4467 virginali
3717 4386 3817 4442 Ma-

454 4484 704 4540 dilectio.
742 4491 873 4542 Haec
903 4488 1058 4542 enim
1087 4489 1132 4543 si
1169 4490 1303 4559 quis
1337 4493 1392 4544 in
1427 4490 1536 4546 hoc
1557 4497 1817 4562 tempore
1843 4474 2100 4565 perseve-
2132 4474 2180 4539 D
2211 4494 2298 4548 ria
2327 4491 2570 4548 nescivit
2596 4491 2608 4546 l

452 4573 716 4627 ranterin
747 4576 1455 4642 secustodierit,etdivino
1481 4597 1720 4636 munere
1747 4583 2101 4652 proliciendo

455 4675 670 4730 augere
700 4665 985 4718 curaverit
1021 4662 1314 4734 inchoata,
1340 4668 1396 4721 in
1415 4669 1610 4724 futuro
1634 4670 1865 4726 habebit
1889 4678 2101 4728 aeterna

456 4764 654 4802 secum
705 4751 1058 4818 perfectione
1093 4770 1389 4811 mansura.
1438 4760 1598 4811 Tunc
1644 4759 1794 4814 enim
1848 4763 2097 4832 perfecta

458 4839 758 4893 inundatio
793 4839 1104 4908 perfectam
1133 4844 1525 4911 cognitionem
1551 4849 1812 4903 veritatis
1837 4851 2099 4920 accipiet,

451 4935 510 4982 et
547 4929 799 5000 perfecta
821 4929 1078 5000 cognitio
1107 4929 1251 4984 nihil
1275 4930 1333 4984 in
1360 4933 1526 4987 nobis
1559 4937 1824 5004 perfectae
1845 4941 2102 4996 caritatis

448 5016 548 5086 (al.
584 5017 836 5086 caritati)
869 5020 1071 5073 deesse
1103 5019 1417 5088 permittet.

521 5105 652 5160 CAP.
691 5123 766 5161 1x.
802 5105 1008 5178 Aliqua
1039 5107 1414 5176 temporaliter
1439 5113 1492 5164 et
1521 5109 1725 5166 dantur
1753 5123 1806 5169 et
1826 5119 2094 5187 auferun-

447 5202 540 5250 tur
568 5212 602 5249 a
633 5197 759 5250 Deo.
794 5197 1121 5264 Exemplum
1151 5198 1265 5251 Job.
1304 5197 1458 5253 Dives
1488 5204 1536 5254 et
1571 5201 1830 5269 Lazarus,
1865 5203 1951 5258 hic
1975 5207 2098 5262 bea-

449 5285 558 5352 tus,
591 5285 688 5339 ille
715 5284 902 5339 miser.
935 5316 1003 5325 —
1037 5287 1121 5340 15.
1155 5285 1282 5340 Alia
1311 5303 1444 5342 vero
1477 5293 1616 5344 sunt
1645 5307 1771 5361 qua;
1805 5292 1888 5345 sic
1919 5310 1952 5347 a
1984 5294 2099 5349 Deo

453 5375 856 5443 temporaliter
885 5375 1181 5433 donantur
1209 5378 1308 5446 (at.
1341 5379 1602 5452 dantur),
1624 5388 1686 5435 ut
1707 5385 2101 5452 temporalitsr

529 5565 604 5649 (α)
639 5568 724 5649 Ita
748 5583 891 5649 mss.
923 5571 1090 5624 Corb°
1140 5576 1382 5649 et‘Ant.
1439 5575 1642 5632 Colon.
1693 5595 1848 5649 vero,
1897 5587 2101 5638 rectam

456 5637 648 5706 vitam,
685 5637 884 5707 Basil.,
917 5650 1136 5698 rectam
1167 5645 1335 5700 viam.

2281 4581 2371 4636 20.
2405 4581 2529 4636 Non
2553 4584 2641 4635 est
2669 4579 2851 4649 igitur
2875 4580 3026 4636 inter
3049 4580 3344 4652 praecipua
3364 4578 3465 4634 Dei
3485 4568 3818 4639 donaconju-

2213 4673 2370 4745 gium
2404 4670 2839 4739 aestimandum,
2873 4669 3007 4725 licet
3041 4686 3151 4725 non
3188 4673 3438 4741 negetur
3487 4669 3688 4722 donum
3718 4670 3820 4745 esse

2213 4743 2612 4827 divinum;nec
2628 4759 3042 4815 estdicendum
3059 4759 3446 4814 beatitudinis
3463 4743 3816 4820 munus,quOd

2213 4869 2346 4908 cum
2368 4852 2520 4906 bono
2545 4851 2729 4918 possit
2753 4850 3049 4918 proposito
3081 4848 3288 4910 teneri,
3314 4853 3505 4917 potest
3533 4845 3691 4900 etiam
3715 4850 3819 4907 pro-

2212 4940 2402 5014 posito
2424 4939 2661 4994 meliore
2683 4937 3166 4993 contemni.Nam
3193 4937 3242 4992 si
3265 4936 3373 4992 hoc
3396 4937 3544 4992 inter
3570 4928 3818 5006 praecipua

2211 5029 2311 5086 Dei
2328 5029 2481 5084 dona
2498 5027 2775 5084 aestimari
2795 5019 3106 5097 oporteret,
3126 5042 3236 5081 non
3271 5041 3368 5080 ore
3388 5019 3689 5080 Salvatoris
3709 5029 3816 5070 nos-

2211 5119 2284 5174 tri
2319 5119 2720 5181 laudarentur,
2754 5116 2852 5187 qui
2881 5131 2936 5186 se
2965 5117 3119 5187 ipsos
3140 5121 3515 5170 castraverunt
3531 5111 3735 5183 propter
3751 5113 3821 5155 re-

2209 5208 2654 5277 gnumi'aelorum
2669 5206 2882 5261 (Matth.
2900 5222 3018 5273 χιχ,
3044 5207 3127 5273 t2)
3143 5247 3156 5272 ,
3175 5220 3277 5259 nec
3296 5221 3396 5275 pro
3420 5219 3482 5258 se
3495 5204 3822 5289 patreman-

2212 5301 2383 5363 trem,
2419 5299 2650 5360 fratres,
2680 5311 2929 5360 sorores,
2967 5311 3226 5360 uxorem,
3261 5292 3432 5359 ﬁlios,
3467 5305 3650 5362 agros,
3679 5279 3820 5377 relin-

2212 5386 2311 5456 qui
2345 5387 2606 5440 Salvator
2630 5383 2754 5454 ipse
2777 5399 2910 5438 cum
2941 5388 3110 5438 centu
3121 5381 3215 5453 pla
3235 5377 3630 5438 retributionis
3650 5371 3815 5428 etvitw

2305 5579 2357 5648 ὁ)
2395 5581 2481 5633 Ita
2514 5593 2654 5648 mss.
2687 5575 2856 5633 Corb.
2898 5580 2958 5630 et
2986 5575 3140 5630 Vict.
3176 5575 3352 5631 Basil.
3384 5588 3539 5640 vero,
3571 5565 3816 5625 maneant.

2305 5579 2357 5648 ὁ)
2395 5581 2481 5633 Ita
2514 5593 2654 5633 mss.
2687 5579 2856 5633 Corb.
2898 5580 2958 5630 et
2986 5579 3044 5629 Vi

2280 5579 2351 5724 is)
2385 5649 2488 5705 Ms.
2521 5647 2716 5720 Corb.,
2749 5649 3044 5720 Equidem.-
