3886 6320
164 386 252 448 ω
1602 383 1987 447 EPISTULA
2029 388 2141 448 IIl.

3456 399 3579 458 330

185 523 429 597 salemque
458 524 657 580 vitam
695 526 808 582 tali
848 527 1186 585 deﬁnitione
1209 527 1510 596 discernit,
1539 528 1604 580 ut
1634 524 1808 580 istam
1841 522 1896 586 A
1925 525 2024 579 sed
2049 524 2460 582 fornicationes
2481 531 2539 582 et
2559 527 3187 599 adulteriajudicanda
3218 548 3232 586 :
3267 535 3580 589 Formcato-

193 613 451 670 sollicitam
476 630 614 684 qum
637 615 744 670 Dei
770 626 912 672 sunt
931 618 987 672 in
1014 612 1815 686 sanctilicatione(a)corporis

198 702 471 772 etspiritus
495 707 616 759 Deo
652 704 895 776 placere
921 726 934 775 ;
960 706 1119 761 illam
1152 721 1289 761 vero
1324 703 1644 760 mundanis
1666 703 1819 774 cogi-

193 792 476 848 tationibus
501 793 800 860 deditam,
837 797 1102 867 placendi
1138 795 1260 850 viro
1293 796 1554 852 studium
1590 799 1818 865 gestare

191 883 479 937 conﬁrmet.
521 884 632 951 Qui
661 887 786 940 sine
808 902 981 940 uxore
1001 895 1097 952 est,
1127 884 1423 956 inquiens,
1453 885 1720 940 sollicitus
1740 886 1817 938 est

187 988 289 1044 qua
310 975 407 1027 Dei
437 979 600 1036 sunt,
654 975 920 1045 quomodo
948 975 1160 1047 placeat
1193 977 1317 1030 Deo.
1350 976 1454 1043 Qui
1484 979 1666 1028 autem
1693 989 1818 1027 cum

183 1075 327 1115 mre
348 1061 746 1130 est,sollicitus
767 1071 850 1117 est
876 1080 997 1134 quas
1024 1067 1148 1118 sunt
1179 1062 1671 1134 mundi,quomodo
1694 1061 1814 1130 pla-

179 1157 279 1204 ceat
308 1153 498 1216 uxori,
535 1157 588 1205 et
620 1151 830 1206 divisus
863 1157 962 1208 est.
993 1153 1056 1207 Et
1083 1152 1288 1207 mulier
1319 1151 1556 1220 innupta
1585 1159 1638 1204 et
1664 1151 1816 1220 virgo

174 1241 359 1308 cogitat
386 1255 524 1310 que
545 1245 677 1295 sunt
710 1242 954 1307 Domini,
977 1248 1038 1296 ut
1063 1243 1133 1296 sit
1163 1251 1352 1296 sancta
1381 1255 1605 1311 corpore
1633 1243 1684 1293 et
1711 1239 1820 1309 spi-

172 1330 270 1382 ritu
295 1348 309 1396 ;
337 1343 473 1398 quae
504 1333 698 1385 autem
727 1339 900 1402 nupta
928 1333 1026 1394 est,
1057 1334 1260 1399 cogitat
1288 1343 1414 1400 quae
1440 1332 1568 1382 sunt
1595 1326 1814 1392 mundi,

175 1418 420 1490 quomodo
451 1418 682 1489 placent
716 1420 835 1473 viro
863 1420 904 1489 (I
930 1418 1049 1474 Cor.
1081 1434 1180 1486 vn,
1208 1420 1298 1485 3'2,
1336 1419 1426 1488 33,
1457 1418 1564 1488 34).

238 1511 366 1563 (ΑΡ.
400 1524 532 1562 vni.
593 1509 924 1578 Coniugatis
967 1524 1175 1580 quoque
1207 1510 1503 1565 oscribitur
1530 1505 1818 1573 sanctitas,

172 1598 254 1653 sed
274 1601 461 1664 maior
491 1601 830 1668 virginibus.
863 1629 932 1640 -—
962 1600 1047 1656 13.
1084 1600 1492 1656 Verumtamen
1518 1598 1626 1654 hoc
1665 1599 1816 1668 Apo-

173 1686 344 1743 stolus
359 1690 721 1756 dicens,non
736 1689 818 1744 sic
833 1689 1102 1761 ascripsit
1116 1688 1444 1760 virginibus
1462 1687 1821 1743 sanctitatem

170 1777 426 1849 corporis
445 1783 508 1832 et
523 1778 793 1850 spiritus,
813 1786 872 1832 ut
890 1778 1049 1833 illam
1073 1778 1158 1832 vel
1185 1777 1517 1849 conjugatis
1540 1777 1816 1839 demeret,

166 1867 247 1922 vel
271 1866 468 1922 viduis
525 1868 881 1938 abnegaret:
935 1867 1220 1938 praecipue
1242 1867 1342 1938 qui
1375 1866 1658 1938 superiori
1692 1865 1817 1921 loco
1846 1888 1896 1954 B

168 1959 427 2026 ejusdem
451 1955 728 2027 Epistolas
756 1956 1014 2012 ﬁdelium
1039 1971 1284 2027 corpora
1306 1958 1570 2010 membra
1597 1954 1814 2011 Christi

167 2051 219 2100 et
266 2046 569 2117 templum
626 2045 877 2116 appellet
905 2046 1156 2116 Spiritus
1183 2046 1367 2100 sancti
1394 2065 1407 2113 ;
1441 2043 1584 2099 dicit
1613 2044 1770 2099 enim
1798 2060 1811 2098 :

167 2135 393 2189 Nescitis
435 2133 574 2205 quia
612 2149 840 2204 corpora
891 2139 1069 2189 vestra
1100 2136 1344 2189 membra
1377 2133 1582 2188 Christi
1609 2137 1739 2188 sunt
1771 2132 1817 2202 (ι

166 2223 277 2278 Cor.
311 2240 393 2292 γι,
431 2224 522 2294 l5)
542 2222 570 2276 Τ
593 2223 661 2278 Et
684 2223 858 2295 paulo
882 2229 1029 2294 post,
1053 2224 1134 2279 An
1151 2222 1381 2278 nescitis
1402 2223 1541 2295 quia
1571 2223 1815 2278 membra

163 2323 334 2367 ratra
385 2317 657 2377 templum
706 2323 785 2368 est
837 2312 1076 2383 Spiritus
1099 2312 1299 2382 sancti,
1331 2313 1426 2383 qui
1450 2316 1509 2367 in
1537 2312 1684 2368 vobis
1713 2315 1810 2377 est,

163 2419 315 2470 quem
347 2401 576 2456 habetis
608 2420 638 2456 a
675 2406 808 2470 Deo,
838 2411 888 2457 et
915 2419 1024 2457 non
1055 2402 1183 2457 estis
1214 2404 1380 2458 vestri
1399 2402 1427 2457 ‘l
1457 2402 1609 2458 108
1631 2403 1817 2471 Empti

166 2493 310 2545 enim
321 2495 459 2545 estis
473 2493 658 2562 pretio
676 2507 895 2562 magno.
916 2491 1228 2561 Gloriﬁcate
1245 2492 1583 2563 igitur(b),et
1597 2498 1816 2559 portate

168 2581 328 2634 Deum
360 2583 422 2634 in
484 2596 712 2650 corpore
762 2585 932 2636 vestro
973 2581 1154 2652 (lbid.,
1189 2583 1296 2649 19).
1331 2581 1401 2636 Et
1422 2587 1487 2636 ut
1515 2597 1577 2636 se
1609 2581 1815 2650 conju-

167 2670 310 2737 gatis
333 2686 576 2740 quoque
593 2669 850 2724 scribere
871 2672 1322 2736 demonstraret,
1365 2671 1642 2725 continuo
1681 2671 1812 2724 sub-

159 2760 382 2827 jnnxit:
420 2759 712 2830 Dequibus
741 2763 925 2814 autem
947 2759 1278 2830 scripsistis:
1307 2761 1515 2814 Bonum
1535 2768 1616 2816 est
1647 2758 1818 2814 homi-

164 2846 222 2900 ni
240 2848 540 2903 mulierem
555 2864 667 2902 non
682 2857 915 2919 tangere
939 2865 954 2916 ;
977 2859 1198 2920 prapter
1211 2851 1604 2919 fornicationes
1632 2851 1816 2904 autem

167 2939 540 3009 unusquisque
558 2955 722 2993 suam
740 2955 966 2994 uxorem
991 2939 1206 3005 habeat,
1221 2949 1271 2995 et
1291 2954 1635 3011 unaquaeque
1656 2955 1817 2995 suum

164 3026 341 3081 virum
382 3028 588 3082 habeat
637 3030 684 3098 (1
716 3027 843 3083 Cor.
878 3045 976 3093 vn,
1009 3029 1060 3096 1,
1089 3031 1166 3098 2).
1201 3030 1264 3084 In
1297 3029 1554 3100 Epistola
1584 3045 1815 3099 quoque

164 3116 228 3169 ad
281 3117 576 3186 Ephesios
608 3118 937 3186 conjugatis
970 3118 1166 3188 utique
1200 3117 1564 3189 loquebatur,
1599 3118 1816 3189 quibus

164 3204 390 3260 dicebat
414 3223 428 3259 :
463 3205 604 3271 Viri,
637 3205 855 3277 diligite
875 3223 1073 3262 uxores
1088 3213 1314 3273 vestras,
1338 3205 1479 3262 sicut
1499 3212 1550 3262 et
1563 3205 1814 3262 Christus

1923 631 2010 670 res
2041 615 2196 670 enim
2221 626 2273 672 et
2307 616 2873 682 adulterosiudicabit
2887 626 3029 676 Deus
3055 622 3214 692 (Ibid.
3242 624 3280 691 ).
3308 628 3577 679 Fatemur

1925 705 2076 760 enim
2103 724 2136 761 a
2161 707 2276 762 Deo
2299 723 2428 764 esse
2443 709 2788 778 nuptiarum
2813 710 3344 783 ﬁdem,coniugum
3368 715 3579 768 carita-

1925 799 2293 861 tem,natura3
2319 797 2730 854 fecunditatem
2755 817 2768 867 ;
2793 800 2891 854 sed
2913 801 3052 870 quia
3065 801 3444 873 unusquisque
3455 820 3577 872 pro-

1925 883 2107 950 prium
2138 882 2295 937 habet
2315 884 2519 938 donum
2548 901 2583 940 a
2611 887 2739 951 Deo,
2763 887 2918 940 alius
2948 888 3166 957 quidem
3184 888 3283 955 sic,
3311 890 3459 943 alius
3482 907 3578 944 au-

1925 975 2035 1024 tem
2091 973 2176 1027 sic
2225 974 2300 1040 (11
2346 974 2466 1028 Cor.
2497 989 2601 1040 vu,
2631 976 2711 1042 7),
2745 991 2849 1030 nos
2881 992 3119 1046 quoque
3145 977 3231 1032 sic
3264 979 3576 1049 utriusque

1925 1061 2062 1114 doni
2079 1062 2326 1131 gradum
2342 1062 2829 1128 discernimus,ut
2846 1069 3163 1135 utrumque
3177 1067 3396 1120 donum
3418 1084 3450 1120 a
3465 1072 3576 1122 Deo

1926 1149 2100 1204 tribui
2126 1149 2395 1205 fidelibus
2412 1168 2523 1205 non
2542 1153 2978 1222 negemus.Non
3004 1153 3185 1223 igitur
3203 1154 3448 1211 inferius
3471 1157 3575 1210 do-

1928 1253 2068 1292 num
2093 1237 2194 1292 Dei
2243 1239 2595 1294 devocamus
2617 1240 2675 1294 in
2724 1239 2982 1311 culpam,
3004 1257 3135 1297 cum
3161 1243 3403 1313 potioris
3435 1244 3572 1298 doni

1929 1327 2290 1398 praeferimus
2312 1328 2592 1399 gratiam;
2612 1345 2716 1384 nec
2740 1346 2871 1384 cum
2888 1329 3142 1400 primum
3161 1332 3454 1402 pudicitia
3478 1333 3575 1386 dc-

1929 1433 2064 1471 num
2091 1419 2841 1488 prteponimus,secundum
2861 1419 3568 1488 tortiumvedamnamus;

1929 1522 2033 1561 nec
2073 1506 2133 1561 in
2181 1523 2246 1562 eo
2279 1507 2430 1578 quod
2467 1507 2826 1580 integritatis
2856 1506 3162 1579 virginalis
3193 1509 3570 1579 agnoscimus

1929 1595 2485 1668 culmen,pudicitiaa
2508 1596 3165 1668 conjugalisasserimus
3187 1597 3440 1664 crimen;
3470 1614 3569 1652 ne-

1929 1701 2040 1756 que
2063 1685 2146 1741 sic
2166 1684 2558 1758 virginitatem
2576 1686 2888 1744 frumentis
2902 1685 3344 1755 ascribimus,ut
3365 1686 3572 1756 conju-

1928 1774 2086 1845 gium
2145 1775 2296 1830 inter
2318 1773 2538 1830 zizania
2567 1774 2668 1845 (al.
2701 1774 3006 1846 zizaniam)
3040 1776 3408 1844 deputemus.
3441 1775 3567 1829 Non

1928 1868 2018 1918 est
2038 1862 2374 1933 conjugium
2403 1863 2671 1918 nocturni
2697 1864 2943 1918 seminis
2968 1863 3208 1930 fructus,
3234 1863 3371 1933 quia
3385 1864 3490 1917 hoc
3514 1862 3569 1918 in

1927 1969 2066 2024 agro
2115 1952 2409 2008 dominico
2468 1968 2582 2006 non
2626 1956 2786 2007 sator
2817 1951 3048 2006 invidus
3080 1951 3571 2023 superseminavit

1926 2040 2144 2105 (Matth.
2177 2057 2304 2107 xm,
2335 2041 2450 2111 25),
2485 2041 2586 2096 sed
2619 2040 2903 2096 Dominus
2933 2041 3123 2096 bonus
3153 2039 3427 2095 instituit.

1998 2133 2083 2186 15.
2115 2132 2530 2187 Verumtamen
2565 2129 2871 2201 utriusque
2887 2130 2967 2184 rei
2991 2146 3250 2202 congrua
3272 2129 3568 2184 discretio-

1925 2237 1998 2276 ne
2038 2225 2334 2277 momenta
2382 2225 2718 2292 pensantes,
2751 2224 2978 2274 tantum
3014 2218 3266 2276 dicimus
3290 2236 3323 2274 a
3348 2218 3570 2274 sanctis

1927 2309 2170 2383 nuptiis,
2204 2310 2304 2366 ubi
2337 2309 2571 2364 nubunt
2599 2308 2699 2380 qui
2731 2325 2794 2364 se
2823 2309 3121 2364 continere
3152 2325 3264 2362 non
3298 2312 3573 2378 possunt,

1925 2406 2188 2457 sanctam
2230 2398 2626 2471 virginitatem
2655 2399 2860 2453 merito
2877 2396 3096 2468 potiore
3118 2396 3356 2464 distare,
3393 2413 3575 2466 quan-

1924 2496 2048 2546 tum
2067 2489 2291 2544 distant
2327 2506 2359 2543 a
2385 2487 2551 2542 bonis
2588 2486 2850 2551 meliora,
2879 2486 2950 2541 ab
2984 2485 3305 2542 humilibus
3331 2486 3506 2549 celsa,
3540 2501 3574 2540 θ.

1925 2579 2174 2635 terrenis
2196 2575 2714 2643 cmlestia,abeatis
2737 2575 3054 2640 beatiora,a
3080 2575 3301 2630 sanctis
3325 2573 3578 2630 sanctio-

1926 2685 2008 2735 ra,
2032 2684 2064 2722 a
2091 2666 2324 2720 mundis
2348 2664 2682 2731 mundiora,
2706 2681 2738 2719 a
2761 2663 2992 2720 mortali
3017 2664 3310 2718 connubio
3344 2663 3579 2717 immov-

1925 2758 2040 2812 tale
2067 2754 2453 2822 connuhium,
2477 2771 2510 2809 a
2533 2769 2705 2808 carne
2727 2753 2974 2824 spiritus
2991 2753 3063 2807 ab
3087 2751 3433 2806 inﬁrmitate
3455 2751 3575 2805 vir-

1925 2851 2044 2915 tus,
2069 2863 2099 2900 a
2124 2845 2240 2900 fetu
2266 2843 2599 2899 transitura:
2625 2841 2877 2914 prolislc)
2895 2842 3262 2914 permansuri
3288 2841 3576 2912 germinis

1927 2938 2153 2992 fructus
2197 2953 2210 3002 ;
2244 2952 2277 2990 a
2307 2931 2688 2988 tribulatione
2718 2931 3025 2996 securitas,
3068 2948 3100 2985 a
3136 2929 3573 3001 perturbatione

1927 3025 2349 3098 tranquillitas,
2407 3040 2441 3078 a
2471 3025 2620 3079 bono
2679 3023 2831 3093 quod
2865 3026 2954 3076 est
2980 3038 3112 3076 cum
3141 3020 3410 3092 angustia
3443 3036 3572 3074 mc-

1927 3121 2302 3172 mentaneum
2362 3111 2576 3168 melius
2633 3111 2787 3182 quod
2830 3114 2919 3166 est
2948 3126 3080 3164 cum
3113 3108 3314 3164 laetitia
3347 3109 3569 3178 sempi-

1924 3217 2154 3262 ternum
2167 3249 2179 3262 .

1844 3257 1888 3325 Ο
1932 3257 2314 3349 Πῖὁδ-(ΣΑΡ.
2349 3310 2405 3348 x.
2461 3290 2763 3359 Virginitas
2820 3289 2978 3355 longe
3025 3286 3280 3356 superior
3299 3284 3571 3340 connubio

168 3398 318 3436 suam
347 3400 583 3438 uxorem
607 3385 826 3454 diligit.
858 3387 1097 3455 seipsum
1120 3386 1328 3457 diligit.
1353 3388 1516 3441 Nemo
1536 3388 1682 3441 enim
1712 3403 1816 3440 un-

172 3487 326 3539 quam
354 3490 587 3527 carnem
635 3490 799 3528 suam
831 3475 963 3529 odio
993 3476 1186 3530 habuit
1213 3493 1227 3542 ;
1258 3475 1351 3530 sed
1382 3478 1562 3530 nutrit
1596 3485 1646 3530 et
1670 3477 1818 3543 fovet

173 3575 302 3624 eam,
329 3562 480 3617 sicut
510 3567 563 3616 et
593 3563 846 3618 Christus
878 3565 1343 3637 Ecr'lesiam,quia
1364 3566 1608 3619 membra
1632 3581 1820 3620 sumus

171 3653 415 3716 corporis
447 3653 569 3722 ejus
592 3652 660 3707 de
685 3669 855 3706 carne
883 3654 1024 3724 ejus,
1058 3659 1110 3707 et
1141 3657 1210 3708 de
1237 3656 1454 3708 ossibus
1483 3656 1600 3723 eius
1632 3653 1820 3722 (1bid.,

174 3737 256 3801 ‘29,
289 3741 396 3809 30).
439 3746 646 3795 Petrus
680 3758 916 3813 quoque
973 3743 1276 3813 apostolus
1307 3744 1648 3811 conjuuatas
1689 3743 1826 3798 {ide-

179 3829 275 3888 tes.
294 3837 529 3884 sanctas
555 3848 670 3885 non
695 3831 1269 3902 ambigitappellare,
1294 3834 1495 3887 dicens
1519 3850 1532 3886 :
1554 3833 1646 3887 Sic
1673 3835 1820 3886 enim

181 3917 361 3988 aliqua
373 3921 481 3974 ndo
495 3922 764 3976 mulieres
777 3926 1006 3984 sancta.
1020 3929 1300 3991 sperantes
1316 3938 1376 3976 tu
1396 3929 1524 3990 Deo,
1548 3926 1820 3978 ornabant

179 4021 250 4073 te,
276 4010 537 4078 subjecta:
566 4009 708 4064 viris
722 4010 842 4066 suis
866 4029 878 4066 :
902 4013 1046 4066 sicut
1065 4012 1207 4066 Sara
1230 4013 1621 4080 obsequebatur
1649 4014 1820 4067 Abra-

183 4096 270 4162 ἡκ,
319 4102 623 4155 dominum
677 4117 802 4154 eum
863 4117 1057 4155 vocans
1103 4103 1147 4172 (1
1177 4103 1322 4157 Petr.
1374 4104 1548 4165 111.5,
1586 4104 1663 4173 6).
1697 4102 1821 4157 Non

181 4199 305 4256 ergo
328 4189 643 4260 apostolus
679 4189 893 4244 Paulus
927 4208 958 4243 a
986 4192 1448 4247 sanctiﬁcatione
1480 4191 1738 4264 corporis
1768 4197 1824 4246 et

183 4278 417 4344 Spiritus
451 4279 655 4334 ﬁdeles
677 4283 1020 4351 coniugatus
1044 4288 1296 4352 separat,
1333 4283 1434 4337 scd
1464 4283 1573 4337 hoc
1600 4299 1697 4337 eas
1728 4299 1820 4337 co-

181 4364 352 4434 gitare
387 4370 667 4433 dicit,ubi
688 4387 889 4424 earum
923 4371 1338 4443 cogitationem
1364 4372 1616 4442 amplius
1639 4372 1821 4426 teneri

182 4458 490 4526 cognoscit.
543 4461 685 4525 Quis
721 4462 876 4514 enim
918 4461 1131 4515 nesciat
1156 4468 1490 4516 sanctarum
1527 4463 1820 4534 virginum

181 4546 586 4616 cogitationem
626 4551 813 4612 magis
835 4551 900 4602 ad
927 4550 1217 4620 spiritalia
1250 4569 1568 4617 recurrere,
1602 4558 1658 4606 et
1690 4569 1822 4606 san-

184 4637 392 4691 ctarum
417 4639 552 4708 conj
565 4648 870 4708 ugatarum
889 4640 1300 4711 cogitationem
1321 4641 1504 4713 magis
1527 4641 1821 4714 coniugali
1858 4619 1901 4683 θ

183 4726 506 4781 necessitati
540 4728 760 4781 servire
789 4728 818 4781 ‘t

234 4817 375 4870 CAP.
423 4833 504 4869 ix.
555 4815 784 4884 Nupttz
830 4832 939 4870 non
987 4822 1116 4871 sunt
1158 4822 1585 4889 peccatum,setl
1615 4819 1821 4875 donum

183 4901 282 4956 Dei.
299 4903 598 4974 luitiptex
612 4907 762 4958 inter
779 4907 1167 4977 virginitatem
1193 4912 1243 4963 et
1259 4909 1592 4963 connubium
1607 4926 1824 4979 compa-

177 4996 333 5050 ratio.
355 4994 529 5048 -14.
545 4993 782 5048 Scimus
800 5009 935 5065 ergo
961 5011 1035 5049 nu
1048 4996 1200 5056 ntias
1222 5014 1334 5051 non
1353 5015 1479 5052 esse
1496 5004 1821 5070 peccatum,

168 5085 258 5138 sed
287 5085 392 5139 Dei
412 5099 568 5153 opus
593 5089 649 5136 et
668 5083 766 5137 Dei
789 5083 1008 5138 donum
1039 5101 1052 5139 :
1074 5101 1218 5156 quas
1241 5086 1364 5158 ipse
1383 5086 1670 5142 Dominus
1693 5103 1825 5143 con-

159 5173 365 5228 nexnit
389 5173 527 5226 fidei
555 5171 809 5237 vincula),
829 5171 1176 5244 gratificavit
1200 5174 1625 5231 benedictionis
1648 5178 1820 5245 dono,

153 5263 1046 5333 multiplicavitpropagationis
1070 5271 1407 5333 augmento.
1436 5264 1632 5319 Novim
1646 5283 1713 5320 us
1737 5267 1826 5322 ho-

145 5352 419 5407 norabile
451 5351 792 5406 connubium
815 5350 1162 5418 inomnibus,
1185 5358 1238 5408 et
1269 5355 1484 5408 thorum
1499 5355 1826 5410 immacula-

139 5449 266 5497 tum
303 5442 501 5512 (Hebr.
537 5457 664 5507 xm,
701 5442 752 5509 4)
787 5458 801 5507 ;
836 5443 1106 5498 novimus
1147 5460 1179 5498 a
1209 5444 1346 5514 Deo,
1389 5461 1500 5500 non
1529 5444 1823 5516 conjugia,

215 5624 305 5693 la}
331 5624 437 5676 Sic
485 5623 705 5676 habent
751 5638 894 5676 mss.
928 5625 1094 5678 Corb.
1129 5629 1184 5679 et
1216 5623 1516 5693 Basil.;at
1535 5625 1738 5683 Colon.
1771 5634 1828 5686 et

133 5706 313 5756 Ant...
350 5699 418 5748 in
447 5695 968 5763 sanctiﬁcationem.

243 5766 305 5838 ili)
320 5765 704 5833 Abestigitur
720 5782 879 5821 ams.
904 5766 1098 5834 εστι»,
1122 5765 1321 5822 Colon.
1344 5771 1402 5824 et
1423 5771 1587 5836 Ant.,
1609 5767 1828 5842 legitur

433 5880 717 5947 ΡΑτιιοι..
764 5880 946 5944 LXV.

1921 3384 2156 3439 carnali.
2179 3381 2505 3451 lnfortunia
2517 3379 2768 3447 coniugii
2786 3377 2939 3430 circa
2963 3375 3172 3446 prolem
3202 3375 3568 3443 corporalem.

1923 3477 2078 3528 Bona
2092 3468 2432 3539 virginitatis
2443 3469 2590 3522 circa
2603 3466 2818 3532 prolem
2830 3463 3272 3534 spiritalem—l
3285 3462 3459 3517 6.Nec
3475 3463 3579 3516 du-

1925 3564 2186 3618 bitamus
2205 3559 2415 3626 dicere,
2438 3560 2662 3611 tantum
2682 3572 2714 3608 a
2736 3552 3286 3622 sanctavirginitate
3308 3551 3500 3605 carnis
3523 3558 3578 3605 et

1927 3651 2173 3723 spiritus
2202 3647 2458 3702 tidelium
2495 3646 2942 3715 conjugatorum
2971 3642 3125 3713 (licet
3148 3661 3179 3696 a
3215 3644 3324 3696 lleo
3348 3658 3579 3695 conces-

1926 3740 2321 3798 sumlinﬁrmas
2338 3734 2924 3805 mortalisquecarnis
2942 3733 3351 3803 bujusdistarc
3371 3748 3579 3784 concu-

1927 3834 2139 3899 bitum,
2187 3839 2466 3900 quantum
2494 3825 2819 3879 similitudo
2855 3839 3127 3894 pecorum
3152 3824 3224 3877 ab
3253 3822 3574 3876 imitatione

1928 3921 2280 3980 discernitur
2312 3919 2674 3990 angelorum.
2713 3917 2774 3970 ln
2819 3932 2934 3969 uno
2967 3915 3204 3985 quippe,
3239 3913 3307 3967 ad
3357 3918 3570 3965 terram

1929 4014 2172 4086 spiritus
2204 4020 2433 4066 terrena
2455 4006 2647 4061 carnis
2665 4005 2965 4075 voluptate
2992 4003 3376 4073 deprimitur;
3404 4001 3458 4053 in
3486 3999 3574 4053 al~

1929 4110 2050 4158 tero
2073 4107 2290 4169 autem,
2332 4104 2563 4154 terrena
2579 4112 2713 4150 caro
2736 4092 2951 4148 cmlesti
2973 4090 3358 4146 delectatione
3391 4089 3570 4159 spiri-

1930 4200 2023 4246 tus
2043 4191 2110 4245 ad
2133 4188 2391 4245 coelestia
2431 4185 2793 4240 sublevatur.
2837 4183 2919 4235 Ad
2957 4180 3305 4250 placendum
3355 4179 3573 4247 quippe

1931 4279 2146 4336 carnali
2163 4276 2460 4347 conjugio,
2485 4289 2637 4343 saepe
2654 4269 2955 4324 mundana
2970 4279 3223 4322 mentem
3241 4283 3381 4319 cura
3407 4265 3568 4318 solli-

1931 4371 2106 4425 citat:
2132 4368 2202 4421 ad
2227 4363 2574 4435 placendum
2602 4375 2734 4413 vero
2761 4355 3010 4426 spiritali
3036 4355 3350 4416 connubio,
3386 4370 3573 4422 mens,
3644 4434 3646 4436 ν

1933 4451 2498 4514 dulcediniccelestis
2517 4444 2886 4519 cogitationis
2907 4444 3150 4506 intenta,
3168 4459 3378 4510 corpus
3400 4458 3573 4495 suum

1932 4545 2180 4620 epiritali
2216 4544 2605 4615 pinguesccns
2642 4533 3023 4589 delectatione
3055 4532 3323 4600 castigat.

2009 4639 2091 4693 17.
2127 4637 2189 4690 In
2231 4648 2402 4704 opere
2452 4625 2842 4699 corporalium
2887 4623 3222 4692 nuptiarum
3268 4621 3576 4692 virginitas

1932 4727 2128 4783 carnis
2144 4723 2452 4787 amittitur,
2473 4724 2532 4773 ut
2548 4719 2616 4772 ad
2631 4715 2824 4771 carnis
2843 4715 3257 4769 fecunditatem
3282 4714 3572 4769 veniatur.

1929 4817 2034 4874 Ubi
2064 4821 2258 4870 tamen
2286 4822 2708 4878 nonnunquam
2729 4805 2812 4858 sic
2835 4803 3201 4875 incertaaspei
3219 4805 3406 4858 fructu
3425 4804 3579 4856 frau-

1931 4911 2103 4964 datur
2120 4904 2380 4958 humana
2418 4897 2742 4960 delectatio,
2764 4904 2821 4949 ul
2847 4912 2975 4965 quas
3002 4895 3158 4962 virgo
3177 4911 3304 4949 esse
3327 4895 3572 4965 destitit,

1934 5001 2118 5053 mater
2139 5008 2267 5046 esse
2285 5007 2396 5044 non
2425 4985 2632 5060 possit,
2652 4990 2703 5040 et
2726 4983 3054 5040 sterilitatis
3096 4983 3397 5037 obstaculo
3421 5001 3577 5036 coer-

1931 5085 2067 5151 cita,
2092 5098 2196 5137 nec
2241 5081 2298 5135 in
2343 5091 2584 5149 corpore
2622 5079 2797 5145 queat
2833 5088 3102 5144 reparare
3124 5072 3278 5141 quod
3305 5071 3572 5140 perdidit,

1933 5192 2036 5230 nec
2057 5191 2125 5228 ex
2142 5185 2381 5242 corpore
2404 5167 2596 5221 valeat
2618 5163 2833 5218 habere
2847 5162 2998 5231 quod
3020 5161 3194 5228 cupit.
3235 5159 3578 5228 Plerumque

1932 5264 2108 5337 (quod
2131 5269 2219 5317 est
2241 5257 2499 5332 gravius)
2523 5253 2783 5323 graviore
2815 5250 3014 5304 dolore
3043 5249 3194 5302 fetus
3219 5248 3421 5337 carnis
3456 5264 3578 5317 per-

1934 5355 2040 5421 dit,
2077 5369 2222 5422 quos
2273 5363 2429 5420 gravi
2483 5343 2683 5398 dolore
2714 5339 2977 5408 suscepit
3000 5356 3012 5403 ;
3034 5343 3090 5389 et
3120 5337 3188 5390 ad
3217 5336 3323 5389 hoc
3350 5338 3581 5405 pariens

1935 5441 2192 5515 pericula
2213 5429 2826 5511 gemitusquetolerat,
2856 5431 2920 5480 ut
2941 5424 3216 5479 amittens
3247 5441 3395 5494 quos
3437 5442 3576 5481 cum

1934 5626 1992 5679 in
2027 5619 2202 5678 Basil.
2237 5621 2294 5671 et
2321 5614 2518 5669 GNBCO
2547 5614 2704 5664 textu
2739 5603 3020 5679 Appostoli.

2005 5677 2263 5766 (c)Editi,
2289 5681 2610 5741 transititia:
2632 5678 2831 5753 prolis.
2863 5677 2972 5734 Ms.
3006 5677 3195 5748 Ccrb.,
3229 5679 3578 5736 transituras.

3224 5861 3293 5919 11
