3886 6340
449 366 557 426 331

1449 366 1513 424 S.
1562 361 1990 426 FULGENTII
2033 355 2393 420 EPISCOPI
2439 357 2874 420 RUSPENSIS

3659 377 3754 438 332

447 502 665 574 gemitu
707 503 1061 570 perpererat,
1106 497 1365 553 deterius
1388 498 1682 569 gemat.ln
1711 493 1924 567 capula
1954 508 2086 547 vero
2119 494 2173 560 Α
2275 491 2409 547 CAP.
2442 509 2540 548 xix.
2576 491 2812 548 Delicias
2827 493 3012 548 carnis
3033 491 3186 564 virgo
3212 495 3404 552 Christi
3429 501 3595 570 fugere
3617 509 3758 574 debet,

449 593 684 646 matrim
717 590 809 642 .nii
835 587 1138 658 spiritalis,
1156 604 1289 642 cum
1306 603 1523 658 sponso
1547 586 1773 640 Christo
1794 585 1871 638 sic
1897 584 2096 651 conju-

450 686 622 753 gatur
644 679 938 742 anima,ut
961 677 1133 731 etiam
1160 693 1292 732 caro
1316 675 1831 730 serveturintacta.
1865 675 2093 736 Quanto

452 770 638 840 magis
659 767 962 839 virginalis
985 767 1288 834 integritas
1303 765 1642 836 viget,tanto
1661 764 1843 835 magis
1865 763 2100 816 immor-

446 859 578 913 talis
609 857 934 911 fecunditas
951 856 1256 928 pollet.Sic
1279 855 1435 910 enim
1465 854 1539 908 ibi
1569 870 1680 908 non
1705 859 1793 907 est
1830 848 2096 906 mortalis

449 949 675 1003 fructus
698 964 764 1001 cx
787 951 1122 1017 corpore,ut
1145 943 1500 1000 immortalis
1534 943 1684 998 fetus
1707 959 1823 997 non
1845 941 1998 996 desit
2029 955 2097 994 ex

449 1037 642 1104 corde,
674 1037 753 1090 ibi
805 1034 1090 1090 maritalis
1113 1050 1387 1090 accessus
1409 1034 1482 1104 (a)
1512 1049 1626 1089 non
1663 1032 1834 1087 vitiat
1863 1045 2093 1101 corpus,

451 1126 590 1197 quia
612 1125 824 1180 Christi
840 1123 1128 1195 spiritalia
1147 1122 1450 1194 amplexus
1471 1128 1530 1177 et
1549 1122 1810 1177 animam
1830 1125 2024 1176 servat
2040 1126 2099 1174 et

450 1232 684 1285 corpus.
713 1216 774 1268 In
799 1214 895 1267 tali
917 1213 1210 1269 connubio
1228 1212 1427 1267 nullus
1444 1211 1687 1266 etl‘ectus
1712 1208 1981 1264 aestuanti
2006 1223 2100 1262 cu-

452 1305 680 1375 piditati
721 1304 1084 1368 conceditur,
1111 1305 1244 1372 quia
1269 1306 1484 1356 sancta:
1505 1301 1766 1354 caritatis
1792 1300 1977 1353 fervor
2009 1313 2099 1350 re-

450 1395 682 1463 frigerio
700 1392 947 1462 spiritali
972 1393 1246 1445 nutritur.
1267 1390 1310 1444 Ο
1326 1390 1601 1461 angelicis
1617 1387 1968 1443 imitationis
1983 1402 2098 1440 non

451 1482 714 1535 humana
747 1481 802 1534 in
836 1481 1176 1534 hominibus
1211 1481 1392 1534 virtus
1431 1478 1514 1534 lO
1542 1477 1830 1533 ineffabile
1859 1474 2096 1546 superni

449 1571 914 1641 sempiternique
945 1572 1206 1625 muneris
1238 1570 1417 1624 decus
1443 1568 1456 1623 l
1483 1569 1637 1638 quod
1662 1569 1755 1636 qui
1783 1567 2099 1634 accipiunt,

449 1661 556 1716 hoc
583 1661 943 1714 meditantur
976 1659 1028 1712 in
1056 1676 1226 1713 carne
1261 1656 1512 1725 mortali,
1547 1656 1699 1726 quod
1736 1661 1872 1709 sunt
1897 1654 1953 1707 in
1981 1654 2097 1708 im-

449 1748 1178 1818 mortalitatefldsumpturi
1199 1764 1210 1802 :
1231 1745 1624 1820 eliguntcnim
1643 1745 1851 1799 bonam
1871 1748 2097 1812 partem,

452 1856 578 1909 qua:
603 1855 713 1892 non
734 1841 1032 1891 auferetur
1070 1837 1141 1890 ab
1165 1836 1248 1890 eis
1273 1837 1428 1906 (Luc.
1464 1852 1518 1901 x,
1543 1835 1652 1905 42),
1685 1834 1785 1889 sed
1833 1831 2094 1904 perlicie-

453 1932 552 1981 tur
584 1927 639 1980 in
667 1928 766 1980 eis.
789 1925 1122 1992 Quodenim
1141 1925 1212 1978 ab
1234 1925 1316 1979 eis
1344 1940 1501 1980 nunc
1532 1921 1874 1977 inviolatum
1920 1937 2107 1976 serva-

449 2022 546 2072 tur
571 2016 627 2070 in
651 2033 847 2088 opere,
878 2016 984 2069 hoc
1003 2017 1084 2069 eis
1110 2015 1294 2082 gloria
1326 2012 1798 2070 immortalitatis
1831 2028 1902 2067 cu
1932 2009 2100 2066 aula-

453 2112 576 2160 tum
611 2107 888 2160 reddetur
919 2106 975 2160 in
1022 2121 1284 2160 munere.

523 2200 651 2250 CAP.
688 2213 763 2249 χι.
805 2195 1107 2262 Virginitas
1138 2197 1218 2248 sic
1243 2194 1504 2254 ambulet.
1539 2201 1722 2248 utnec
1760 2190 1996 2248 declinet
2031 2190 2106 2245 ad

451 2285 752 2350 dexteram,
782 2300 878 2337 nec
899 2283 967 2336 ad
983 2281 1291 2337 sinistram.
1329 2284 1433 2336 Via
1448 2285 1674 2337 sinistra
1705 2281 1959 2353 voluptas
1990 2297 2106 2334 car-

457 2377 564 2428 nis.
606 2374 698 2427 Via
726 2374 947 2426 dextera
962 2374 1196 2442 superba
1221 2373 1440 2436 iactatio
1455 2374 1740 2426 virtutum.
1764 2403 1827 2411 —
1859 2371 1942 2424 18.
1961 2371 2107 2436 Ουῡ-

455 2464 630 2528 circa,
657 2480 781 2532 qua:
810 2479 916 2515 non
945 2466 1033 2515 est
1083 2461 1279 2516 seaculi
1315 2461 1488 2531 virgo,
1525 2462 1625 2516 sed
1678 2461 1916 2530 Christi,
1952 2460 2105 2516 sicut

453 2569 568 2606 non
593 2553 764 2605 debet
788 2549 1130 2615 monilibus,
1165 2551 1241 2605 ita
1275 2550 1445 2605 debet
1475 2551 1788 2606 virtutibus
1807 2549 2102 2605 adornari.

454 2642 710 2694 Ornatus
735 2646 926 2694 autem
951 2639 1195 2711 virginis
1223 2643 1329 2706 est,
1366 2640 1717 2711 virginitatis
1741 2640 1957 2694 bonum
1985 2656 2100 2694 non

454 2730 652 2784 minus
675 2735 866 2782 mente
891 2745 1064 2798 quam
1090 2745 1260 2782 carne
1282 2744 1544 2783 servare:
1566 2735 1627 2782 ut
1653 2727 1880 2783 scilicet
1899 2732 2107 2782 semet-

455 2818 643 2888 ipsum
673 2823 834 2872 tanto
853 2834 1090 2872 munere
1112 2817 1461 2888 condignam
1489 2834 1722 2889 semper
1737 2818 2028 2881 exhibeat,
2051 2821 2107 2871 et

457 2907 541 2960 sic
562 2907 820 2961 veritatis
839 2907 1288 2970 tcneatviam,ut
1313 2923 1422 2960 non
1440 2906 1684 2961 divertat
1708 2907 1774 2960 ad
1803 2905 2102 2961 dexteram

454 2996 542 3050 vel
568 2997 894 3051 sinistram.
929 2995 1236 3050 Sinistram
1275 2996 1486 3068 quippe
1518 2996 1746 3050 obsidet
1777 2995 2101 3050 carnalium

458 3089 628 3140 turba
659 3085 955 3149 vitiorum,
988 3086 1280 3140 dexteram
1309 3090 1465 3142 tenet
1487 3085 1842 3157 spiritalium
1861 3084 2103 3156 jactatio

453 3178 711 3247 superba
739 3176 1043 3229 virtutum.
1069 3173 1170 3229 llla
1191 3190 1424 3230 carnem
1447 3175 1698 3244 publicis
1720 3174 2104 3230 delectamen-

449 3265 526 3318 tis
558 3264 848 3320 oblectare
882 3263 1202 3332 contendit,
1238 3263 1359 3318 haec
1389 3262 1564 3318 menti
1600 3263 1828 3318 laudem
1858 3263 2100 3334 proprias

450 3356 683 3410 vii-tutis
704 3357 1156 3409 immurmurare
1173 3370 1282 3408 non
1301 3352 1649 3409 desinitJlla
1667 3369 1921 3425 namque
1940 3352 2100 3407 blan-

449 3445 615 3497 diens
639 3444 844 3514 virgini
875 3443 1224 3512 persuadere
1247 3449 1495 3497 conatur
1526 3447 1609 3508 ut,
1645 3448 1869 3496 tantum
1899 3441 2096 3496 carnis

450 3534 784 3603 integritate
809 3543 1050 3596 servata,
1087 3531 1370 3602 quidquid
1405 3530 1739 3602 pertinctad
1755 3530 1991 3585 delicias
2015 3529 2097 3584 ci-

447 3622 678 3686 borum,
716 3621 957 3676 nitorem
994 3623 1267 3686 vestium,
1304 3624 1560 3676 tomenta
1587 3621 2100 3685 bainearum,stra—

455 3721 778 3764 mentorum.
810 3709 1111 3764 mollitiem
1134 3711 1218 3780 (ε),
1239 3715 1676 3781 unguentorum
1696 3707 2096 3780 lenitutemta),

445 3800 711 3871 jororuni
731 3798 1225 3863 hilaritatem,sub
1248 3799 1438 3868 specie
1455 3799 1700 3854 vitandae
1717 3797 2097 3868 infirmitatis,

451 3896 503 3943 et
535 3888 929 3942 custodiendze
978 3903 1265 3956 corporea:
1319 3887 1641 3957 sospitatis,
1676 3887 1836 3958 virgo
1867 3887 2092 3960 diligat,

453 3981 711 4047 appetat,
743 3982 938 4030 teneat
973 3995 986 4043 ς,
1018 3980 1075 4030 et
1128 3976 1295 4046 quasi
1325 3977 1474 4032 I10
1528 3975 1779 4030 molliori
1823 3976 1970 4030 clivo
2004 3977 2098 4030 de-

453 4083 658 4121 vexum
692 4065 914 4120 Iatioris
943 4066 1047 4120 viae
1085 4070 1372 4119 monstrat
1399 4064 1686 4135 gradienti
1723 4065 2094 4133 descensum,

449 4175 568 4229 qua
591 4175 700 4211 non
727 4157 1082 4211 conscendat
1097 4155 1164 4209 ad
1182 4155 1416 4217 coelum,
1431 4153 1889 4210 seddevolvatur
1910 4155 1968 4210 in
1986 4162 2100 4211 tar-

448 4257 634 4302 tarum
666 4246 959 4301 :insinuat
985 4243 1286 4299 vitandum
1313 4244 1539 4299 itineris
1555 4245 1794 4316 angusti
1817 4244 2094 4310 laborem,

447 4355 519 4392 ne
551 4337 925 4408 perveniatur
953 4336 1021 4390 ad
1059 4335 1343 4404 requiem.

513 4430 600 4482 19.
637 4433 742 4482 Ast
791 4426 906 4481 alia
926 4432 1147 4496 quanto
1173 4424 1483 4491 occultius,
1509 4428 1672 4480 tanto
1704 4424 2094 4496 periculosius

441 4523 608 4587 parat
664 4516 872 4586 virgini
911 4513 1317 4584 praecipitium,
1351 4514 1489 4568 dum
1550 4513 1759 4568 callide
1804 4513 2096 4568 collaudat

2205 611 2273 620 -—
2304 581 2396 634 20.
2430 582 2678 637 Proinde
2712 583 2781 637 ad
2815 584 3158 638 exteriorem
3195 586 3550 657 virginitatem
3578 594 3764 654 interio-

2208 686 2449 742 remque
2475 672 2826 727 servandam
2852 672 3106 728 sollicita
3135 673 3296 729 debet
3311 677 3453 748 virgo
3485 696 3684 753 semper
3703 704 3771 742 ex-

2206 760 2419 815 cubare
2439 763 2686 817 cautela.
2714 761 2956 817 Delicias
2990 762 3182 818 carnis
3206 769 3258 817 et
3277 765 3647 826 oblectamenta
3666 791 3764 830 cor-

2208 849 2385 920 poris,
2415 867 2540 921 qua:
2600 851 2712 906 sibi
2768 867 2882 907 non
2938 854 3058 906 tam
3113 853 3412 909 necessitas
3441 858 3597 929 exigit
3623 877 3762 930 quam

2207 935 2496 1010 voluptas,
2555 940 2795 995 omnino
2855 956 3024 996 sacra
3054 940 3211 1011 virgo
3259 943 3502 1015 ret'ugiat.
3531 947 3766 1017 Spiritalis

2207 1029 2363 1084 enim
2397 1028 2692 1100 virginum
2725 1046 2981 1101 sponsus
3013 1046 3126 1084 non
3151 1031 3351 1100 quaerit
3378 1031 3431 1087 in
3458 1034 3651 1106 virgine
3675 1055 3768 1094 car-

2209 1135 2342 1174 nem
2367 1119 2591 1174 deliciis
2611 1124 2966 1188 accuratam,
2987 1120 3085 1174 sed
3105 1120 3340 1189 jejuniis
3359 1123 3769 1194 castigatam.Hoc

2208 1207 2421 1264 Doctor
2461 1210 2726 1280 gentium
2772 1225 2905 1263 cum
2935 1225 2996 1264 se
3027 1209 3211 1264 facere
3235 1210 3386 1276 dicit,
3413 1214 3562 1268 nobis
3589 1231 3773 1286 quoque

2211 1297 2476 1352 insinuat
2501 1297 3109 1367 faciendum,Castiyo,
3133 1297 3598 1372 inquiens,corpus
3615 1320 3772 1372 meum,

2209 1396 2260 1440 et
2289 1386 2542 1442 servituti
2579 1386 2811 1453 subiicio
2845 1388 2887 1456 (ι
2913 1388 3032 1442 Cor.
3063 1403 3140 1448 ιχ,
3173 1388 3275 1456 27).
3303 1388 3366 1441 Et
3398 1406 3578 1444 rursus
3605 1392 3684 1445 :In
3712 1394 3771 1446 vi-

2209 1475 2371 1546 giliis
2392 1477 2600 1538 multis,
2626 1479 2685 1531 in
2711 1485 2857 1546 [amo
2871 1485 2924 1531 et
2945 1476 3059 1541 siti,
3080 1475 3141 1530 in
3162 1477 3378 1544 ieiuniis
3395 1479 3562 1533 multis
3589 1481 3652 1549 (11
3675 1485 3770 1536 Cor.

2209 1580 2286 1630 xx,
2320 1567 2433 1636 27).
2471 1565 2548 1619 De
2578 1565 2756 1620 vidua
2797 1581 2932 1620 vero
2966 1565 3146 1619 dicit:
3175 1564 3297 1633 Quae
3326 1574 3496 1621 autem
3527 1571 3577 1623 in
3603 1570 3774 1623 deliciis

2207 1661 2305 1720 est,
2334 1655 2516 1710 vivens
2574 1661 2790 1710 mortua
2838 1663 2918 1710 est
2969 1657 3015 1727 (Ι
3072 1657 3207 1711 Tim.
3258 1673 3312 1725 v,
3343 1658 3414 1720 6).
3443 1658 3552 1713 Non
3605 1665 3774 1730 quaerat

2210 1760 2344 1816 ergo
2368 1745 2579 1801 Christi
2605 1746 2764 1817 virgo
2783 1745 2974 1800 (ιιι-οἰδ
2997 1746 3408 1816 delicias,quas
3432 1764 3524 1801 nec
3545 1747 3696 1801 vidua:
3715 1749 3768 1801 vi-

2212 1835 2307 1889 det
2328 1851 2455 1890 esse
2477 1852 2810 1891 concessas.
2829 1835 2888 1888 ln
2915 1834 3228 1890 saturitate
3250 1835 3360 1890 cibi
3380 1835 3559 1891 vivens
3579 1837 3774 1892 Sodoma

2212 1922 2366 1991 (Gen.
2401 1939 2513 1988 xxx,
2541 1924 2612 1977 24
2641 1932 2690 1978 et
2719 1939 2826 1994 seq.
2862 1923 2902 1996 ),
2949 1922 3116 1977 cibus
3149 1921 3298 1994 ignis
3328 1922 3468 1977 efﬁci
3498 1923 3675 1977 meruit
3700 1940 3712 1989 ;
3736 1927 3775 1977 et

2210 2009 2555 2067 Niniviticus
2597 2013 2848 2084 p0pulus
2889 2013 3054 2081 (Jonas
3086 2028 3173 2081 ιιι,
3204 2012 3258 2083 5)
3283 2011 3528 2067 divinum
3561 2015 3775 2081 furorem,

2211 2109 2558 2157 cunctorum
2582 2101 2709 2172 jam
2741 2101 3067 2158 cervicibus
3092 2099 3778 2171 imminentem,jejuniola-

2211 2192 2544 2264 crymisque
2560 2191 3066 2260 submovithitur
3091 2191 3139 2246 si
3167 2190 3407 2246 visibilis
3426 2190 3676 2261 cupiditas
3691 2189 3778 2242 vin-

2211 2287 2377 2337 catur
2398 2281 2456 2336 in
2481 2281 2990 2353 corpore,inimica
3013 2279 3324 2335 invisibilis
3349 2286 3582 2351 potestas
3604 2295 3692 2334 non
3709 2279 3779 2332 do-

2211 2371 2470 2426 minatur
2497 2372 2552 2425 in
2578 2371 2770 2426 corde.
2805 2369 2963 2425 [llam
3002 2370 3253 2425 feliciter
3285 2369 3574 2434 vincimus,
3591 2368 3632 2423 si
3659 2366 3774 2421 forti-

2210 2465 2298 2516 ter
2323 2477 2456 2516 cum
2492 2461 2603 2516 ista
2621 2466 2938 2515 certemus:
2963 2465 3020 2514 et
3040 2460 3110 2514 de
3137 2458 3235 2515 illa
3251 2459 3566 2530 triumphus
3584 2457 3778 2528 acquiri-

2209 2555 2307 2605 tur
2328 2566 2460 2605 cum
2485 2548 2599 2605 ista
2621 2549 2898 2606 calcatur.

2279 2684 2414 2739 CAP.
2449 2700 2571 2738 xm.
2611 2681 2915 2752 Temperies
2935 2683 3306 2754 jejumorum.
3333 2712 3398 2722 -—-
3425 2682 3508 2736 2t.
3536 2681 3680 2735 Porro
3717 2679 3781 2746 je-

2203 2773 2392 2843 juniis
2415 2774 2499 2827 sic
2523 2778 2608 2827 est
2644 2773 2978 2826 adhibenda
3010 2773 3348 2843 temperies,
3401 2777 3462 2825 ut
3502 2785 3680 2840 corpus
3719 2782 3784 2819 no-

2208 2867 2396 2916 strum
2426 2877 2527 2915 nec
2545 2861 2827 2916 saturitas
2851 2861 3079 2930 excitet,
3120 2877 3226 2916 nec
3256 2859 3445 2915 inedia
3470 2859 3784 2914 immoderata

2212 2951 2496 3006 debilitet.
2520 2950 2676 3005 Talis
2700 2951 2881 3019 igitur
2902 2956 3187 3021 tantaque
3205 2949 3442 3021 virginis
3457 2947 3709 3017 jejunium
3728 2958 3786 2997 re-

2211 3037 2383 3092 fectio
2417 3039 2905 3108 subsequatur,ut
2941 3055 3043 3092 nec
3076 3040 3368 3093 suavitate
3400 3051 3593 3105 corpus
3619 3032 3786 3095 illiciat,

2213 3142 2315 3180 nec
2333 3127 2640 3182 saturitate
2658 3127 2999 3182 succendat.
3025 3127 3329 3181 Suavitate
3345 3125 3543 3196 quippe
3559 3121 3785 3177 minuitur

2131 3240 2175 3306 Ε
2217 3216 2586 3306 eleemosyna
2632 3232 2982 3306 pauperum,
3037 3217 3350 3306 saturitate
3371 3209 3788 3306 corpuset'licitur

2215 3303 2583 3360 bellicosum.
2620 3305 2742 3361 lllic
2811 3306 3089 3360 fratribus
3121 3305 3386 3359 debitum
3423 3302 3696 3366 invaditur,
3723 3294 3787 3350 hic

2215 3393 2366 3448 hosti
2399 3394 2677 3448 auxilium
2721 3395 3093 3464 subrogatur.
3132 3393 3474 3448 Volentibus
3503 3391 3636 3444 enim
3667 3385 3790 3439 nobis

2214 3483 2752 3553 concupiscentiam
2777 3483 2931 3553 gulae
2957 3482 3507 3537 diversisoblectare
3525 3472 3787 3550 pigmenlii‘.

2215 3573 2370 3642 quod
2433 3589 2654 3643 egenus
2715 3573 2976 3642 accipere
3033 3571 3263 3635 debuit,
3298 3570 3555 3640 voluptas
3583 3562 3790 3620 insumit.

2218 3661 2775 3730 Proindejejunium
2804 3677 2907 3715 nec
2931 3661 3208 3715 debilitas
3231 3659 3516 3730 praeripiat
3545 3655 3715 3727 (e).nec
3731 3666 3792 3703 sa-

2213 3752 2426 3805 turitas
2449 3749 2631 3805 tollat.
2661 3749 2914 3820 Utraque
2926 3751 3080 3805 enim
3101 3750 3331 3805 nostris
3347 3743 3666 3802 adversariis
3683 3738 3792 3794 mili-

2212 3845 2334 3893 tat:
2361 3844 2500 3910 quia
2529 3856 2640 3893 una
2667 3839 3215 3909 utilitatemjejunii
3240 3835 3601 3910 praecedentis
3620 3828 3790 3886 adimit,

2213 3927 2394 3982 altera
2419 3929 2678 3984 facultati
2704 3929 2914 3998 jejunii
2939 3927 3365 3999 subsequentis
3388 3915 3792 3981 obsistit.Saturi-

2210 4021 2301 4071 tas
2328 4019 2464 4072 facit
2487 4030 2542 4071 ul
2565 4017 3206 4088 inaniterjejunemus,
3233 4018 3504 4072 debilitas
3526 4013 3646 4068 facit
3669 4007 3794 4076 neje-

2203 4106 2419 4176 junare
2447 4107 2767 4179 possimus.

2279 4245 2412 4300 Cap.
2465 4261 2578 4300 xiv.
2634 4243 2932 4314 Virginum
2977 4248 3151 4300 vestes
3197 4245 3410 4318 quales.
3452 4239 3610 4293 —-22.
3647 4231 3792 4289 Vestis

2208 4351 2439 4406 quoque
2457 4333 2591 4388 talis
2605 4334 2682 4388 sit
2701 4351 2876 4388 sacras
2901 4333 3169 4406 virginis,
3191 4351 3324 4406 quae
3349 4333 3516 4388 testis
3538 4329 3713 4384 existat
3737 4322 3794 4373 in-

2208 4425 2365 4479 tima!
2389 4423 2695 4478 castitatis.
2716 4423 2872 4477 Nihil
2897 4423 3103 4478 nitoris
3125 4427 3180 4478 in
3213 4424 3417 4478 habitu
3444 4413 3710 4475 exterioris
3725 4410 3792 4463 ho-

2210 4512 2386 4568 minis
2418 4514 2718 4584 quazritur,
2765 4529 2836 4567 ne
2867 4512 3163 4568 interioris
3201 4511 3464 4566 hominis
3486 4506 3696 4562 habitus
3720 4497 3792 4568 (al-

437 4621 768 4659 ascensum.
807 4603 1033 4658 Etenim
1064 4605 1109 4657 si
1145 4608 1415 4657 teneatur
1448 4602 1504 4656 in
1529 4603 1678 4656 cibis
1710 4601 2094 4668 abstinentia,
2126 4603 2173 4668 Ι)
2207 4600 2433 4673 habitu)
2467 4601 2820 4656 sordidatur.
2884 4603 3053 4672 Virgo
3101 4618 3236 4673 quas
3269 4606 3538 4658 ornatum
3571 4600 3795 4662 corpore!!!

435 4693 616 4747 vestis
639 4708 754 4746 non
775 4695 851 4746 sit
875 4692 1060 4745 nitida
1082 4691 1181 4746 sed
1203 4693 1496 4762 despecta,
1530 4692 1779 4746 buxeum
1808 4689 2088 4760 pallorem

437 4783 649 4835 rubore
698 4780 930 4834 sublato
955 4779 1181 4850 corpori
1200 4779 1428 4848 jejunis
1446 4790 1745 4850 generenl,
1769 4780 2082 4835 candorem

434 4871 626 4925 carnis
651 4870 878 4924 lavandi
919 4875 1288 4938 contemptus
1347 4870 1635 4938 obfuscet,
1669 4869 1826 4925 lasso
1857 4868 2083 4941 corpori

432 4977 678 5016 somnus
737 4957 938 5015 stratis
959 4957 1301 5013 durioribus
1334 4959 1524 5023 detur,
1559 4958 1711 5014 cutis
1744 4957 1952 5013 lenitas
1983 4959 2084 5014 de-

431 5051 649 5122 spectis
664 5053 968 5119 asperetur
983 5065 1012 5101 υ
1026 5047 1321 5116 nguentis,
1357 5047 1712 5102 contractior
1728 5048 1924 5102 vultus
1943 5046 2082 5102 risui

429 5157 666 5212 semper
695 5139 945 5194 obsistat
977 5142 1033 5191 et
1053 5136 1210 5206 joco,
1247 5137 1364 5191 haec
1396 5136 1593 5192 omnia
1624 5153 1738 5190 non
1771 5135 1965 5191 divino
1987 5137 2086 5192 ad-

419 5233 641 5304 jutorio
664 5234 929 5305 deputat,
967 5229 1070 5286 sed
1101 5228 1325 5285 viribus
1365 5227 1635 5284 humanm
1667 5227 2082 5300 possibilitatis

427 5325 710 5395 assignat.

503 5485 578 5554 (a)
605 5485 714 5539 Ms.
748 5485 942 5547 Corb.,
966 5481 1048 5538 ibi
1062 5480 1324 5536 mortalis
1355 5494 1618 5554 accessus.

498 5553 571 5614 (bl
615 5566 640 5605 Α
665 5561 775 5615 nt..
810 5555 949 5624 quod
981 5563 1107 5608 sunt
1143 5553 1586 5607 immortalitate.

500 5629 567 5695 (ε)
590 5627 716 5680 Haec
744 5623 918 5681 verba
939 5633 1369 5681 stramentorum
1389 5625 1678 5677 mollitiem
1696 5623 1994 5678 adduntur
2015 5624 2074 5678 in

438 5713 566 5842 mai)
581 5698 748 5824 (Edrilii
769 5766 974 5824 Colon.
997 5771 1054 5822 et
1073 5769 1382 5836 Antuerp.,
1405 5781 1724 5822 somnorum
1749 5781 1763 5834 ;
1788 5770 1849 5820 at
1870 5764 2072 5834 Basil.,

2201 4690 2378 4745 vestis
2395 4692 2463 4759 (Γ)
2487 4691 2739 4756 affectat,
2765 4691 3023 4745 animam
3045 4707 3216 4746 suam
3247 4690 3527 4744 virtutum
3550 4678 3797 4755 splendore

2199 4779 2515 4850 despoliat;
2533 4796 2639 4835 nec
2657 4781 2831 4835 habet
2846 4780 3179 4834 castitatem
3208 4791 3560 4847 veram,qute
3578 4765 3797 4826 intuenti-

2197 4870 2308 4924 bus
2325 4876 2491 4939 parat
2514 4867 2846 4925 illecebram
2870 4889 2884 4936 ;
2912 4885 3013 4924 nec
3039 4869 3212 4925 ﬁdem
3235 4874 3438 4925 servat
3453 4862 3680 4924 Christo,
3700 4869 3794 4928 qua

2195 4957 2411 5031 ΡοΡυῙυ
2452 4959 2660 5029 quaerit
2683 4958 2872 5030 magis
2895 4959 3123 5030 placere
3144 4974 3332 5030 quam
3371 4970 3597 5028 sponso.
3628 4949 3791 5004 Conse-

2196 5051 2440 5119 quenter
2498 5052 2694 5103 autem
2754 5064 2991 5106 necesse
3024 5053 3113 5104 est
3155 5053 3223 5102 ut
3256 5064 3390 5120 quae
3423 5045 3667 5101 humano
3692 5050 3792 5092 con-

2196 5137 2418 5209 spectui
2470 5135 3009 5208 concupiscentiam
3041 5136 3322 5202 seminat,
3376 5137 3521 5191 171
3561 5132 3612 5186 in
3644 5125 3791 5182 divino

2194 5231 2506 5297 conspectu
2542 5225 2909 5282 iracundiam
2944 5231 3140 5281 metat.
3190 5226 3304 5294 Qui
3351 5225 3500 5281 enim
3529 5217 3733 5277 seminat
3751 5209 3792 5264 in

2191 5331 2368 5373 carne
2395 5333 2514 5386 sua,
2547 5316 2612 5373 de
2629 5333 2797 5374 carne
2828 5323 2995 5374 metet
3016 5317 3460 5388 corruptionem.
3487 5311 3588 5382 Qui
3617 5321 3716 5366 vero
3739 5315 3796 5355 δε-

2188 5479 2533 5533 somniorum
2565 5477 2871 5534 lenitatem.
2905 5481 3009 5532 Ms.
3041 5476 3242 5541 Corb.,
3267 5478 3667 5545 unguentorum
3695 5465 3793 5545 latr

2191 5553 2393 5610 tatem;
2427 5556 2480 5602 nt
2503 5550 2736 5620 quidem
2775 5549 3153 5618 n:elins,quia
3185 5538 3448 5604 inferius
3471 5538 3791 5604 dicimur!!!“

2191 5623 2388 5676 lenitas
2417 5621 2674 5691 despectis
2706 5634 2987 5690 (raperetur
3018 5625 3346 5690 unguentis.

2260 5695 2327 5762 (e)
2362 5692 2561 5764 Basil.,
2592 5696 2927 5764 praccipitet.

2259 5766 2322 5835 (Ι)
2355 5763 2554 5834 Βαείιο,
2581 5763 2846 5836 Corporis,
2877 5771 3039 5822 veste.
