3886 6386
380 412 497 473 343

1340 414 1404 477 S.
1452 410 1878 478 FULGENTII
1923 409 2282 474 EPISCOPI
2326 410 2756 477 RUSPENSIS
3615 445 3709 506 3“

380 550 577 601 tamen
601 546 766 602 deest
788 563 975 619 prava
999 546 1342 620 cupiditatis
1375 551 1633 616 exortus,
1667 546 1767 619 qui
1801 561 1907 600 nos
1936 544 2019 600 fa-
2054 554 2100 612 Α
2136 544 2328 600 danda
2350 551 2438 601 est
2464 525 2637 616 opera
2667 553 2731 603 ut
2760 548 2832 603 ad
2863 549 3103 606 meliora
3130 554 3562 630 proficiamus,ne
3581 586 3708 630 mor.

380 636 495 692 ciat
519 643 914 692 contumaces.

452 756 538 811 11.
567 760 675 810 Per
697 755 794 809 Dei
817 770 949 823 ergo
972 754 1219 826 gratiam
1245 770 1453 810 sumus
1467 755 1592 824 jam
1625 754 1743 810 Deo
1766 769 1836 809 ex
1867 755 2028 825 parte

383 845 654 910 subjecti,
680 860 783 915 per
807 845 1041 915 culpam
1064 861 1201 899 vero
1224 850 1485 901 nostram
1512 860 1722 899 sumus
1743 842 1935 898 adhuc
1960 858 2029 897 ex

383 940 545 1004 parte
572 950 686 988 non
721 933 963 987 subditi.
991 933 1234 1004 Propter
1247 934 1396 1003 quod
1423 933 1494 989 ad
1517 933 1784 987 Hebraeos
1814 931 2030 987 dicitur

383 1024 630 1077 necdum
659 1023 857 1076 omnia
880 1021 1115 1077 Christo
1137 1039 1264 1078 esse
1286 1022 1586 1093 subjecta;
1630 1021 1714 1077 sic
1745 1022 1899 1077 enim
1941 1025 2031 1075 est

381 1115 442 1168 In
475 1129 538 1167 eo
566 1114 719 1166 enim
749 1114 889 1182 quod
908 1129 957 1169 ei
988 1113 1217 1183 subjecit
1246 1114 1459 1179 omnia,
1492 1113 1640 1168 nihil
1671 1111 1890 1167 dimisit
1914 1127 2029 1165 non

378 1203 671 1268 subiectum
692 1204 763 1256 ei.
784 1203 939 1258 Nunc
956 1205 1141 1257 autem
1163 1201 1393 1257 necdum
1415 1201 1674 1258 videmus
1696 1202 1882 1256 omnia
1895 1200 2025 1255 sub-

370 1293 519 1362 jecta
548 1292 601 1344 ei
630 1291 832 1361 (Hebr.
865 1307 929 1358 ιι,
961 1290 1039 1353 8).
1070 1290 1326 1361 Subjecti
1359 1306 1566 1346 sumus
1592 1291 1775 1361 igitur
1805 1290 2028 1356 Deo,ex

378 1397 444 1434 eo
468 1382 643 1449 quod,
670 1379 797 1450 ipso
816 1380 873 1433 in
897 1380 1066 1435 nobis
1092 1383 1397 1451 operante,
1420 1378 1898 1435 condelectamur
1920 1378 2029 1447 legi

378 1471 476 1525 Dei
496 1472 795 1523 secundum
828 1468 1153 1524 interiorem
1203 1468 1505 1525 hominem.
1537 1467 1797 1523 Necdum
1829 1473 2025 1521 autem

379 1575 589 1616 sumus
610 1558 857 1628 subjecti
892 1573 961 1612 ex
984 1574 1050 1612 eo
1073 1558 1229 1628 quod
1264 1558 1534 1613 videmus
1563 1556 1737 1612 aliam
1758 1556 1934 1628 legem
1969 1558 2027 1610 in

380 1647 640 1703 membris
671 1647 885 1702 nostris
907 1655 1311 1718 repugnantem
1345 1645 1456 1716 legi
1476 1645 1676 1702 mentis
1708 1652 1940 1712 nostrai,
1973 1649 2027 1700 et

383 1737 758 1808 captivantem
788 1752 893 1790 nos
910 1736 967 1789 in
1000 1736 1114 1806 lege
1140 1737 1374 1806 peccati,
1407 1750 1535 1805 quae
1570 1741 1653 1790 est
1680 1735 1737 1789 in
1762 1736 2026 1790 membris

384 1824 600 1880 nostris
620 1824 793 1895 (Rom.
828 1838 924 1886 vn,
953 1823 1049 1888 22,
1076 1822 1185 1892 23).
1219 1822 1476 1892 Subjecti
1513 1838 1723 1877 sumus
1750 1822 2027 1893 Deo,quia

2136 634 2363 690 tiferam
2390 635 2722 692 incidamus
2747 637 2804 693 in
2819 641 3181 710 superbiam,
3208 645 3255 699 si
3276 658 3708 723 conversationem

2134 730 2398 780 nostram
2435 733 2709 795 putemus
2740 743 2809 782 ex
2838 730 2997 783 omni
3032 736 3193 801 parte
3224 737 3530 804 perlectam.

2203 812 2339 868 Cap.
2374 830 2497 870 VIII.
2529 815 2797 871 Flendum
2828 818 2887 871 in
2912 817 3013 873 hac
3040 818 3177 887 vita,
3208 832 3265 877 ut
3290 825 3343 879 in
3388 830 3540 890 altera
3565 841 3712 908 quia;

2130 904 2615 1001 vivamusQﬂualis
2638 906 2696 959 in
2720 907 2855 962 σαειο
2882 906 3180 1001 bfatitudo.
3197 941 3260 950 —
3283 914 3363 970 14.
3395 904 3613 981 Proinde
3630 946 3712 1001 ge-

2130 993 2889 1051 mamusetﬂeamuscoram
2911 996 3181 1065 Domino,
3206 1002 3299 1071 qui
3328 1003 3552 1067 fecitnos
3573 993 3708 1083 (Ρξαι,

2132 1083 2374 1153 χοιν,6),
2396 1090 2453 1137 ut
2470 1085 2990 1156 aconcupiscentia
3010 1088 3289 1157 carnis,et
3306 1112 3334 1146 a
3355 1102 3713 1172 concupiscen.

2133 1170 2215 1227 tia
2236 1172 2565 1241 oculorum,
2587 1178 2646 1228 et
2665 1175 2946 1246 superbia
2976 1176 3195 1244 saeculi,
3214 1196 3335 1250 qua:
3358 1170 3539 1243 nonesl
3555 1201 3711 1251 ezPa.

2126 1264 2233 1326 tre,
2264 1261 2361 1317 sed
2391 1278 2467 1317 ea:
2506 1262 2709 1318 mundo
2733 1274 2814 1318 est
2840 1265 2883 1335 (1
2909 1267 3072 1323 Joan.
3107 1283 3171 1337 ιι,
3208 1269 3311 1339 16),
3335 1271 3521 1332 liberet
3540 1297 3648 1350 nos,
3670 1292 3716 1340 et

2130 1351 2204 1406 ad
2227 1350 2387 1406 illam
2412 1367 2518 1406 nos
2540 1352 2965 1423 subiectionem
2985 1356 3265 1427 perducat
3280 1358 3336 1414 in
3358 1378 3465 1433 qua
3486 1368 3630 1425 nobis
3645 1375 3715 1426 ni-

2130 1437 2210 1493 hil
2243 1445 2606 1510 repugnelex
2623 1441 2997 1497 mortalitatis
3019 1443 3184 1511 vitio,
3208 1448 3302 1502 sed
3327 1465 3390 1505 ex
3418 1450 3716 1513 immortali-

2128 1527 2266 1583 tatis
2280 1529 2431 1583 dono
2447 1534 2633 1584 totum
2657 1531 2944 1602 quidquid
2972 1533 3028 1587 in
3048 1534 3216 1589 nobis
3239 1542 3325 1591 est
3344 1539 3441 1595 ﬁat
3459 1543 3712 1603 subditum

2132 1617 2264 1672 Deo.
2315 1616 2477 1673 Tunc
2502 1618 2661 1675 enim
2686 1619 2796 1674 erit
2824 1620 2884 1674 in
2917 1622 3087 1678 nobis
3116 1639 3272 1691 vera,
3305 1629 3536 1697 perfecta
3559 1637 3608 1687 et
3630 1650 3709 1690 ex-

2129 1704 2286 1762 celsa
2307 1706 2635 1777 humilitas,
2660 1725 2794 1765 cum
2817 1717 2871 1765 et
2896 1710 2954 1766 in
2973 1728 3149 1769 carne
3172 1718 3231 1769 et
3260 1715 3312 1769 in
3347 1723 3526 1776 mente
3551 1729 3715 1779 nostra

2129 1794 2291 1851 nulla
2306 1797 2655 1853 remanserit
2672 1815 2847 1870 prava
2859 1801 3183 1871 cupiditas;
3204 1807 3713 1878 neeeogitationibus

381 1912 572 1984 ipsius
594 1910 967 1967 miseratione
988 1910 1272 1982 eripimur
1296 1911 1698 1979 atentatione;
1734 1910 1845 1982 ipsi
1864 1911 2011 1966 enim

2130 1884 2475 1957 fatigabitur
2491 1887 2757 1958 spiritus,
2783 1905 2888 1944 nec
2910 1890 3214 1949 laboribus
3246 1898 3609 1954 macerabitur
3623 1917 3716 1957 cor-

384 2006 690 2057 cantamus
716 2018 729 2057 :
752 2002 792 2055 Α
823 2004 875 2056 te
901 1999 1118 2071 eripiar
1145 2017 1180 2054 a
1208 1999 1510 2055 tentatione
1529 2002 1700 2071 (Psal.
1732 2016 1870 2069 xvu,
1894 2001 1983 2071 30)
2008 2016 2023 2071 ;

381 2092 480 2146 sed
518 2092 761 2145 necdum
799 2104 1009 2144 sumus
1041 2089 1282 2144 omnino
1313 2088 1584 2158 subjecti,
1618 2088 1758 2160 quia
1783 2091 2026 2145 Tentatio

377 2187 455 2237 est
488 2183 596 2235 vita
628 2180 874 2235 hominis
916 2194 1079 2250 super
1104 2182 1323 2233 terram
1357 2178 1493 2248 (Job.
1522 2195 1622 2244 vn,
1659 2180 1732 2249 l).
1765 2179 2024 2249 Subjecti

378 2287 586 2326 sumus
606 2276 746 2335 Deo,
772 2270 831 2324 in
863 2285 976 2338 quo
997 2284 1217 2337 gressus
1239 2278 1472 2324 nostros
1493 2269 1695 2341 dirigit
1722 2270 2024 2325 secundum

374 2361 594 2416 verbum
616 2375 798 2427 suum,
830 2367 1019 2413 utnon
1034 2358 1347 2413 dominetur
1361 2358 1529 2413 nobis
1551 2358 1731 2414 omnis
1753 2358 2023 2430 iniquitas

375 2450 550 2522 (Psal.
580 2464 769 2516 cxvm,
800 2448 961 2519 l33);
991 2447 1095 2502 sed
1119 2447 1367 2502 necdum
1392 2462 1600 2502 sumus
1618 2448 1857 2503 omnino
1881 2449 2022 2504 sub-

371 2539 535 2610 jecti,
570 2538 708 2608 quia
730 2536 788 2591 in
821 2537 1015 2591 multis
1045 2535 1370 2608 oﬂendimus
1417 2552 1603 2591 omnes
1629 2540 1782 2608 (Jac.
1824 2553 1910 2605 ιιι,
1939 2538 2018 2610 2).

376 2628 629 2697 Subjecti
654 2643 857 2682 sumus
879 2625 936 2680 in
980 2630 1289 2696 quantum,
1315 2626 1441 2696 ipso
1464 2626 1741 2694 donante,
1766 2626 1827 2682 in
1855 2642 2022 2682 carne

376 2717 743 2779 ambulantes,
776 2732 884 2770 non
912 2714 1212 2771 secundum
1228 2730 1453 2770 carnem
1469 2714 1781 2771 militamus
1795 2717 1868 2785 (II
1890 2716 2015 2772 Cor.

378 2824 431 2873 ι,
465 2809 554 2876 3);
581 2808 676 2860 sed
699 2794 945 2860 necdum
971 2820 1181 2860 sumus
1201 2804 1441 2859 omnino
1470 2805 1890 2878 subjecti,quia
1908 2807 2019 2863 etsi

376 2898 667 2953 habemus
697 2912 766 2951 ex
797 2896 948 2951 dono
979 2894 1079 2950 Dei
1113 2900 1175 2951 ut
1201 2901 1383 2951 mente
1422 2896 1724 2952 serviamus
1757 2896 1869 2967 legi
1901 2899 2012 2963 Dei,

375 2989 660 3043 habemus
691 2991 887 3041 tamen
907 3001 975 3041 ex
993 2983 1256 3056 reliquiis
1284 2985 1503 3057 peccati
1527 2992 1589 3041 ut
1613 3003 1777 3043 carne
1803 2987 2018 3043 servia-

370 3094 494 3132 mus
511 3078 617 3148 legi
640 3075 1113 3147 peccati.Propter
1127 3074 1285 3146 quod
1297 3075 1613 3146 Apostolus
1628 3076 1770 3133 dicit
1792 3093 1805 3131 :
1830 3076 2016 3147 Igitur
2084 3073 2087 3075 ’

368 3169 483 3238 ipse
502 3182 597 3235 ego
625 3174 805 3220 mente
817 3166 994 3221 servio
1025 3165 1134 3235 tegi
1158 3165 1279 3230 Dei,
1297 3180 1467 3221 carne
1481 3170 1663 3221 autem
1681 3166 1789 3238 legi
1804 3167 2015 3237 peccati

366 3256 537 3327 (Rom.
571 3273 667 3325 vn,
698 3255 809 3325 ‘35).

442 3373 526 3427 12.
542 3370 917 3427 Omnisenim
940 3370 1039 3442 qui
1062 3372 1387 3440 nuncjuste
1404 3370 1565 3442 vivit,
1583 3388 1756 3428 carne
1778 3372 2014 3445 quidem

368 3459 668 3532 servitlegi
690 3458 1077 3531 peccati,dum
1095 3461 1151 3514 in
1168 3476 1230 3516 se
1246 3459 1406 3516 nasci
1420 3459 1714 3517 carnalem
1739 3463 2013 3532 concupi-

364 3551 641 3607 scentiam
655 3551 1038 3606 sentitzmente
1050 3553 1239 3605 autem
1250 3549 1429 3605 servit
1441 3549 1655 3621 legiDei
1666 3552 1823 3622 ,quia
1836 3551 2016 3605 eidem

372 3640 589 3695 carnali
603 3640 1081 3711 concupiscentiis
1098 3656 1211 3694 non
1229 3640 1728 3695 consentit.Carne
1743 3638 2014 3696 servimus

368 3730 481 3801 legi
507 3730 898 3802 peccati,dum
920 3730 1021 3784 ﬁlii
1042 3728 1352 3801 Babylonis
1366 3729 2015 3802 nascentesinquietant

371 3822 632 3876 animam
647 3820 1035 3885 nostram;sed
1056 3824 1243 3872 mente
1256 3817 1937 3890 servimuslegiDei,cum
1955 3818 2017 3873 ii-

371 3911 501 3964 dem
522 3907 743 3979 parvuli
762 3906 1071 3976 Babylonis
1090 3905 1388 3961 eliduntur
1409 3908 1478 3962 ad
1502 3907 2012 3978 petram.Babylon

368 3998 523 4054 enim
540 3997 806 4051 confusio
821 3994 1433 4065 interpretatur.cujus
1451 3996 1569 4051 filia
1581 4001 1670 4051 est
1688 4014 1779 4052 om
1792 3998 1881 4053 nis
1894 4014 2014 4053 car-

363 4085 517 4142 nalis
531 4085 824 4157 cupiditas
838 4084 1201 4158 quamcordis
1213 4085 1471 4140 confusio
1483 4085 2009 4153 generat.0uandiu

363 4176 508 4232 181
541 4179 737 4231 autem
768 4175 826 4231 in
882 4192 1126 4248 corpore
1181 4175 1628 4248 peregrinamur
1676 4193 1709 4231 a
1742 4180 2005 4246 Domino,

362 4272 564 4338 partus
579 4282 717 4321 suos
733 4266 902 4321 nobis
917 4266 1117 4338 ingerit
1138 4265 1250 4320 ista
1263 4265 1634 4321 confusio.Ex
1653 4266 1777 4338 ipsa
1791 4267 2009 4338 quippe

360 4355 704 4411 confusione
724 4355 916 4411 omnis
940 4371 1113 4425 prava
1130 4353 1406 4426 cogitatio
1426 4359 1706 4418 nascatur,
1732 4371 1859 4426 qua:
1885 4373 2010 4428 par-

360 4444 645 4501 vulatunc
664 4445 732 4500 ad
750 4449 974 4516 petram
988 4443 1195 4500 eliditu
1207 4444 1397 4506 r,dum
1415 4444 1584 4499 celeri
1612 4462 1663 4497 ro-
1674 4444 2009 4500 cordatione

360 4537 534 4605 atque
551 4532 935 4605 opitulatione
954 4532 1167 4588 Christi
1189 4538 1464 4604 superata
1485 4533 1760 4590 calcatur.

2138 1990 2283 2045 pus:
2312 1973 2474 2029 nulla
2490 1978 2601 2031 erit
2637 1976 2974 2034 sollicitudo
2992 1982 3357 2049 certaminis,
3386 1986 3479 2040 sed
3510 1989 3714 2058 perfecta

2135 2063 2245 2118 erit
2275 2063 2560 2121 securitas
2593 2066 2789 2137 pacis;
2825 2067 2990 2124 nulla
3020 2070 3194 2126 nobis
3223 2072 3333 2127 erit
3354 2074 3717 2143 justitieindi-

2134 2153 2355 2224 gentia,
2386 2156 2486 2210 sed
2537 2170 2671 2210 cum
2729 2156 3112 2214 delectatione
3157 2162 3433 2219 saturitas
3459 2165 3623 2236 plena.
3650 2168 3716 2222 lbi

2132 2242 2356 2299 erimus
2368 2245 2523 2299 enim
2544 2246 2795 2317 perfecta
2815 2245 3163 2304 celsitudine
3182 2251 3353 2322 beati,
3372 2254 3502 2323 quia
3516 2256 3721 2326 perlecta

2133 2332 2355 2389 erimus
2379 2339 2490 2390 Deo
2512 2335 2707 2392 carnis
2726 2338 3390 2409 etspiritushumilitate
3410 2343 3717 2415 subjecti.Ibi

2134 2439 2238 2479 nec
2256 2424 2449 2480 minor
2461 2425 2570 2480 erit
2584 2424 2917 2482 laudatione
2937 2434 3135 2484 nostra
3152 2430 3512 2498 dilectio,nec
3525 2432 3719 2489 inferior

2132 2513 2867 2572 dilectionelaudatio.Erit
2889 2517 3043 2573 enim
3069 2517 3250 2589 plena
3273 2526 3465 2577 nostra
3486 2522 3716 2589 laudatio,

2131 2604 2270 2675 quia
2290 2610 2429 2659 tunc
2450 2604 2507 2659 in
2540 2605 2710 2660 nobis
2732 2607 2843 2661 erit
2864 2605 2963 2662 Dei
2992 2606 3359 2680 proximique
3397 2612 3618 2682 perfecte
3649 2612 3717 2666 di-

2130 2691 2321 2749 lectio.
2355 2693 2522 2749 Tunc
2543 2693 2918 2749 laudabimus
2943 2700 3000 2750 et
3030 2695 3404 2768 habebimus,
3430 2703 3558 2755 tunc
3583 2699 3721 2755 habe-

2117 2782 2328 2839 .bimus
2357 2788 2416 2838 et
2444 2782 2799 2853 amabimus,
2862 2787 3001 2840 tunc
3050 2783 3402 2843 satiabimur
3425 2804 3546 2844 cum
3572 2789 3719 2845 delec-

2128 2872 2367 2939 tatione,
2399 2876 2456 2929 et
2487 2871 2910 2929 delectabimur
2933 2890 3065 2931 cum
3090 2876 3383 2933 satietate.

2729 2978 3069 3037 EPISTOLA
3099 2980 3169 3039 V.

2580 3103 2653 3143 AD
2682 3104 3015 3144 BUGYPPIUM
3035 3106 3325 3147 ΑΒΒΛἹἚΜ.

2479 3196 2552 3251 De
2580 3196 2813 3252 caritate
2874 3201 2925 3253 et
2954 3197 3072 3269 ejus
3101 3196 3422 3256 dilectione.

2200 3311 2445 3369 Domino
2494 3312 2859 3381 beatissimo,
2890 3317 2949 3369 et
2980 3313 3308 3386 plurimum
3339 3315 3646 3381 venerabili,
3671 3330 3721 3369 ao

2124 3407 2244 3459 toto
2274 3402 2535 3457 caritatis
2583 3402 2793 3458 aﬂ'ectu
2839 3402 3242 3470 desiderabili,
3295 3410 3490 3462 sancto
3520 3405 3658 3459 fratri
3679 3406 3722 3458 et

2123 3492 2592 3564 compresbytero
2652 3492 2967 3559 Eucvpmo,
3021 3492 3417 3564 FULceN'rms,
3462 3507 3713 3550 servorum

2123 3581 2338 3637 Christi
2369 3581 2645 3652 famulus,
2677 3580 2736 3636 in
2770 3581 3014 3637 Domino
3041 3582 3320 3641 salutem.

2194 3673 2348 3730 182
2382 3675 2431 3728 1.
2466 3673 2712 3738 Utinam,
2733 3677 2934 3729 sancte
2954 3673 3153 3745 frater,
3176 3680 3345 3731 tanta
3367 3690 3491 3731 meo
3517 3671 3718 3730 facultas

2124 3762 2546 3834 suil‘ragaretur
2564 3762 2818 3833 eloquio,
2842 3764 2985 3818 utad
3004 3762 3418 3834 explicandam
3447 3762 3718 3836 spiritalem

2122 3867 2299 3923 quam
2321 3868 2389 3907 ex
2421 3856 2656 3906 tuarum
2684 3850 3012 3907 litterarum
3044 3851 3301 3909 lectione
3324 3852 3543 3925 percepi
3563 3850 3719 3905 dulce-

2122 3942 2519 4008 dinem,verha
2534 3940 2888 3997 sufficientia
2909 3942 3263 4013 reperirem:
3287 3943 3441 4014 quod
3456 3943 3585 3997 dum
3603 3937 3721 4006 volo,

2123 4047 2227 4086 nec
2250 4031 2436 4095 valeo,
2469 4030 2684 4084 mirum
2713 4030 2854 4084 mihi
2888 4030 3114 4102 aliquid
3175 4033 3444 4087 evenisse
3466 4042 3719 4102 cognosco.

2118 4120 2323 4175 videns
2336 4118 2616 4191 gaudium
2634 4119 2788 4188 quod
2804 4134 2873 4174 ex
2885 4119 3004 4175 tuis
3019 4120 3390 4176 sermonibus
3405 4136 3527 4174 sum
3538 4117 3719 4189 psi,non

2120 4226 2291 4283 posse
2316 4210 2461 4267 meis
2478 4210 2853 4264 sermonibus
2865 4209 3141 4281 explicari
3153 4215 3446 4283 .Nemque
3459 4209 3597 4282 quod
3612 4203 3722 4262 mihi

2118 4298 2431 4370 scripsisti,
2466 4303 2777 4369 postquam
2806 4299 3165 4370 cogitatione
3200 4300 3503 4355 inventum
3526 4291 3719 4367 disposi-

2117 4394 2365 4463 tumque
2381 4389 2582 4457 est,sic
2594 4390 2608 4444 i
2620 4406 2654 4445 n
2677 4390 2901 4446 litteras
2913 4390 3318 4462 digessisti,ut
3334 4391 3562 4462 autipse
3582 4399 3720 4443 manu

2118 4480 2424 4549 scriberes,
2457 4490 2692 4535 auclore
2717 4479 2986 4535 dictares.
3019 4479 3186 4537 Unde
3220 4480 3409 4553 igitur
3440 4482 3629 4534 factum
3655 4476 3723 4526 est

2118 4571 2184 4624 ut
2212 4585 2278 4623 os
2313 4584 2506 4624 meum
2541 4568 2984 4624 delectationem
3009 4569 3084 4639 (α)
3117 4569 3403 4625 dictando
3427 4581 3609 4640 parere
3634 4577 3721 4618 non

427 4660 556 4714 CAP.
590 4673 691 4711 vn.
725 4657 788 4712 Et
815 4658 1029 4727 gratias
1058 4672 1238 4726 agere,
1270 4664 1323 4713 et
1366 4659 1663 4714 continuas
1706 4674 1894 4729 preces
1921 4661 2006 4731 ef-
2032 4631 2082 4697 Β
2116 4658 2507 4731 possit,quam
2531 4674 2631 4713 cor
2654 4673 2845 4713 meum
2878 4673 2947 4712 ex
2972 4657 3057 4713 tui
3089 4658 3545 4714 orisdictatione
3568 4664 3725 4709 conce-

353 4746 587 4819 fundere
634 4751 739 4800 Deo
785 4746 1065 4800 debemus.
1097 4776 1165 4786 -—
1195 4746 1281 4801 13.
1311 4746 1494 4818 igitur
1516 4745 1651 4804 licet
1675 4748 2004 4805 habeamus

358 4837 505 4888 unde
534 4835 752 4905 gratias
783 4849 954 4906 agere
997 4834 1112 4889 Deo
1163 4835 1503 4903 debeamus,
1546 4836 1685 4908 quia
1741 4854 1856 4893 non
1888 4838 1998 4895 sibi

357 4923 613 4993 gratuita
681 4922 1058 4977 miseratione
1117 4923 1389 4995 subjecit,
1412 4928 1477 4979 ut
1502 4924 1757 4981 humiles
1789 4926 2000 4994 simus,

356 5013 565 5068 habem
578 5029 646 5067 us
669 5017 863 5068 tamen
879 5012 1033 5068 unde
1050 5012 1344 5068 continuis
1366 5014 1637 5083 precibus
1656 5014 1886 5070 divinas
1902 5032 2001 5071 au-

355 5121 447 5159 res
470 5102 1039 5175 pulsaredebeamus
1061 5117 1077 5170 ;
1103 5103 1513 5173 quiaquandiu
1547 5102 1605 5157 in
1625 5101 1736 5159 hoc
1768 5106 1998 5160 mortali

354 5209 596 5264 corpore
639 5208 869 5261 sumus,
920 5190 1075 5246 sicut
1105 5206 1220 5246 non
1256 5206 1572 5261 possumus
1603 5191 1731 5246 sine
1763 5198 1998 5264 peccato

351 5285 595 5349 esse,sic
620 5282 869 5337 necdum
894 5280 1157 5336 valemus
1178 5280 1491 5351 perfectam
1508 5278 1898 5336 humilitatem
1915 5282 1998 5336 di-

349 5372 441 5426 vin
454 5373 529 5442 isj
542 5370 761 5427 ussioni
774 5372 881 5426 bus
895 5368 1189 5425 exhibere.
1202 5372 1442 5440 Propter
1453 5371 1605 5441 quod
1625 5371 1861 5441 agendae
1877 5371 1999 5443 qui-

349 5461 473 5515 dem
487 5458 982 5531 suntgratiasDeo,
1011 5457 1068 5510 in
1088 5460 1375 5529 quantum
1395 5458 1561 5513 nobis
1578 5457 1758 5513 donat
1773 5464 1835 5514 ut
1850 5459 1998 5515 bene

347 5563 765 5618 opersmur,ne
786 5547 1128 5603 muneribus
1159 5548 1288 5617 ejus
1317 5548 1640 5603 existamus
1664 5547 1874 5619 ingrati
1900 5568 1915 5617 ;
1940 5557 1998 5606 et

418 5693 492 5774 (ᾳ)
514 5690 680 5773 Editi,
700 5690 1053 5774 dilectionem
1078 5692 1206 5774 ;_sed
1233 5691 1435 5774 molior
1452 5691 1677 5774 videtur
1699 5667 1867 5774 lectio
1884 5713 1992 5751 ms-

345 5764 542 5832 Corb.,
566 5763 623 5814 in
649 5778 762 5833 quo
781 5763 995 5835 legitur
1013 5763 1456 5833 delectationem;
1473 5764 1612 5836 quia
1630 5765 1803 5836 paulo
1816 5783 1997 5840 supra

2118 4748 2203 4819 pit
2226 4750 2248 4798 .9
2268 4750 2402 4812 Quae
2424 4752 2513 4803 est
2536 4747 2706 4819 inops
2728 4746 3030 4818 opulentia
3051 4747 3136 4803 vel
3156 4747 3443 4820 opulenta
3463 4741 3656 4816 impia,
3676 4740 3725 4793 ut

2113 4851 2180 4891 eo
2201 4838 2400 4891 minus
2415 4835 2557 4891 mihi
2574 4852 2767 4891 sermo
2787 4835 3059 4902 sufficiat,
3082 4853 3202 4909 quo
3220 4853 3315 4892 me
3329 4834 3510 4905 magis
3529 4832 3721 4888 aﬂ'ectrs

2113 4924 2395 4995 instigat;
2423 4929 2482 4981 et
2520 4924 2675 4997 quod
2711 4924 2840 4981 ideo
2863 4925 3071 4996 loquor
3099 4925 3245 4996 quia
3280 4918 3723 4992 delector,minus

2110 5012 2352 5085 eloquar
2364 5030 2540 5085 quam
2567 5014 2819 5070 delector
2838 5012 2866 5068 ‘t
2893 5013 3038 5078 Quid
3065 5030 3209 5085 rogo
3232 5021 3327 5070 est
3349 5013 3463 5069 huc
3483 5008 3620 5082 quod
3635 5005 3719 5059 elo-

2110 5103 2248 5174 quio
2264 5103 2599 5174 signiﬁcare
2617 5101 2877 5173 volo,nec
2892 5102 3053 5158 valeo
3073 5102 3100 5157 ?
3119 5101 3422 5158 Nimirum
3448 5095 3643 5170 aliquid
3655 5094 3722 5147 est

2111 5194 2263 5264 quod
2307 5191 2389 5246 sic
2430 5192 2716 5263 corporali
2750 5191 2984 5263 eloquio
3040 5191 3318 5263 styloque
3376 5189 3717 5262 signiﬁcatur,

2110 5286 2176 5337 ut
2209 5285 2406 5337 tamen
2456 5298 2573 5336 non
2604 5280 3010 5353 corporaliter,
3045 5281 3146 5336 sed
3185 5279 3529 5354 spiritaliter
3551 5273 3719 5331 habea-

2108 5374 2223 5426 tur.

2174 5463 2231 5516 2.
2266 5459 2481 5516 Caritas
2495 5460 2709 5531 primus
2729 5461 2948 5533 [ructus
2984 5458 3347 5531 spiritalium
3374 5460 3645 5515 denorum.
3677 5476 3717 5487 ο-

2107 5551 2169 5605 In
2184 5550 2551 5622 spiritalibus
2566 5556 2753 5606 autem
2766 5551 2935 5606 donis
2949 5550 3170 5620 primus
3188 5552 3419 5604 fructus
3432 5544 3715 5604 estcaritas.

2107 5695 2352 5764 dixerat,
2375 5693 2445 5749 ad
2463 5692 2851 5765 explicandam
2880 5692 3207 5764 spiritalem
3223 5690 3600 5753 dulcedinem,
3629 5688 3714 5736 θῐσο
