3886 6338
171 371 250 433 35Ί
1615 383 1823 444 EPIS’I

2044 386 2175 447 νιι.

3488 401 3613 460 358

178 509 474 618 θλῆἷθωὶδω
505 513 687 573 Deus
710 520 1398 618 Ποοάεδξηίίίηονθρθτθ
1421 537 1432 574 ε
1457 518 1718 590 Νυηιιιιίά
1738 516 1834 618 σαί
1863 520 1913 584 Α
1944 536 2370 612 bantur,quam
2395 559 2494 599 eos
2517 543 2614 615 qui
2645 549 3014 615 peccatorum
3051 563 3288 601 suorum
3321 549 3602 618 pcnniten-

190 603 298 660 cadit
319 620 414 658 non
437 614 748 678 resurget,
770 618 880 666 aut
895 609 994 682 qui
1013 627 1233 666 aversus
1255 618 1330 665 est
1352 625 1460 664 non
1481 608 1825 664 revertetur?

204 697 343 766 Quare
369 711 487 766 ergo
532 715 790 755 aversus
844 706 928 755 est
957 700 1190 771 papulas
1232 701 1332 754 iste
1375 700 1433 754 in
1484 699 1829 754 Hierusalem

200 789 433 843 aversione
453 791 814 844 contentiosa
834 789 865 844 ?
894 791 914 844 Ι
922 790 1091 844 udura
1102 793 1291 844 uerunt
1311 790 1541 844 cervices
1551 804 1702 855 suas,
1728 802 1827 842 no-

208 879 394 934 luerunt
445 880 656 934 reverti
711 880 848 948 (Jer.
905 895 1026 940 vm,
1073 880 1124 945 Ii,
1170 879 1248 948 5).
1295 876 1415 932 Non
1461 877 1613 931 194
1663 876 1831 947 punit

197 968 332 1024 Deus
363 969 413 1022 in
447 974 754 1040 peccatore
788 973 1046 1040 peccata,
1077 968 1122 1022 si
1154 967 1472 1040 peccatoris
1493 969 1685 1022 cervix
1713 982 1825 1020 non

200 1058 359 1113 fuerit
380 1058 672 1114 indurata.

257 1153 382 1207 CAP.
416 1167 493 1205 ιι.
525 1149 757 1206 Iustitia
781 1151 880 1206 Dei
902 1166 1186 1205 conversos
1206 1150 1409 1216 salvat,
1437 1164 1654 1204 aversos
1679 1148 1827 1203 dam-

196 1249 300 1295 nat.
331 1271 394 1280 —
429 1241 515 1294 13.
543 1241 768 1294 Bonum
794 1241 964 1295 nobis
987 1249 1072 1294 est
1098 1239 1298 1311 igitur,
1323 1239 1369 1294 si
1406 1239 1476 1294 ad
1509 1240 1636 1309 ejus
1657 1239 1828 1296 mise-

193 1332 487 1387 ricordiam
512 1332 928 1402 confugiamus
951 1331 1119 1397 cujus
1138 1330 1689 1400 cii'ugerejustitiam
1709 1345 1822 1384 non

193 1421 460 1475 valemus.
494 1421 627 1492 Ipsa
650 1421 810 1474 enim
835 1421 1074 1490 justitia
1096 1419 1190 1474 Dei
1216 1419 1351 1474 talis
1371 1427 1478 1486 est,
1500 1423 1564 1473 ut
1589 1435 1823 1473 aversos

191 1509 430 1570 damnet.
467 1527 783 1564 conversos
803 1510 1006 1565 salvet.
1040 1510 1275 1579 Propter
1295 1509 1446 1578 quod
1478 1509 1654 1564 dicit:
1678 1512 1825 1564 Con-

193 1601 457 1652 rertimini
481 1599 552 1652 ad
579 1615 685 1664 me,
710 1609 760 1654 et
786 1600 1006 1654 saluatio
1028 1615 1118 1654 vos
1149 1600 1272 1668 (lsa.
1299 1615 1409 1665 uv,
1432 1599 1562 1668 22);
1593 1613 1826 1669 semper

193 1695 371 1743 autem
411 1689 740 1743 delectatur
781 1690 1156 1744 conversione
1199 1694 1419 1756 nostra,
1453 1705 1558 1743 nec
1591 1693 1822 1758 tempus

185 1776 413 1845 homini,
451 1778 720 1849 quandiu
754 1776 810 1832 in
835 1778 940 1832 hac
965 1778 1081 1831 vita
1103 1782 1212 1842 est,
1239 1778 1456 1848 posuit,
1481 1794 1595 1849 quo
1629 1779 1821 1849 propi-

1936 627 2078 683 tiam
2129 645 2325 700 gerere
2358 634 2690 688 noluerunt.
2739 635 2996 706 Denique
3045 637 3186 690 dicit
3235 637 3600 696 Corinthiis:

1939 718 2018 771 Ne
2045 718 2248 774 iterum
2272 737 2394 776 cum
2427 738 2640 791 venero,
2675 724 2933 779 humilia!
2963 742 3050 780 me
3075 727 3213 781 Deus
3243 727 3389 796 apud
3418 744 3532 797 vos,
3553 739 3609 784 et

1937 803 2155 876 lugeam
2178 808 2471 866 multosex
2487 813 2572 867 his
2599 814 2691 882 qui
2710 818 2838 868 ante
2858 824 3242 881 peccaverunt,
3269 820 3318 869 et
3347 834 3454 870 non
3479 833 3601 886 ege-

1943 899 2647 966 runtpwnitentiamsuuer
2664 901 2737 956 im
2750 920 2873 957 mun
2898 903 3047 966 lilia,
3064 913 3112 958 et
3132 906 3531 972 fornicatione,
3551 911 3604 960 ct

1941 985 2310 1057 impudicitia,
2335 1005 2498 1059 quam
2516 1000 2797 1060 gesserunt
2823 994 2892 1060 (ll
2925 994 3044 1049 Cor.
3082 1010 3183 1060 xu,
3207 995 3319 1064 21).
3344 994 3458 1049 Nec
3487 995 3597 1050 im-

1943 1073 2150 1130 merito
2178 1073 2338 1147 luget
2360 1081 2667 1148 Apostolus
2691 1081 2788 1151 qui
2818 1082 3220 1152 pmnitentiam
3254 1101 3365 1138 non
3393 1089 3596 1154 agunt.

1937 1161 2047 1214 scit
2077 1165 2230 1218 enim
2268 1164 2395 1234 plus
2425 1183 2553 1222 esse
2591 1169 2794 1236 gaudii
2823 1185 3011 1224 coram
3045 1172 3257 1241 angelis
3296 1175 3393 1228 Dei
3421 1189 3587 1240 super

1935 1266 2046 1304 uno
2077 1257 2351 1320 peccatore
2369 1257 2752 1324 paenitentiam
2782 1268 2992 1328 agente,
3025 1276 3191 1330 quam
3221 1278 3389 1331 super
3417 1277 3592 1318 nona-

1934 1339 2094 1407 ginta
2135 1358 2332 1398 novem
2358 1345 2531 1412 justis
2578 1349 2780 1417 quibus
2820 1364 2932 1403 non
2979 1357 3059 1404 est
3091 1365 3227 1420 opus
3273 1352 3600 1421 paenitentia

1930 1428 2079 1498 (Luc.
2106 1448 2195 1496 xv,
2223 1435 2294 1501 7).
2324 1435 2503 1504 Digne
2530 1436 2708 1506 igitur
2731 1437 2861 1490 illos
2879 1455 2978 1506 pro
3007 1439 3446 1506 iznpmaitentia
3471 1457 3596 1495 cor-

1934 1518 2024 1572 dis
2060 1520 2214 1587 luget
2249 1523 2456 1578 beatus
2481 1525 2817 1594 Apostolus,
2856 1544 2955 1596 pro
2980 1527 3195 1598 quibus
3231 1546 3342 1583 non
3370 1531 3598 1599 gaudet

1936 1610 2241 1676 angelicus
2278 1613 2514 1668 chorus.
2793 1681 2796 1684 ἢ

2003 1699 2176 1754 195.
2210 1705 2340 1755 CAP.
2383 1718 2460 1757 x1.
2523 1704 2701 1758 Variis
2743 1705 2923 1759 molis
2956 1722 3048 1760 nos
3088 1707 3156 1762 ad
3191 1706 3576 1778 paenitentiam

1935 1794 2083 1843 vocat
2113 1791 2268 1846 Deus.
2292 1821 2361 1833 —-
2394 1792 2479 1846 16.
2516 1794 2846 1864 Beuignitas
2877 1812 3012 1867 ergo
3050 1798 3144 1850 Dei
3184 1798 3253 1852 ad
3290 1798 3576 1868 pmuiten-

189 1866 308 1919 tiari
339 1883 622 1921 converso
657 1883 769 1921 non
812 1867 1030 1936 possit;
1063 1867 1177 1921 imo
1204 1873 1436 1936 tempus
1467 1883 1638 1922 omne
1672 1884 1787 1938 prie
1851 1869 1899 1936 B
1931 1877 2068 1931 tiam
2089 1881 2608 1943 nosadducit,idco
2629 1866 3473 1957 nostribulationibuseiiﬂigit,
3498 1887 3587 1940 in-

182 1956 347 2010 sentis
363 1957 490 2009 vitae
507 1956 872 2010 conversioni
892 1963 1098 2011 nostra:
1113 1955 1642 2026 cognosciturdepu
1655 1962 1830 2014 tasse.

186 2051 384 2101 Beatus
418 2046 578 2102 enim
607 2048 810 2102 Petrus
833 2047 1008 2102 dicit:
1045 2047 1161 2102 Non
1193 2046 1374 2102 tardat
1406 2047 1670 2102 Dominus
1700 2063 1826 2116 pro-

187 2139 392 2190 missum
411 2153 602 2203 suum,
625 2137 773 2192 sicut
791 2135 1016 2208 quidam
1031 2136 1348 2191 tarditatem
1365 2137 1711 2202 existimant,
1736 2136 1830 2192 sed

179 2228 457 2294 patienter
472 2230 587 2297 [ert
614 2236 840 2297 propter
869 2243 978 2290 vos,
1011 2228 1207 2282 nolens
1235 2225 1477 2297 aliquem
1505 2225 1706 2297 perire.
1731 2227 1828 2282 sed

191 2331 360 2370 omnes
393 2316 465 2370 ad
494 2318 877 2379 pa‘nitcntiam
908 2319 1150 2372 converti
1179 2318 1248 2388 (Il
1282 2318 1423 2371 Petr.
1461 2332 1543 2380 ιιι,
1571 2317 1646 2385 9).

247 2408 366 2460 CAP.
402 2423 458 2460 ι.
497 2407 774 2460 Parabola
813 2407 885 2460 (Ie
909 2408 1179 2476 operariis
1212 2407 1266 2460 in
1303 2407 1483 2460 vinea.
1518 2406 1655 2460 Deus
1685 2421 1824 2460 sem-

177 2511 272 2564 per
292 2494 618 2549 delectatur
655 2497 1006 2550 conversione
1031 2504 1310 2550 nostra.——
1355 2494 1439 2548 14.
1475 2494 1534 2549 Si
1567 2493 1820 2565 aliquam

180 2589 398 2638 atatem
437 2583 744 2652 judicaret
792 2584 1080 2638 Dominus
1127 2583 1522 2638 conversionis
1565 2582 1822 2638 remedio

174 2671 451 2742 ineptam,
477 2690 592 2728 non
621 2673 868 2728 diversis
898 2673 1568 2745 temporibusnperarios
1593 2677 1822 2729 vocaret

168 2761 233 2815 ad
276 2764 541 2817 vineam.
577 2765 641 2818 In
676 2764 1014 2818 diversitate
1046 2765 1260 2835 quippe
1279 2763 1556 2818 horarum
1592 2779 1704 2816 non
1739 2763 1821 2816 in-

164 2867 425 2921 congrue
471 2853 766 2923 accipitur
812 2857 1050 2906 aetatum
1082 2851 1428 2919 diversitas;
1462 2852 1539 2906 ita
1585 2857 1649 2906 ut
1679 2859 1818 2907 aetas

155 2943 410 3010 puerilis
442 2941 767 3012 accipiatur
800 2943 854 2996 in
892 2959 1083 3009 mane,
1113 2941 1390 3014 pubertas
1415 2941 1472 2996 in
1498 2941 1689 3008 tertia,
1713 2943 1816 3013 ju-

148 3039 374 3085 ventus
413 3033 467 3085 in
507 3039 686 3095 sexta,
710 3033 968 3102 gravitas
998 3033 1349 3087 declinantis
1372 3032 1553 3086 aetatis
1588 3030 1642 3084 in
1666 3048 1816 3084 nona

137 3127 206 3174 et
242 3121 300 3174 in
333 3121 675 3186 undecima,
701 3120 906 3176 senilis
923 3127 1060 3177 tetas
1084 3122 1210 3194 ipsa
1235 3120 1569 3176 novissima.
1593 3119 1653 3174 In
1678 3137 1818 3191 qua-

1935 1966 2316 2025 ﬁrmitatibus
2346 1971 2605 2043 corripit,
2625 1974 2915 2044 angustiis
2946 1975 3160 2042 erudit,
3188 1980 3252 2029 ut
3274 1977 3373 2045 qui
3406 1975 3464 2029 in
3489 1992 3581 2030 sa-

1935 2055 2116 2112 nitate
2133 2061 2394 2129 corporis
2417 2062 2873 2131 peccavimus,in
2897 2061 3240 2118 infirmitate
3273 2081 3306 2119 a
3338 2065 3594 2136 peccatis

1932 2145 2545 2206 abstinerediscamus
2566 2170 2580 2204 :
2600 2151 2696 2222 qui
2714 2151 2768 2205 in
2791 2151 2982 2205 laetitia
3004 2153 3466 2206 misericordiam
3485 2152 3586 2208 Dei

1930 2236 2419 2308 contempsimus,
2471 2239 2716 2310 correpti
2752 2239 2976 2304 ﬂagello
3012 2241 3262 2296 tristitiae
3288 2241 3576 2311 justitiam

1928 2322 2536 2393 ipsiusformidemus.
2559 2328 2738 2393 Italit,
2767 2329 2942 2399 utqui
2969 2329 3472 2396 nobis,abutendo
3496 2347 3580 2384 sa-

1930 2413 2538 2479 nitate,inﬁrinitatem
2558 2418 3414 2488 peperimus,perin{irmitatem
3433 2419 3588 2473 sani-

1926 2501 2065 2556 tatis
2092 2503 2727 2574 beneficiarepareinus
2753 2550 2766 2573 ,
2789 2513 2843 2560 et
2866 2507 2963 2577 qui
2988 2524 3085 2577 per
3110 2507 3368 2562 laetitiam
3397 2511 3451 2562 in
3479 2507 3584 2562 tri-

1927 2589 2258 2646 bulationes
2283 2594 2623 2660 indicimus,
2654 2611 2752 2666 per
2771 2595 3184 2650 tribulationes
3210 2600 3280 2650 ad
3313 2595 3574 2651 laetitiam

1925 2695 2320 2735 recurremus.
2339 2682 2419 2750 (ιι)
2443 2684 2696 2754 Denique
2722 2685 2910 2754 magis
2923 2700 3053 2751 erga
3075 2701 3179 2739 nos
3199 2683 3572 2739 dilectionem

1923 2758 2022 2814 Dei
2058 2760 2301 2829 ﬂagellis
2332 2771 2388 2815 et
2409 2764 2876 2833 correptionibus
2905 2765 3207 2834 Scriptura
3230 2771 3435 2819 sancta
3458 2769 3574 2819 tes-

1921 2851 2077 2902 tatur
2106 2851 2369 2918 ostendi;
2405 2852 2546 2906 dicit
2576 2853 2730 2907 enim
2768 2869 2780 2906 :
2811 2853 2938 2919 Fili,
2973 2871 3041 2908 ne
3060 2853 3282 2924 deﬁcias
3316 2858 3374 2908 in
3397 2852 3572 2908 disci.

1918 2937 2078 3009 plina
2109 2939 2349 3005 Domini,
2380 2957 2553 3011 neque
2581 2945 2832 3012 [aligeris
2862 2960 2985 2998 cum
3016 2944 3088 2997 ah
3131 2961 3190 2999 eo
3222 2943 3529 3013 increparis
3557 2961 3570 3010 ;

1921 3042 2077 3097 quem
2099 3029 2246 3082 enim
2267 3027 2450 3101 diligit
2478 3029 2768 3094 Dominus,
2801 3032 3033 3103 corripit
3056 3052 3078 3096 ;
3107 3034 3348 3103 ﬂagellat
3375 3036 3569 3087 autem

1919 3131 2139 3170 omnem
2169 3117 2353 3188 filium
2382 3135 2541 3188 quem
2573 3119 2766 3190 recipit
2799 3121 2981 3190 (Prov.
3017 3137 3101 3188 ιιι,
3139 3121 3245 3191 ll).

137 3223 394 3278 cunque
429 3210 607 3280 igitur
639 3209 772 3279 quis
807 3214 975 3264 (etate
1005 3212 1267 3276 vocatus,
1312 3208 1359 3263 si
1391 3207 1808 3278 benignitatem
1844 3231 1888 3300 ϐ
1995 3205 2129 3262 CAP.
2152 3224 2250 3262 xu.
2273 3208 2682 3280 —Sedetipse
2699 3209 2960 3263 Salvator
2983 3210 3118 3264 illos
3142 3226 3204 3264 se
3220 3210 3574 3264 dicitamare

137 3299 430 3352 vocantis
462 3299 693 3352 Domini
720 3316 831 3353 non
853 3306 1113 3370 spernat,
1140 3315 1376 3354 necesse
1399 3306 1480 3353 est
1503 3297 1808 3352 denarium

133 3391 285 3441 vitae
315 3389 597 3459 perennis
622 3389 890 3459 accipiat.
928 3389 1124 3459 Neque
1148 3388 1302 3444 enim
1330 3406 1443 3444 non
1463 3404 1692 3458 semper
1720 3386 1814 3440 de-

139 3479 417 3532 lectatur
448 3479 826 3533 conversione
878 3483 1099 3548 nostra,
1142 3479 1212 3533 de
1243 3495 1360 3550 quo
1393 3477 1563 3532 nobis
1602 3475 1814 3531 clamat

131 3565 273 3620 Joel
313 3566 601 3638 propheta
628 3586 639 3622 :
668 3569 794 3623 Haec
814 3567 947 3622 dicit
967 3569 1232 3622 Dominus
1255 3569 1391 3622 Deus
1422 3572 1600 3622 vester
1621 3584 1640 3620 :
1664 3565 1810 3620 Con-

130 3656 453 3710 tertimini
480 3656 550 3709 ad
580 3673 663 3711 me
679 3672 750 3710 ex
780 3661 889 3711 toto
911 3657 1067 3712 corde
1085 3665 1280 3724 vestro,
1320 3659 1375 3710 in
1398 3657 1642 3728 jejunio,
1675 3664 1724 3712 et
1756 3657 1810 3711 in

131 3744 305 3809 ﬂetu,
329 3746 462 3798 etin
490 3745 746 3815 planctu,
769 3754 826 3799 et
856 3745 1188 3816 «lisrumpite
1211 3745 1374 3800 corda
1393 3751 1593 3812 vestra,
1626 3753 1676 3800 et
1704 3760 1814 3800 non

163 3832 483 3888 uestimenta
515 3838 713 3897 vestra,
737 3843 788 3890 et
803 3835 1193 3890 convertimini
1223 3835 1290 3890 ad
1323 3837 1616 3890 Dominum
1649 3835 1816 3888 Deum

165 3935 442 3989 vestrum;
477 3923 614 3994 quia
643 3927 956 3979 misericors
989 3929 1038 3980 et
1072 3923 1284 3994 patiens
1312 3933 1406 3988 est,
1441 3931 1494 3979 et
1526 3924 1815 3994 magnani-

170 4027 212 4060 ιιι
225 4014 288 4075 is,
317 4019 370 4065 et
384 4014 618 4067 multum
635 4013 965 4082 misericOrs,
981 4025 1034 4070 et
1046 4015 1385 4086 patientiam
1399 4015 1603 4070 habens
1618 4031 1676 4069 in
1691 4029 1816 4068 ma-

180 4099 241 4152 lis
272 4104 409 4166 (Joel
437 4121 526 4170 11.,
556 4105 622 4158 12
651 4114 703 4159 et
734 4107 886 4176 seq.).

247 4192 331 4242 15.
369 4191 605 4263 Propter
624 4195 778 4264 quod
826 4193 1124 4262 apostolus
1151 4194 1365 4249 Paulus
1387 4193 1663 4248 duritiam
1698 4209 1820 4248 cor-

177 4277 594 4349 disincrepatin
613 4283 704 4336 bis
721 4283 818 4353 qui
841 4283 1238 4352 paenitentiam
1256 4300 1495 4338 suorum
1514 4283 1820 4353 negligunt

183 4381 339 4435 agere
366 4379 729 4440 peccatorum
757 4389 770 4437 ;
805 4372 1114 4426 dicitenim
1144 4389 1154 4425 :
1182 4372 1560 4444 Propterquod
1584 4387 1817 4426 inexcu-

178 4458 362 4512 sabilis
381 4477 456 4520 es.
482 4478 518 4516 ο
537 4463 700 4516 homo
723 4463 901 4516 omnis
926 4462 1023 4532 qui
1039 4463 1270 4526 iudicas.
1289 4464 1349 4518 ln
1375 4478 1479 4533 quo
1495 4459 1816 4532 enimjudi-

173 4559 255 4599 cas
283 4551 538 4614 alterum,
571 4555 622 4605 te
665 4552 844 4621 ipsum
888 4552 1216 4606 condemnas
1243 4572 1257 4619 ς
1295 4560 1484 4606 eadem
1513 4551 1664 4606 enim
1694 4551 1819 4621 agis

171 4650 281 4704 qur
307 4639 545 4706 judicas.
570 4641 788 4694 Scimus
817 4651 1003 4695 autem
1034 4643 1297 4712 quoniam
1319 4641 1591 4712 judicium
1628 4642 1726 4695 Dei
1739 4645 1818 4696 est

168 4728 459 4782 secundum
490 4733 784 4784 veritatem
804 4732 860 4783 in
886 4746 973 4784 eos
999 4733 1096 4801 qui
1125 4730 1260 4784 ta'lia
1292 4735 1481 4800 agunt.
1519 4730 1818 4786 Existimas

159 4828 334 4870 autem
381 4820 502 4885 hoc,
562 4836 591 4873 o
624 4819 780 4874 homo
810 4822 990 4874 omnis
1018 4822 1116 4890 qui
1133 4819 1354 4890 judicas
1404 4837 1490 4876 eos
1537 4822 1636 4892 qui
1681 4821 1820 4876 talia

159 4918 351 4972 agunt,
381 4913 439 4962 et
463 4910 618 4979 facis
648 4924 734 4977 ea,
756 4910 888 4980 quia
919 4918 978 4963 tu
1006 4910 1233 4980 effugies
1255 4909 1535 4980 judicium
1568 4910 1667 4965 Dei
1687 4915 1712 4963 7
1739 4911 1820 4966 An

152 4993 370 5050 divitias
408 4999 674 5053 bonitatis
705 5002 826 5070 ejus
867 5002 915 5053 et
945 5001 1235 5069 patientiae
1281 5005 1332 5053 et
1382 4999 1818 5070 longanimitatis

142 5091 474 5151 contannis,
507 5089 773 5159 ignorans
795 5090 1060 5159 quoniam
1091 5088 1402 5161 benignitas
1421 5089 1515 5144 Dei
1545 5090 1613 5143 ad
1635 5090 1816 5160 paeni-

138 5175 387 5229 tentiam
421 5182 469 5231 le
508 5177 779 5232 adducit?
809 5177 1120 5232 Secundum
1151 5180 1424 5232 duritiam
1448 5188 1629 5233 autem
1663 5189 1816 5234 tuam

121 5268 177 5316 et
212 5264 585 5334 impuenitens
616 5284 712 5322 cor
739 5267 1090 5322 thesaurizas
1121 5267 1224 5322 tibi
1254 5271 1394 5323 iram
1421 5271 1478 5322 in
1498 5267 1588 5322 die
1609 5267 1732 5336 irae,
1762 5284 1817 5336 ει

115 5354 505 5408 reuelationis
523 5353 672 5424 justi
699 5354 896 5418 iudicii
930 5355 1044 5422 Dei,
1063 5357 1161 5426 qui
1190 5355 1385 5410 reddat
1414 5355 1716 5425 unicuique
1737 5372 1813 5410 se-

108 5444 397 5496 cundum
423 5459 586 5513 opera
618 5460 718 5498 sua
750 5444 924 5513 (Rom.
960 5460 1020 5512 ιι,
1061 5445 1110 5510 1,
1141 5447 1194 5513 2,
1221 5451 1274 5499 et
1299 5446 1452 5516 seq.).
1482 5443 1608 5500 Alio
1666 5461 1814 5515 quo-

107 5545 251 5600 que
287 5532 425 5586 loco
459 5549 572 5588 non
599 5538 718 5588 tam
747 5531 971 5604 plangit
993 5533 1094 5604 qui
1118 5549 1355 5604 peccare
1377 5533 1632 5604 graviter
1662 5533 1814 5587 vidc-

199 5705 282 5770 (αι
310 5701 377 5752 ln
396 5715 506 5752 ms.
524 5697 694 5750 Corb.
713 5696 1016 5750 adduntur
1042 5695 1133 5770 hic
1162 5698 1338 5751 verba
1358 5699 1498 5768 haec,
1518 5699 1812 5770 auscultao

131 5767 484 5840 νεέσθων-,ει
499 5769 923 5839 gaude,verum
942 5767 1342 5840 necleguntur
1358 5771 1416 5826 in
1436 5769 1692 5838 excusis,
1706 5783 1814 5823 nec

1846 4589 1896 4656 D

1926 3313 2074 3368 quos
2104 3299 2296 3370 arguit
2327 3319 2344 3354 :
2379 3301 2507 3370 Ego,
2543 3301 2834 3372 inquiens,
2869 3318 3001 3372 quos
3029 3318 3150 3356 amo
3179 3319 3350 3373 arguo
3375 3307 3427 3356 et
3465 3318 3586 3358 car

1923 3389 2035 3456 ligo
2066 3388 2245 3458 (Apoc.
2281 3406 2364 3453 ιιι,
2401 3390 2504 3459 19).
2537 3390 2598 3442 Et
2627 3391 3026 3460 apostolorum
3062 3391 3332 3445 doctrina
3369 3390 3578 3460 praedi-

1922 3491 2054 3532 care
2088 3493 2198 3530 non
2224 3485 2432 3542 cessat,
2454 3481 2592 3548 quia
2609 3484 2818 3548 oportet
2850 3496 2950 3532 nos
2980 3497 3076 3548 per
3101 3481 3307 3534 multas
3340 3479 3584 3534 tribula-

1927 3567 2105 3620 tiones
2127 3565 2359 3620 introire
2380 3569 2439 3622 in
2461 3583 2690 3635 regnum
2720 3570 3122 3636 Dei(Act.x1v,
3147 3570 3256 3640 21).
3291 3570 3413 3636 Ipse
3435 3585 3583 3639 quo-

1926 3670 2040 3725 que
2075 3656 2355 3709 Dominus
2386 3663 2609 3710 arctam
2643 3657 2794 3711 viam
2821 3663 2876 3712 et
2907 3664 3217 3730 angustim
3277 3660 3424 3714 dicit
3453 3673 3582 3714 esse

1927 3750 2176 3814 portam,
2209 3761 2338 3815 quae
2365 3745 2527 3800 ducit
2557 3746 2626 3800 ad
2660 3747 2861 3802 vitam.

1999 3835 2085 3888 17.
2120 3833 2191 3890 Ut
2222 3842 2416 3890 autem
2453 3836 2787 3893 noverimus
2820 3837 2954 3893 illos
2982 3838 3078 3910 qui
3106 3840 3334 3907 gaudiis
3360 3843 3581 3910 tempo-

1929 3923 2154 3979 ralibus
2185 3925 2573 3991 obiectantur,
2627 3929 2879 3995 etjussa
2921 3929 3119 3984 divina
3169 3934 3577 3997 contemnunt,

1928 4014 2161 4068 aeternis
2193 4016 2430 4084 ignibus
2457 4019 2940 4086 concremandos,
2969 4017 3095 4073 illos
3128 4035 3259 4072 vero
3290 4019 3389 4090 qui
3425 4018 3582 4073 mala

1932 4106 2044 4156 tem
2056 4103 2274 4173 poralia
2297 4120 2363 4158 cu
2377 4121 2430 4158 m
2457 4105 2666 4159 timore
2682 4105 2779 4160 Dei
2799 4107 3086 4178 patienter
3103 4107 3351 4162 tolerant
3365 4114 3582 4162 (eterna

1929 4191 2122 4260 quiete
2144 4193 2468 4261 potituros;
2497 4194 2874 4248 attendamus
2896 4195 3136 4249 divitem
3165 4202 3579 4266 purpuratum,

1929 4286 1984 4333 et
2004 4297 2318 4350 pauperem
2344 4281 2831 4347 Lazarum,illum
2854 4284 3203 4354 postepulas
3221 4283 3476 4337 ﬂammis
3496 4299 3587 4352 pe-

1931 4369 2212 4423 rennibus
2236 4370 2544 4432 traditum.
2578 4370 2758 4424 istum
2795 4377 2924 4440 post
2956 4387 3250 4426 aerumnas
3281 4372 3338 4425 in
3362 4377 3584 4425 aeterna

1931 4458 2355 4513 siuusAbrahaa
2373 4459 2568 4528 quiete
2583 4475 2856 4513 securum
2881 4477 2893 4514 :
2915 4461 3008 4514 ubi
3028 4477 3160 4514 cum
3178 4460 3395 4514 stillam
3419 4460 3580 4514 dives

1932 4547 2145 4600 ardens
2176 4546 2358 4617 digito
2379 4545 2530 4600 beati
2557 4547 2828 4616 pauperis
2848 4546 3059 4619 linguae
3084 4564 3202 4602 suae
3228 4547 3580 4619 posceretir-

1927 4635 2128 4702 rorari,
2147 4635 2267 4689 haec
2286 4634 2356 4688 ad
2372 4651 2505 4688 eum
2533 4635 2686 4689 beati
2711 4635 2953 4691 Abrahae
2977 4637 3239 4705 protinus
3255 4643 3344 4692 est
3358 4637 3578 4691 directa

1931 4725 2235 4795 responsio
2265 4740 2277 4777 :
2310 4724 2443 4791 Fili,
2470 4723 2754 4779 recordare
2776 4729 2905 4796 quia
2926 4726 3186 4797 recepisti
3207 4727 3343 4782 bona
3377 4729 3433 4780 in
3466 4728 3578 4781 vita

1931 4822 2049 4878 tua,
2079 4817 2130 4868 et
2157 4813 2399 4868 Lazarus
2420 4814 2680 4868 similiter
2703 4815 2844 4870 mala
2867 4833 2888 4878 ;
2909 4832 3056 4870 nunc
3081 4826 3266 4872 autem
3289 4823 3349 4870 tu
3370 4817 3582 4870 crucia-

1929 4905 2031 4969 ris,
2065 4903 2155 4958 hic
2183 4919 2304 4958 vero
2330 4904 2619 4973 requiescit
2649 4905 2802 4970 (Luc.
2837 4923 2950 4973 xw,
2982 4907 3093 4978 25).
3146 4905 3268 4960 Non
3325 4907 3437 4960 fuit
3471 4904 3584 4960 alia

1927 5010 2232 5064 causaqua
2255 4992 2414 5046 dives
2441 5009 2635 5063 pinnas
2658 4991 2864 5060 lueret,
2884 5000 2940 5050 et
2963 5013 3187 5066 pauper
3207 4994 3420 5066 gaudio
3439 4996 3586 5064 poti-

1925 5089 2087 5139 retur
2116 5099 2182 5137 ac
2215 5080 2432 5152 requie.
2480 5081 2589 5137 nisi
2627 5084 2768 5154 quia
2801 5084 2895 5137 ille
2929 5086 3080 5139 bona
3113 5084 3333 5155 recepit
3364 5085 3420 5136 in
3453 5083 3574 5136 vita

1927 5191 2056 5239 sua,
2086 5171 2183 5227 hic
2203 5176 2396 5226 autem
2435 5170 2609 5227 mala.

1997 5265 2130 5317 CAP.
2164 5276 2284 5314 xm.
2321 5262 2439 5314 Non
2465 5259 2610 5314 idem
2629 5268 2706 5315 est
2735 5261 2870 5314 bona
2903 5261 3198 5330 prwscntis
3217 5261 3348 5315 vitae
3373 5257 3576 5312 habere

1924 5363 1974 5408 et
2007 5351 2270 5420 recipere.
2307 5380 2371 5390 —-
2397 5350 2482 5404 18.
2516 5349 2640 5403 Non
2666 5366 2868 5404 omnes
2900 5355 3094 5402 autem
3119 5349 3218 5416 qui
3246 5349 3397 5402 bona
3428 5364 3572 5417 prin-

1925 5441 2106 5498 sentis
2135 5440 2266 5492 vitae
2310 5437 2544 5499 habent,
2581 5437 2729 5490 bona
2764 5435 3064 5504 prasentis
3103 5436 3228 5490 vitae
3262 5437 3575 5506 recipiunt,

1924 5548 2027 5588 nec
2042 5544 2246 5585 omnes
2263 5526 2358 5596 qui
2379 5523 2530 5578 mala
2549 5523 2725 5592 hujus
2740 5526 2866 5578 vitae
2884 5525 3208 5594 patiuntur,
3227 5525 3382 5580 mala
3398 5526 3576 5595 hujus

1922 5693 2243 5764 quidquam
2277 5688 2346 5741 ad
2378 5701 2617 5739 sensum
2651 5688 2914 5742 conlurre
2947 5691 3242 5744 videntur.
