3886 6336
118 388 203 452 361
1578 395 1714 454 ΕΡΙε

1945 440 1956 458 ι
2003 404 2160 466 Vill.

3433 427 3551 488 362

125 514 443 598 lpsiusenim
470 530 745 587 factum
765 530 1142 604 inspiratione
1164 547 1278 586 non
1303 530 1531 596 dubito,
1549 533 1612 585 ut
1642 544 1776 585 cum
1810 534 1860 597 Α
1889 537 2050 606 (forte
2072 545 2422 613 unum)esse
2449 547 3188 619 Deum,summum,verum
3216 559 3272 608 et
3290 554 3528 622 bonum,

139 617 615 676 studiisinsistere
635 623 846 677 soleas
864 620 1228 678 saecularium
1255 621 1612 688 litterarum,
1631 635 1786 674 nunc

144 709 376 776 (aidivinis
391 709 679 782 eloquiis
699 712 1008 783 impendas
1021 710 1373 765 affectumﬁlt
1385 713 1459 764 ud
1480 711 1682 780 utique
1697 725 1789 764 vo-

155 801 250 856 lens
264 799 438 872 magis
455 801 1067 872 apprehendere,non
1091 801 1242 855 unde
1256 805 1315 854 tu
1328 800 1484 854 mida
1507 799 1750 870 eloquen
1763 830 1785 841 -

165 895 224 947 tia
246 892 496 952 discitur.
522 891 632 946 sed
673 892 834 946 unde
863 895 986 944 vitm
1021 890 1358 960 perennitas
1380 894 1777 960 comparatur.

161 980 390 1051 Quisquis
413 981 581 1035 enim
631 979 810 1034 ﬁdem
838 997 1025 1035 veram
1060 984 1242 1039 tenet,
1264 980 1435 1033 vitam
1475 979 1734 1047 possidet
1767 996 1780 1033 :

156 1074 312 1127 Justus
339 1073 485 1125 enim
514 1086 589 1124 ea:
618 1069 730 1137 ﬁde
763 1070 900 1124 vivit
929 1070 1098 1127 (Rom.
1133 1086 1170 1135 1,
1203 1071 1288 1138 17)
1313 1087 1326 1134 ;
1352 1073 1409 1124 et
1431 1067 1703 1139 quisquis
1723 1068 1781 1123 in

157 1162 384 1230 ejusdem
417 1159 556 1213 ﬁdei
579 1157 864 1231 mysterio
887 1157 1044 1229 cupit
1067 1157 1302 1222 instrui,
1319 1157 1453 1212 vitis
1471 1157 1780 1213 scientiam

156 1251 417 1306 desiderat
438 1248 731 1318 adipisci:
764 1248 822 1302 in
857 1264 973 1318 qua
1003 1251 1231 1302 tantum
1266 1248 1516 1317 quisque
1548 1247 1780 1314 crescit,

155 1346 346 1413 quanto
371 1339 563 1408 magis
584 1338 738 1407 quod
757 1351 957 1390 verum
983 1339 1040 1391 et
1057 1335 1311 1390 salutare
1324 1336 1631 1404 est,discit.
1663 1338 1778 1390 llu-

144 1432 229 1500 jus
248 1431 499 1483 scientia:
526 1427 628 1497 qui
651 1427 911 1480 tenuerit
933 1425 1339 1480 indubitanter
1362 1425 1614 1492 initium,
1649 1442 1781 1497 per-

151 1521 311 1575 veniet
331 1519 403 1573 ad
427 1518 778 1588 perlectum,
806 1520 864 1570 et
881 1514 981 1586 qui
1006 1532 1118 1570 non
1145 1514 1524 1585 spreveritlac
1547 1521 1779 1587 aposto-

152 1610 228 1664 hci
245 1607 605 1664 sermonibus
619 1605 916 1660 humiliter
929 1605 1045 1660 acci
1059 1604 1345 1675 pere,ipse
1359 1606 1783 1659 merebiturso—

150 1699 233 1752 lidi
252 1699 358 1753 cibi
387 1696 763 1768 perceptione
787 1694 1056 1762 gaudere.
1086 1693 1216 1748 Sive
1243 1699 1436 1748 autem
1458 1693 1591 1764 quis
1623 1694 1779 1749 intra

148 1791 438 1846 Ecclesiam
475 1786 822 1842 catholicam
858 1783 932 1855 (b)
967 1783 1111 1839 lacte
1135 1783 1448 1850 nutriatur,
1484 1783 1605 1839 sive
1646 1785 1776 1840 cibo

1896 627 2069 682 unius
2094 635 2526 701 natura,unius
2558 637 2847 704 essentize,
2881 639 3056 695 unius
3079 642 3539 713 omnipotentia‘,

1897 717 2075 773 unius
2090 719 2386 791 bonitatis,
2400 724 2576 780 unius
2590 728 3142 793 asternitatismnius
3175 731 3540 787 immensita-

1893 805 2080 874 tis;ac
2105 809 2188 864 sic
2210 827 2345 866 cum
2363 819 2735 871 unumDeum
2756 817 3468 888 audisPatrem,etFilium
3486 827 3542 877 et

1891 893 2174 962 Spiritum
2235 904 2525 966 sanctum,
2581 919 2756 956 unam
2801 908 3070 961 naturam
3105 923 3349 962 summa:
3383 908 3540 964 illius

1892 983 2598 1059 Trinitatisintellige;et
2650 1008 2784 1047 cum
2836 995 3182 1051 Trinitatem
3206 999 3396 1065 audis,
3432 1003 3540 1054 Pa-

1891 1075 2125 1139 trem,et
2158 1075 2462 1144 Filium,et
2483 1080 2763 1148 Spiritum
2798 1088 3089 1152 sanctum,
3117 1091 3235 1141 tres
3258 1104 3538 1158 personas

1891 1161 2069 1217 unius
2092 1180 2338 1220 summa
2365 1166 2526 1222 illius
2553 1169 2878 1226 divinitatis
2913 1190 3184 1245 agnosce.
3207 1180 3347 1231 Tres
3378 1177 3537 1233 enim

1891 1269 2152 1324 personas
2193 1263 2350 1326 sunt,
2378 1259 2561 1327 Pater,
2595 1265 2653 1316 et
2677 1261 2945 1332 Filius,et
2965 1265 3216 1335 Spiritus
3249 1272 3490 1323 sanctus
3519 1287 3532 1337 ;

1889 1341 2018 1398 ideo
2041 1345 2297 1402 Trinitas
2320 1348 2533 1404 dicitur
2557 1367 2570 1404 :
2605 1351 2702 1406 sed
2733 1369 2850 1408 una
2872 1354 3204 1410 substantia
3224 1360 3314 1411 est
3329 1358 3532 1428 Patris,

1889 1436 1946 1486 et
1979 1433 2123 1499 Filii,
2156 1440 2214 1490 et
2244 1436 2500 1507 Spiritus
2531 1439 2718 1494 sancti
2746 1458 2759 1506 ;
2786 1440 2914 1496 ideo
2939 1441 3064 1513 ipsa
3087 1444 3341 1500 Trinitas
3379 1462 3532 1502 unus

1890 1520 2042 1577 Deus
2071 1527 2352 1581 veraciter
2380 1544 2414 1582 a
2447 1527 2716 1584 ﬁdelibus
2748 1531 3116 1601 praedicatur.

1959 1611 2090 1668 CAP.
2124 1628 2213 1669 111.
2250 1616 2372 1670 Tres
2400 1632 2672 1686 personae,
2697 1635 2807 1674 non
2825 1629 2935 1675 tres
2955 1630 3189 1677 naturae.
3223 1625 3533 1695 ﬂqualitas

1887 1702 1950 1755 in
1992 1702 2268 1758 Trinitale.
2319 1704 2624 1777 Scriptura?
2651 1711 2968 1765 testimonia
2998 1712 3148 1782 quod
3191 1713 3428 1768 Trinitas
3455 1715 3530 1770 sit

1886 1807 2032 1845 unus
2067 1798 2226 1848 Deus.
2262 1795 2587 1851 TestimOnia
2614 1815 2713 1867 pro
2743 1799 2920 1854 tribus
2950 1804 3196 1872 personis
3237 1819 3525 1873 perperam

146 1887 396 1950 pascatur
418 1895 432 1940 ;
467 1877 516 1932 si
543 1881 737 1930 tamen
755 1892 786 1928 a
817 1875 950 1928 sinu
967 1873 1168 1927 matris
1182 1872 1448 1928 Ecclesia:
1463 1890 1575 1927 non
1593 1890 1714 1929 rene

1951 1880 2254 1949 signantur
2270 1885 2375 1938 soli
2406 1886 2562 1941 Patri
2583 1887 2650 1941 ab
2673 1887 2961 1943 hareticis.
2984 1889 3162 1946 Filius
3180 1872 3390 1962 quoque
3421 1898 3529 1947 Do-

143 1971 284 2034 serit,
308 1969 434 2020 vitae
459 1965 755 2036 particeps
787 1962 1191 2034 permanebit;
1247 1961 1385 2032 quia
1411 1967 1617 2018 tenens
1641 1964 1772 2018 ﬁdei

136 2057 428 2127 justitiam,
466 2052 796 2125 possidebit
816 2057 873 2105 et
895 2053 1092 2106 vitam.
1127 2053 1310 2115 Quam
1345 2052 1523 2106 vitam
1555 2051 1773 2107 necille

141 2144 442 2217 possidebit
462 2144 561 2214 qui
602 2146 908 2210 permanet
937 2140 993 2193 in
1028 2140 1397 2206 infidelitate,
1424 2157 1530 2195 nec
1555 2140 1650 2196 ille
1671 2142 1771 2212 qui

141 2239 445 2306 perseverat
469 2235 526 2286 in
544 2232 792 2286 crimine
813 2248 825 2284 :
846 2229 1116 2299 quoniam
1143 2233 1389 2300 uterque
1411 2230 1480 2283 de
1509 2229 1625 2285 illis
1643 2247 1773 2286 esse

136 2324 480 2378 convincitur
495 2322 622 2392 qui,
650 2320 971 2374 secundum
1014 2318 1160 2373 I98
1184 2319 1773 2390 Apostoli(c)senten-

132 2414 270 2477 tiam,
293 2412 591 2467 ambulant
615 2412 677 2464 in
700 2411 946 2463 vanitate
962 2423 1154 2462 sensus
1173 2409 1282 2472 sui,
1309 2407 1550 2462 tenebris
1579 2409 1770 2462 obscu-

127 2511 290 2556 ratum
339 2503 613 2556 habentes
660 2499 1023 2562 intellectum,
1082 2496 1326 2551 alienati
1358 2514 1390 2551 a
1421 2498 1531 2551 vita
1564 2497 1648 2567 (d)
1677 2498 1774 2552 Dei

116 2611 201 2661 per
225 2592 639 2661 ignorantiam,
673 2603 803 2658 quae
831 2596 907 2642 est
937 2589 996 2640 in
1041 2587 1178 2650 illis,
1209 2595 1434 2657 propter
1462 2586 1770 2642 excitatam

110 2683 270 2737 corytis
300 2697 570 2752 ipsorum
604 2680 818 2748 (Ephes.
845 2694 923 2746 ιν,
961 2677 1046 2740 17,
1084 2678 1164 2742 18)
1190 2694 1202 2731 :
1245 2676 1372 2746 ipsa
1396 2677 1550 2731 enim
1574 2677 1770 2731 cordis

110 2775 348 2838 recitas,
388 2776 450 2825 et
487 2769 637 2839 quid
667 2768 887 2834 credat,
922 2770 976 2819 et
1007 2765 1146 2836 quid
1182 2769 1341 2834 agat,
1374 2765 1623 2828 ignorat.

163 2863 295 2915 CAP.
329 2877 394 2915 11.
425 2862 677 2914 Donatus
706 2867 899 2910 contra
922 2855 1082 2923 ﬁdem
1118 2853 1403 2908 Trinitatis
1427 2857 1671 2908 tentatus
1701 2853 1768 2908 ab

99 2953 342 3004 Arionis.
374 2949 461 3005 Ad
485 2946 928 3018 respondendum
943 2944 1124 3012 deiide
1145 2944 1337 3013 parati
1353 2959 1472 2997 esse
1488 2942 1764 2998 debemus.

95 3042 238 3096 Fides
271 3042 331 3094 S.
361 3038 996 3106 Trinitatisexponitur.
1027 3038 1160 3088 —2.
1197 3034 1346 3088 Dicis
1370 3033 1563 3104 itaque
1587 3033 1768 3104 aqui-

95 3131 342 3184 busdam
374 3127 624 3182 Arianis
653 3126 724 3178 de
758 3124 922 3179 Patre
953 3129 1010 3178 et
1045 3124 1185 3177 Filio
1218 3124 1571 3194 propositam
1606 3139 1764 3193 quas-

90 3216 437 3283 stionem,in
463 3231 586 3285 qua
611 3213 838 3268 Patrem
867 3213 1144 3281 majorem
1169 3213 1525 3266 etminorem
1555 3211 1760 3266 Filium

83 3309 444 3362 asserebant
471 3321 485 3358 ε
515 3311 572 3356 te
593 3320 746 3369 vero,
768 3307 998 3373 propter
1021 3299 1346 3356 divinarum
1371 3301 1760 3372 ignorantiam

83 3394 686 3465 litterarum,quibus
702 3391 1454 3455 minusinstructuses,non
1471 3390 1763 3446 invenisse

98 3487 214 3555 quid
245 3486 436 3541 eisin
473 3482 876 3538 defensionem
901 3498 1044 3536 verte
1078 3481 1206 3535 ﬁdei
1239 3481 1608 3549 respondere.
1645 3479 1761 3536 Hoc

97 3577 444 3646 inteitaqne
462 3571 813 3642 primitusin
832 3573 1067 3626 nomine
1090 3570 1318 3625 Domini
1337 3569 1686 3640 laudo,quia
1711 3569 1761 3625 si

93 3666 170 3717 tibi
205 3682 338 3719 non
360 3664 484 3718 fuit
508 3668 673 3716 tanta
698 3661 1084 3731 respondendi
1118 3660 1219 3730 (al.
1256 3661 1654 3729 respondenti)
1680 3660 1760 3712 fa-

90 3755 298 3818 cultas,
329 3753 874 3823 permansittamen
900 3751 957 3804 in
991 3750 1163 3804 corde
1194 3755 1294 3803 tuo
1311 3749 1569 3804 veritatis
1596 3749 1762 3803 firma

89 3845 162 3902 iul.
207 3843 609 3906 ﬁrmissima)
643 3840 975 3895 credulitas.
1029 3839 1150 3894 Non
1207 3837 1362 3893 enim
1422 3853 1628 3892 omnes
1658 3837 1759 3908 qui

86 3932 304 3986 Christi
356 3929 1054 4003 participessunt,etiam
1080 3928 1486 3997 respondendo
1516 3929 1764 3997 possunt

86 4020 408 4076 defensare
428 4021 589 4092 quod
615 4020 863 4074 credunt
887 4035 900 4076 :
922 4017 1021 4072 sed
1048 4017 1225 4072 etiam
1249 4016 1348 4070 illa
1374 4033 1508 4086 pars
1529 4022 1618 4070 est
1637 4032 1764 4086 pro-

88 4109 230 4165 iecto
255 4110 554 4176 victoriae,
591 4114 650 4162 ut
683 4108 941 4178 quandiu
972 4107 1105 4178 quis
1126 4121 1396 4161 sermone
1418 4122 1532 4160 non
1575 4111 1765 4175 potest

91 4199 421 4254 defendere
441 4198 766 4263 veritatem,
790 4196 941 4251 iideli
962 4201 1157 4250 tamen
1183 4196 1356 4250 corde
1377 4197 1596 4250 devitet
1611 4213 1765 4250 erro-

94 4304 239 4342 rem.
288 4289 543 4358 Expedit
572 4293 767 4342 autem
813 4291 877 4340 ut
907 4285 1296 4341 saluberrima
1331 4284 1480 4340 Petri
1514 4284 1763 4356 apostoli

90 4379 271 4431 verba.
296 4387 619 4446 sectemur,
640 4375 1028 4448 praecipientis
1054 4381 1116 4428 ut
1137 4374 1326 4428 simus
1346 4373 1534 4442 parati
1549 4389 1766 4441 semper

93 4466 156 4516 ait
189 4467 656 4537 respondendum
685 4465 839 4521 omni
867 4467 1108 4534 poscenti
1137 4481 1234 4519 nos
1263 4464 1528 4519 rationem
1560 4464 1626 4520 de
1653 4463 1764 4535 ﬁde

94 4557 138 4604 et
167 4571 270 4624 spe
303 4572 436 4626 quae
467 4559 523 4610 in
554 4557 715 4610 nobis
736 4558 814 4610 est
864 4556 916 4625 (Ι
941 4555 1055 4608 Pet.
1119 4571 1200 4619 111,
1236 4554 1344 4625 15).
1385 4553 1594 4609 Volens
1627 4569 1758 4622 ergo

94 4647 156 4695 a1
193 4619 684 4716 respondendum
721 4619 972 4715 paratior
1005 4643 1273 4712 inveniri,
1310 4645 1459 4714 petis
1479 4648 1538 4696 ut
1561 4646 1758 4697 nostro
1794 4619 1836 4682 D

95 4730 436 4789 instructus
459 4752 729 4790 sermone
752 4749 1038 4805 agnoscas
1059 4733 1554 4804 quemadmodum
1586 4731 1761 4786 haere-

99 4822 260 4888 ticis,
295 4826 480 4878 [idem
516 4832 775 4879 nostram
806 4824 1152 4893 impugnare
1183 4821 1758 4889 volentibus,divinis

110 4910 294 4966 valeas
326 4919 601 4968 armatus
631 4913 882 4983 eloquiis
914 4912 986 4983 (e)
1014 4912 1267 4987 obviare.

157 5001 212 5055 3.
255 5005 515 5058 Proinde
540 5003 683 5057 illud
709 5004 997 5056 admoneo
1019 5001 1125 5072 (at.
1159 5005 1518 5063 commoneo)
1547 5001 1758 5071 princi-

83 5093 313 5159 paliter
329 5099 536 5148 teneas
565 5099 864 5147 :sanctam
888 5090 1258 5156 Trinitatem,
1278 5091 1334 5144 id
1355 5096 1469 5153 est,
1503 5091 1757 5158 Patrem,

86 5189 148 5230 et
173 5180 430 5246 Filium,
462 5187 522 5237 et
550 5185 839 5254 Spiritum
862 5185 1154 5248 sanctum,
1190 5179 1536 5235 naturaliter
1557 5197 1756 5235 verum

172 5325 235 5385 ta)
272 5325 463 5377 Abest
494 5338 644 5376 nunc
675 5323 747 5376 ah
782 5320 956 5374 editis
983 5321 1191 5378 legitur
1225 5321 1280 5374 in
1318 5338 1427 5374 ms.
1463 5321 1664 5376 Colb.-

171 5391 232 5461 ib)
259 5394 390 5449 Ms.
422 5394 608 5458 Colb.,
641 5397 698 5446 in
725 5398 872 5447 terra
913 5393 1173 5448 Ecclesia
1201 5393 1507 5448 catholicis.

170 5466 229 5533 (ι’)
269 5467 356 5520 Μ.
394 5466 576 5532 Cotb.,
614 5465 757 5519 beati
787 5466 958 5518 Pauli
989 5467 1243 5534 apostoli.

167 5539 208 5600 id
262 5544 589 5608 Antuerp.,
621 5556 650 5591 (ι
673 5543 766 5591 viri
803 5539 931 5599 Dat;
965 5536 1021 5588 in
1053 5537 1309 5592 margine
1331 5538 1761 5606 veropraaferta

117 5605 194 5661 Eita
229 5610 375 5664 Dei.
407 5615 477 5664 At
510 5605 619 5663 ins.
649 5608 810 5663 Colb.
843 5614 898 5661 et
923 5609 1092 5663 Basil.
1131 5611 1345 5663 habent
1374 5625 1410 5662 α
1436 5605 1567 5680 vita,
1592 5611 1761 5679 juxta

118 5683 286 5737 green
303 5699 364 5734 m
396 5683 670 5753 Apostoli
693 5687 933 5734 textum.

160 5756 230 5821 fe)
273 5753 388 5807 Ms.
423 5749 609 5815 Cotb.,
639 5752 736 5804 diu
765 5753 849 5805 his
883 5750 1066 5805 valeas
1093 5749 1330 5804 armatis
1358 5751 1614 5821 eloquiis.

157 5831 224 5892 in
264 5825 380 5879 Ms.
415 5826 604 5889 Cotb.,
638 5825 880 5878 Trinitas
905 5821 1012 5876 illa
1043 5823 1319 5877 creditur.

440 5947 564 6004 l'ar
574 5957 703 6004 ιιοι..
753 5939 923 6003 LXV.

1881 1972 2069 2024 minus
2084 1972 2221 2026 Deus
2249 1972 2480 2030 dicitur.
2509 1975 2807 2043 Quisdebet
2832 1980 2951 2033 dici
2962 1979 3338 2035 Christianus.
3365 1981 3524 2036 Ado-

1879 2065 2091 2115 randus
2115 2065 2191 2116 est
2211 2067 2263 2116 et
2295 2062 2489 2118 Filius.
2515 2095 2583 2104 —
2607 2066 2658 2118 4.
2687 2066 2826 2122 Tres
2857 2067 3054 2138 itaque
3088 2085 3366 2138 personas
3393 2086 3522 2126 esse

1879 2147 2131 2217 Patrem,
2157 2157 2213 2205 et
2228 2151 2460 2218 Filium,
2485 2156 2542 2207 et
2572 2153 2855 2225 Spiritum
2890 2163 3181 2224 sanctum,
3205 2160 3524 2214 ostendunt

1878 2236 2066 2306 ipsius
2097 2239 2330 2310 eloquia
2360 2241 2648 2298 Veritatis.
2685 2243 2846 2298 Unde
2877 2244 3137 2301 Salvator
3171 2253 3370 2302 noster
3401 2249 3518 2304 ait:

1877 2327 1994 2383 Non
2020 2345 2144 2382 sum
2162 2330 2328 2397 solus,
2362 2330 2456 2385 sed
2480 2347 2588 2404 ego
2618 2337 2672 2388 et
2701 2335 2803 2404 qui
2829 2334 2987 2390 misit
3015 2352 3102 2390 me
3135 2341 3302 2392 Pater
3343 2339 3518 2406 (Joan.

1878 2431 1996 2480 vm,
2017 2416 2222 2485 16).De
2239 2417 2458 2488 Spiritu
2481 2425 2684 2475 sancto
2713 2438 2944 2494 quoque
2968 2425 3110 2479 dicit
3139 2441 3151 2478 :
3179 2426 3284 2496 Ego
3315 2429 3520 2494 rogabo

1877 2505 2120 2572 Patrem,
2158 2511 2213 2560 et
2255 2507 2435 2563 alium
2499 2510 2837 2580 paracletum
2867 2511 3019 2568 dabit
3040 2514 3215 2581 vobis,
3241 2515 3525 2586 Spiritum

1874 2594 2127 2649 veritatis
2152 2595 2329 2666 (Joan.
2356 2599 2575 2665 x1v,16.
2604 2599 2711 2670 l7).
2749 2600 3017 2672 Praecepit
3046 2603 3218 2657 etiam
3242 2604 3525 2676 baptizari

1875 2687 2080 2753 gentes
2111 2685 2171 2738 in
2200 2684 2424 2741 nomine
2456 2689 2664 2754 Patris,
2695 2697 2744 2744 et
2772 2688 2932 2756 Filii,
2966 2698 3020 2746 et
3047 2691 3292 2763 Spiritus
3339 2694 3526 2749 sancti

1877 2770 2083 2842 (Matth.
2115 2789 2313 2838 xxv111,
2335 2774 2434 2843 19).
2471 2775 2570 2830 His
2598 2781 2771 2848 atque
2794 2777 3138 2849 hujusmodi
3164 2782 3522 2838 testimoniis

1875 2860 2484 2931 ostenditur,Patrem,
2508 2869 2566 2919 et
2589 2864 2818 2932 Filium,
2837 2873 2893 2921 et
2915 2867 3199 2939 Spiritum
3225 2876 3520 2936 sanctum,

1875 2952 1992 3003 tres
2014 2966 2142 3004 esse
2168 2967 2469 3021 personas,
2498 2956 2596 3008 sed
2627 2972 2741 3010 non
2766 2960 2882 3011 tres
2908 2973 3036 3013 esse
3065 2965 3325 3014 naturas.
3354 2959 3520 3016 Uude

1872 3038 2240 3095 Trinitasilla
2261 3045 2464 3096 sancta
2485 3042 2659 3115 digne
2680 3045 3075 3118 creditur(/)in
3100 3048 3412 3118 personis,l
3427 3066 3516 3104 res

1872 3131 2070 3183 autem
2118 3130 2255 3184 deos
2309 3130 2442 3193 dici,
2506 3130 2756 3200 Patrem,
2789 3137 2846 3188 et
2878 3133 3106 3200 Filium,
3139 3141 3194 3189 et
3223 3137 3512 3206 Spiritum

1793 3261 1836 3327 Ο
1875 3221 2164 3283 sanctum,
2200 3235 2314 3273 non
2351 3220 2635 3289 permittit
2666 3222 2860 3276 unitas
2894 3224 3274 3280 naturalis.Et
3295 3226 3432 3295 quia
3455 3225 3514 3280 in

1879 3323 1994 3360 una
2011 3310 2220 3361 natura
2234 3308 2310 3377 (ῃ)
2323 3307 2417 3362 Tri
2431 3308 2631 3364 nitatis
2655 3309 2815 3365 nulla
2831 3316 3019 3382 potest
3039 3329 3167 3367 esse
3188 3313 3488 3368 diversitas
3501 3359 3516 3384 ,

1871 3396 2000 3450 ideo
2022 3395 2078 3449 in
2105 3395 2296 3450 tribus
2319 3398 2587 3467 personis
2613 3404 2809 3454 manet
2856 3401 3159 3455 inconfusa
3189 3403 3514 3473 proprietas

1871 3488 1930 3538 et
1961 3484 2016 3537 in
2049 3484 2269 3538 unitate
2303 3490 2522 3539 natura;
2555 3491 2761 3557 regnat
2791 3487 3354 3546 incommutabiliter
3384 3493 3518 3546 sub-

1872 3572 2164 3628 stantialis
2188 3572 2511 3644 aequalitas.
2539 3575 2672 3630 Ideo
2695 3577 2766 3630 de
2790 3577 2940 3631 I99
2977 3577 3119 3633 Filio
3143 3579 3391 3635 dicitur:
3415 3582 3519 3649 Qui

1870 3678 1996 3717 cum
2033 3663 2092 3714 in
2121 3665 2302 3733 for-ma
2339 3665 2444 3718 Dei
2471 3673 2630 3727 esset,
2666 3682 2775 3720 non
2807 3670 3067 3738 rapinam
3099 3670 3420 3724 arbitra/us
3441 3681 3523 3726 est

1871 3767 1986 3806 esse
2005 3769 2064 3806 se
2079 3753 2357 3823 aequalem
2383 3757 2488 3808 Deo
2511 3755 2738 3826 (Philip.
2774 3773 2836 3818 11,
2869 3758 2943 3820 6).
2976 3758 3040 3812 Et
3071 3774 3088 3812 :
3114 3758 3261 3828 Quia
3295 3777 3403 3813 non
3426 3777 3511 3814 so-

1873 3842 1990 3894 lum
2027 3841 2262 3896 solvebat
2292 3844 2607 3909 sabbatum,
2640 3845 2733 3900 sed
2763 3855 2812 3901 et
2845 3847 3067 3902 Patrem
3113 3865 3276 3902 suum
3306 3849 3519 3904 dicebat

1873 3930 2060 4000 Deum,
2087 3932 2353 4002 aqualem
2375 3935 2656 4004 sefaciens
2685 3936 2789 3990 Deo
2812 3937 2991 4007 (Joan.
3021 3954 3073 4002 v,
3103 3939 3206 4002 18).
3245 3942 3325 3993 Ad
3367 3939 3515 3994 hanc

1872 4019 2267 4089 aequalitatem
2296 4027 2516 4077 natura;
2541 4024 3243 4096 virtutisque,etiamillud
3267 4030 3519 4098 pertinet

1873 4110 2025 4179 quod
2055 4111 2178 4178 ipse
2202 4110 2382 4166 Filius
2431 4111 2512 4166 ait
2541 4129 2554 4167 :
2589 4114 2732 4181 Quia
2785 4131 3120 4186 quaecunque
3162 4121 3330 4170 Pater
3359 4119 3514 4184 facit,

1874 4196 1995 4253 haec
2021 4198 2211 4252 eadem
2235 4206 2286 4254 et
2316 4199 2495 4255 Filius
2518 4203 2787 4256 similiter
2801 4202 2939 4270 facit
2961 4204 3060 4272 (h).
3095 4205 3160 4257 Et
3183 4203 3323 4258 sicut
3354 4207 3519 4261 Pater

1870 4290 2100 4342 suscitat
2125 4293 2367 4343 mortuos
2397 4294 2447 4344 et
2479 4290 2749 4359 viviﬁcat,
2777 4291 2857 4344 sic
2878 4299 2928 4345 et
2958 4292 3136 4346 Filius
3159 4308 3286 4361 quos
3311 4293 3423 4346 vult
3447 4295 3521 4347 vi-

1871 4377 2056 4445 viﬁcat
2084 4377 2265 4446 (Ibid,
2301 4379 2385 4444 19,
2414 4379 2524 4445 21).
2552 4381 2614 4432 In
2677 4377 2776 4432 illa
2808 4394 2944 4448 ergo
2977 4379 3045 4450 (i)
3077 4381 3380 4433 Trinitatis
3419 4397 3520 4435 na-

1872 4469 2026 4532 tura,
2053 4465 2136 4522 sic
2155 4471 2340 4521 totum
2377 4483 2558 4520 unum
2585 4472 2695 4530 est,
2721 4472 2787 4521 ut
2826 4467 2970 4521 nihil
3006 4469 3082 4521 ibi
3110 4468 3298 4540 possit
3321 4468 3405 4524 vel
3430 4486 3518 4524 se.

1874 4554 2065 4626 parari
2097 4555 2182 4608 vel
2209 4554 2425 4610 dividi:
2469 4555 2553 4610 sic
2584 4560 2771 4610 totum
2793 4557 3016 4626 aequale
3040 4562 3148 4622 est,
3183 4563 3248 4611 ut
3272 4557 3414 4612 nihil
3440 4558 3518 4612 ibi

1870 4645 2061 4714 majus
2080 4649 2182 4698 aut
2197 4643 2660 4714 minus(j)valeat
2675 4644 3131 4702 inveniri.Istum
3151 4647 3318 4702 nobis
3335 4665 3517 4704 unum

1870 4732 2051 4786 Deum
2079 4732 2220 4786 Novi
2242 4739 2297 4786 et
2337 4732 2556 4789 Veteris
2587 4733 2950 4790 Testamenti
2997 4737 3249 4792 veridica
3275 4739 3517 4793 demon-

1870 4822 2349 4877 stratauctoritas
2367 4841 2380 4890 ;
2401 4823 2471 4877 de
2488 4822 2596 4878 hoc
2617 4824 2768 4878 enim
2793 4841 2906 4879 uno
2935 4826 3044 4880 Deo
3063 4827 3268 4881 beatus
3290 4827 3518 4900 Moyses

1870 4909 2011 4964 dicit
2044 4927 2057 4965 :
2091 4911 2250 4977 Audi,
2305 4912 2474 4966 Israel
2509 4929 2522 4966 :
2584 4914 2850 4969 Dominus
2907 4915 3047 4969 Deus
3089 4920 3214 4970 tuus
3248 4917 3386 4970 Deus
3418 4917 3516 4986 (ul.

1872 4998 2156 5068 Dominus)
2183 5016 2325 5054 unus
2350 5004 2461 5068 est;
2488 5006 2543 5056 et
2577 5018 2588 5057 :
2623 5003 2916 5057 Dominum
2948 5005 3116 5058 Deum
3145 5008 3300 5058 tuum
3326 5006 3522 5060 adora-

1872 5088 1974 5152 bis,
2007 5088 2177 5142 etilli
2207 5090 2318 5144 soli
2344 5091 2545 5146 servies
2570 5092 2746 5161 (Deut.
2782 5109 2858 5158 v1,
2881 5093 2955 5159 4).
2977 5093 3044 5145 Et
3075 5093 3200 5160 ipse
3238 5093 3518 5147 Dominus

1871 5178 2013 5233 dicit
2040 5178 2111 5232 de
2144 5194 2205 5233 se
2237 5195 2249 5232 :
2287 5179 2468 5235 Videte
2497 5180 2637 5250 quod
2667 5196 2763 5250 ego
2791 5197 2950 5235 suum
2987 5179 3204 5252 Deus(k)
3224 5188 3276 5234 et
3307 5196 3418 5233 non
3441 5190 3522 5236 est

1940 5323 2017 5389 (ρ)
2050 5322 2158 5378 Ms.
2194 5322 2378 5388 Cotb.,
2415 5324 2474 5377 in
2495 5329 2719 5377 natura.

1941 5394 2016 5462 (h)
2052 5395 2155 5448 Ms.
2190 5395 2332 5448 Colb
2365 5436 2378 5461 ,
2411 5410 2748 5464 quaecunque
2779 5395 2945 5448 Pater
2971 5395 3128 5463 farti,
3154 5397 3202 5449 et
3234 5395 3410 5450 Filius
3441 5401 3516 5454 si-

1869 5467 2082 5519 militer
2109 5465 2272 5532 facit.

1941 5538 2002 5605 (ii
2037 5538 2214 5590 Abest
2239 5551 2365 5600 ergo
2408 5535 2479 5588 ab
2509 5536 2684 5590 editis
2719 5556 2732 5602 ;
2767 5536 2981 5597 legitur
3011 5536 3066 5590 in
3104 5556 3214 5592 ms.
3251 5538 3408 5596 Colb.

1943 5611 2008 5670 (ί)
2043 5608 2144 5660 Ma.
2182 5609 2364 5671 Colb,
2401 5609 2577 5676 magis
2608 5609 2930 5662 autminus.

1941 5680 2010 5750 (lc)
2042 5677 2217 5748 Editi,
2241 5678 2346 5746 Ego
2376 5693 2499 5732 sum
2523 5679 2671 5734 solus
2699 5688 2750 5734 et
2772 5695 2879 5735 non
2912 5689 2987 5735 est
3010 5681 3154 5737 alius
3200 5684 3338 5739 Deus
3364 5699 3517 5754 prae-

1870 5753 1954 5805 ter
1984 5765 2090 5804 me.

3093 5950 3165 6004 12
