3886 6328
149 383 228 444 369
959 373 963 377 ξ
1547 374 1938 444 EPISTULA
1983 377 2146 439 VIII.
3401 389 3521 448 3'70

24 505 42 525 ⁷
148 535 240 574 cum
265 535 497 590 corpora
529 520 846 590 ﬁdelium,
894 539 1020 595 quas
1054 524 1314 580 membra
1342 524 1482 578 sunt
1511 513 1754 583 Christi,
1784 509 1840 576 Α
1867 527 2252 583 personarum
2268 519 3193 588 asserere,Arianumhiereticum
3210 522 3516 580 sinedubi-

148 607 242 680 ipsa
262 607 534 679 templum
571 609 703 665 sint,
731 611 987 682 spiritus
1019 613 1207 668 sancti
1232 611 1260 666 ?
1861 604 2081 661 tatione
2107 603 2385 678 iutellige.
2417 608 2629 664 Verum
2683 618 2767 664 est
2799 611 2952 665 enim
2987 613 3141 681 quod
3190 612 3510 670 Sabelliani

196 716 302 772 Cir.
333 734 403 770 Ix.
437 715 736 773 Conclusio
764 717 831 774 de
867 719 1159 776 Trinitate.
1194 722 1254 776 In
1300 719 1474 774 tribus
1501 716 1733 789 ρεηοηὺ

1910 710 2039 749 nam
2075 700 2350 751 naturam
2384 697 2600 765 Patris,
2631 703 2685 753 et
2717 698 2868 766 Filii,
2901 705 2956 755 et
3006 700 3255 771 Spiritus
3295 702 3506 771 sancti,

138 823 220 859 non
245 812 313 860 est
341 805 634 861 diversitas
656 810 876 865 divinae
895 812 1138 865 naturae.
1175 784 1629 880 Baptismus'non
1647 824 1743 861 va-
1858 784 2125 880 miunt;
2147 787 2244 880 ξ’ῗά
2275 786 2486 841 falsum
2515 793 2603 880 93‘
2623 789 2776 859 qu°d
2798 793 3368 880 ξνθεηρθΐδοοδεθεδθ
3389 809 3505 847 Ποῦ

136 894 194 948 let
217 894 314 948 nisi
343 897 396 948 in
430 897 661 950 nomine
692 899 991 952 Trinitatis
1019 874 1268 952 collatus:
1300 929 1364 939 —
1399 895 1733 952 19.Trinitas

1910 874 2125 928 'edunt.
2147 875 2466 930 Verumest
2483 876 2826 948 etiamquod
2843 878 3039 932 Ariani
3073 883 3189 933 tres
3223 896 3506 949 personas

128 993 195 1038 εει
215 985 393 1054 imque
418 1001 578 1038 unus
609 985 723 1040 eo],
747 1002 774 1039 ε
799 991 1026 1041 creator
1046 988 1311 1042 omnium
1343 1002 1536 1042 rerum
1571 986 1742 1048 Deus,
1855 963 2068 1029 Patris,
2101 969 2158 1054 et
2180 963 2328 1029 Filii,
2348 971 2406 1019 et
2434 965 2686 1035 Spiritus
2710 966 3262 1032 sancti,dicunt;sed
3290 968 3505 1024 falsum

124 1075 342 1127 Trinitas
362 1080 450 1128 est
472 1091 630 1128 unus
655 1074 820 1130 solus
846 1075 1175 1131 immensus
1202 1074 1549 1130 naturaliter
1565 1074 1733 1128 Deus.

1910 1056 1941 1104 ιι
1954 1054 2108 1124 quod
2127 1053 2371 1108 istarum
2387 1054 2568 1108 trium
2585 1070 2904 1124 personaru
2917 1071 2968 1108 m
2987 1060 3104 1110 tres
3119 1061 3360 1111 naturas
3375 1071 3506 1127 per-

127 1165 189 1217 Ad
210 1163 714 1234 hujusimaginem
742 1164 1047 1220 Trinitatis
1063 1166 1236 1220 homo
1269 1167 1452 1220 factus
1475 1161 1739 1235 agnosci-

125 1261 216 1319 tur,
248 1254 300 1305 in
334 1253 504 1322 cujus
537 1254 772 1308 nomine
808 1253 1139 1324 baptizatus
1184 1255 1376 1309 denuo
1410 1256 1736 1307 renOVatur.

121 1341 376 1410 Baptizari
400 1347 596 1396 autem
623 1345 826 1407 gentes
862 1341 921 1395 in
958 1345 1182 1397 nomine
1208 1343 1410 1401 Patris,
1438 1350 1489 1395 et
1509 1339 1660 1406 Filii,
1690 1342 1738 1394 et

115 1429 322 1497 Spiritus
351 1431 534 1483 sancti
575 1429 794 1498 (Matth.
844 1448 1050 1497 xxvui,
1109 1431 1214 1502 19),
1244 1431 1511 1485 Salvator
1543 1435 1739 1483 noster

111 1519 333 1582 edocuit,
361 1525 425 1572 ut
446 1519 602 1572 sicut
625 1520 929 1574 Trinitatis
944 1520 1361 1590 Opereinitium
1380 1519 1734 1574 conditionis

107 1609 442 1680 accepimus,
467 1609 625 1663 sicin
655 1611 892 1665 nomine
907 1611 967 1666 Τι
987 1610 1451 1679 initatis,divinre
1471 1611 1731 1675 adaptio-

106 1700 179 1752 nis
191 1700 436 1769 gratiam
452 1715 828 1753 sumeremus
850 1701 945 1770 (ιι).
966 1699 1128 1754 Unus
1144 1707 1232 1755 est
1246 1717 1382 1772 ergo
1395 1716 1564 1754 verus
1580 1699 1731 1753 Deus

99 1793 270 1853 Pater,
303 1794 361 1842 et
387 1787 594 1850 Filius,
615 1791 672 1842 et
693 1788 943 1856 Spiritus
977 1789 1342 1860 sanctus,qui
1373 1787 1733 1858 omnipoten-

1852 1143 2099 1197 suadere
2131 1144 2511 1199 contendunt.
2553 1145 2820 1200 Perverse
2869 1145 3065 1216 itaque
3095 1147 3290 1201 Ariani
3323 1151 3499 1202 natu-

1851 1249 1973 1286 ram
1997 1232 2678 1303 Trinitatisdividunt,et
2710 1251 2988 1306 personas
3003 1235 3319 1290 Sabelliani
3349 1253 3496 1292 con-

1851 1322 2121 1376 tundunt:
2159 1339 2292 1377 cum
2330 1323 2405 1376 ita
2439 1323 2516 1377 sit
2547 1340 2665 1378 una
2697 1329 2906 1378 natura
2939 1323 3149 1392 Patris,
3182 1331 3239 1379 et
3260 1325 3411 1390 Filii,
3435 1330 3493 1379 et

1847 1411 2101 1481 Spiritus
2133 1414 2345 1476 sancti,
2377 1417 2443 1467 ut
2476 1429 2591 1466 non
2628 1413 2704 1466 sit
2735 1429 2853 1467 una
2884 1429 3132 1484 persona
3167 1430 3180 1480 ;
3215 1413 3351 1483 quia
3377 1414 3492 1469 alia

1845 1505 1936 1556 est
1970 1517 2219 1572 persona
2253 1501 2458 1567 Patris,
2494 1501 2607 1556 alia
2657 1501 2802 1566 Filii,
2837 1501 2951 1556 alia
2997 1501 3248 1572 Spiritus
3281 1504 3485 1556 sancti.

1912 1629 2043 1684 CAP.
2075 1647 2202 1684 xm.
2249 1631 2422 1682 Error
2443 1627 2972 1683 Macedonianorum.
3006 1657 3070 1668 -
3103 1629 3191 1680 22.
3225 1628 3278 1679 Si
3310 1643 3483 1698 quem

1839 1736 1974 1775 vero
2006 1718 2243 1788 videris,
2266 1717 2457 1773 Patris
2488 1717 2728 1788 quidem
2761 1723 2819 1771 et
2855 1715 2975 1770 Filii
3011 1732 3183 1770 unam
3217 1716 3481 1770 conﬁteri

1841 1814 2132 1876 naturam,
2154 1811 2249 1862 sed
2267 1807 2523 1879 Spiritus
2541 1807 2723 1861 sancti
2745 1806 2989 1860 alteram
3007 1805 3323 1875 praedicare
3344 1806 3482 1862 sub-

94 1877 309 1930 ίίε⁵ίω⁸
343 1877 608 1967 δορίίδίθ
629 1883 789 1932 πεδί
817 1876 1106 1967 δοωίξῖθδθ
1132 1883 1185 1932 εί
1209 1877 1460 1967 Erat-“ita
1486 1877 1729 1967 miseri?
1761 1881 1806 1946 Β
1837 1898 2138 1963 stantiam,
2165 1903 2228 1951 ut
2251 1876 2531 1967 aequalem
2566 1895 2802 1966 quidem
2818 1895 2967 1949 dicat
2998 1893 3152 1948 Patri
3179 1893 3479 1960 Filium,et

89 1965 551 2035 tionejustiﬁcat
584 1970 934 2032 peccatores.
979 1965 1192 2021 Praeter
1224 1966 1380 2021 hunc
1431 1981 1614 2020 unum
1650 1965 1723 2037 (li)

85 2055 456 2110 Deumverum
475 2054 675 2108 nullus
687 2056 1397 2126 estDeus,quiadumdicit:
1410 2056 1587 2110 Videte
1598 2057 1728 2126 quia

83 2161 162 2213 ego
183 2163 295 2198 sum
326 2146 496 2207 Deus,
519 2151 571 2198 et
604 2161 708 2198 non
732 2150 809 2199 est
840 2147 987 2199 alius
1008 2155 1210 2216 praeter
1236 2162 1318 2201 me
1341 2147 1514 2209 (Deut.
1549 2161 1722 2209 xxxn,

85 2234 180 2300 39),
210 2235 384 2288 docet
408 2250 518 2288 nos
551 2239 607 2287 et
638 2235 916 2288 admonet
948 2250 1122 2305 grave
1152 2252 1280 2290 esse
1313 2241 1639 2306 peccatum,
1674 2233 1722 2286 si

83 2323 199 2392 quis
215 2328 384 2376 extra
411 2339 598 2377 unum
648 2322 830 2377 Deum
857 2323 1036 2378 alium
1057 2323 1251 2379 credat
1283 2324 1569 2394 (c).Alium
1597 2325 1723 2378 sine

81 2411 243 2464 dubio
274 2411 472 2466 credit
502 2411 776 2482 quisquis
824 2412 878 2465 iu
915 2412 1101 2481 Patre,
1134 2418 1190 2467 et
1222 2413 1384 2478 Filio,
1419 2418 1475 2467 et
1503 2412 1719 2482 Spiritu

80 2506 292 2564 sancto,
328 2501 739 2556 diversitatem
776 2501 1096 2557 divinitatis
1147 2502 1597 2570 existimat;cum
1625 2501 1721 2556 ille

77 2595 237 2654 Deus,
262 2591 366 2662 qui
390 2589 560 2644 solus
581 2590 756 2644 habet
786 2606 978 2646 veram
999 2591 1620 2657 divinitatem,colendi
1645 2591 1724 2646 al-

79 2681 244 2733 terius
278 2680 374 2734 dei
411 2679 761 2734 nullatenus
795 2680 943 2736 295
981 2681 1200 2735 tribuat
1234 2681 1592 2750 facultatem;
1617 2697 1721 2736 nec

79 2770 127 2822 in
143 2773 517 2822 sacramento
533 2768 958 2838 redemptionis
977 2769 1246 2824 humane
1260 2770 1721 2840 sitaliquatenus

78 2857 491 2925 nominandus,
515 2856 793 2928 quisquis
811 2859 884 2912 ab
909 2858 1086 2912 unius
1117 2858 1230 2914 veri
1263 2859 1359 2913 Dei
1391 2864 1600 2914 natura
1634 2861 1718 2914 in-

81 2947 298 3000 venitur
330 2952 672 3001 extraneus.
703 2948 1044 3017 Mysterium
1077 2952 1272 3002 autem
1305 2948 1721 3020 redemptionis

82 3035 341 3090 humanae
365 3035 536 3090 nulla
563 3037 786 3090 ratione
807 3036 1126 3107 perﬁcitur,
1152 3037 1198 3091 si
1233 3037 1291 3091 in
1317 3038 1609 3108 baptismo
1633 3038 1719 3092 vel

82 3124 216 3190 Filii,
241 3127 332 3180 vel
365 3125 630 3195 Spiritus
659 3125 872 3191 sancti,
922 3125 1269 3181 vocabulum
1321 3127 1717 3185 subtrahatur.

139 3236 266 3292 ΟΑΡ.
301 3253 364 3291 x.
405 3236 708 3291 Excusatio
757 3236 1062 3292 brevitatis.
1097 3267 1158 3276 —-
1189 3238 1258 3292 l9
1290 3239 1389 3294 bis.
1445 3240 1711 3309 Proinde,
1746 3250 1789 3316 (ς

83 3326 343 3392 quoniam
359 3325 699 3397 epistolaris
717 3325 926 3380 modus
943 3341 1271 3382 sermonem
1290 3333 1500 3383 nostris
1516 3329 1728 3402 dispu-

84 3415 307 3469 tationis
341 3431 459 3468 non
494 3413 785 3485 permittit
812 3415 1069 3481 extendi,
1103 3415 1437 3473 dilectionis
1469 3425 1580 3474 tua:
1612 3423 1728 3494 pri.-

82 3503 291 3559 mordia
325 3521 446 3559 non
479 3508 622 3558 sunt
652 3503 920 3558 lectionis
945 3503 1272 3576 prolixitate
1300 3507 1725 3581 fatiganda,sed

80 3592 347 3649 brevitate
383 3594 587 3665 potius
618 3592 948 3658 excitanda,
982 3599 1046 3647 ut
1078 3595 1215 3649 dum
1254 3595 1422 3651 breve
1454 3614 1602 3669 opus
1627 3601 1730 3655 de-

1834 1988 2022 2043 solum
2055 1987 2334 2042 minorem
2369 1990 2591 2040 asserat
2610 1983 2890 2056 Spiritum
2928 1982 3473 2052 sanctum,iste:non

1834 2082 1991 2132 tenet
2005 2077 2298 2132 catholica:
2325 2076 2458 2131 ﬁdei
2482 2075 2811 2142 veritatem,
2833 2075 2932 2129 sed
2953 2091 2986 2128 a
3019 2071 3357 2127 Macedonio
3371 2089 3473 2127 na-

1833 2171 1958 2223 tum
1994 2166 2246 2233 perﬁdiae
2279 2171 2535 2221 sectatur
2558 2179 2812 2220 errorem
2836 2164 3180 2234 (e).Proinde
3199 2163 3335 2234 quia
3361 2180 3474 2218 non

1832 2261 1922 2312 est
1951 2255 2275 2311 catholicus
2306 2254 2699 2319 Christianus,
2732 2255 2831 2307 sed
2862 2253 3328 2319 ,Macedonianus
3359 2253 3477 2308 hau

1835 2345 2192 2413 reticushest,
2225 2344 2297 2398 ab
2328 2342 2603 2397 omnibus
2637 2347 2726 2396 est
2769 2341 3041 2397 ﬁdelibus
3087 2344 3475 2412 respuendus.

1902 2471 2036 2525 CAP.
2056 2486 2168 2524 xiv.
2204 2470 2278 2524 De
2301 2469 2794 2524 veritatehumanae
2815 2472 3036 2525 natura?
3064 2470 3124 2522 in
3156 2467 3387 2523 Christo.
3412 2499 3482 2509 -—

1830 2559 1920 2614 23.
1939 2558 2102 2614 1Nunc
2118 2576 2302 2630 pauca
2317 2559 2388 2613 de
2408 2557 3018 2634 mysteriojDomiuicae
3054 2558 3479 2614 lncarnationis

1833 2649 2088 2704 adverte.
2124 2647 2392 2703 Christus
2414 2648 2572 2702 enim
2601 2647 2696 2702 Dei
2722 2647 2926 2715 Filius,
2953 2647 3051 2716 qui
3088 2647 3350 2718 seipsum
3375 2647 3479 2702 Ve-

1833 2737 2062 2793 ritatem
2088 2737 2414 2809 proﬁtetur,
2456 2737 2610 2792 sicut
2639 2753 2811 2792 verus
2841 2743 2931 2792 est
2963 2737 3137 2801 Deus,
3187 2738 3274 2792 sic
3303 2754 3474 2792 verus

1831 2831 1922 2882 est
1940 2826 2140 2882 homo:
2168 2829 2224 2882 in
2245 2842 2362 2898 quo
2385 2827 2536 2882 sicut
2557 2831 2645 2882 est
2667 2827 2964 2898 plenitudo
2997 2826 3204 2881 divinas
3230 2833 3473 2897 naturae,

1832 2917 1908 2971 ita
1925 2921 2077 2972 estet
2094 2915 2396 2988 plenitudo
2412 2915 2682 2971 humanas
2696 2916 3298 2987 substantiae(/).lne.st
3314 2918 3468 2972 enim

1831 3006 1915 3061 illi
1934 3005 2222 3062 naturalis
2235 3007 2804 3074 veritasdivinitatis,
2823 3006 3112 3062 naturalis
3127 3007 3338 3061 veritas
3351 3008 3445 3062 ani
3459 3038 3472 3049 -

1831 3113 1942 3152 mie
1959 3096 2278 3161 rationalis,
2311 3097 2672 3152 etnaturalis
2687 3096 2896 3152 veritas
2923 3097 3208 3152 carniszac
3240 3113 3342 3168 per
3363 3096 3472 3152 hoc

1829 3187 2119 3245 naturalis
2141 3187 2421 3243 divinitas
2445 3189 2777 3243 communis
2800 3193 2888 3242 est
2911 3186 2993 3242 illi
3021 3204 3150 3242 cum
3177 3192 3475 3242 Patrezna-

1832 3277 2041 3336 turalia
2071 3293 2205 3332 vero
2237 3276 2580 3332 humanitas
2602 3277 2936 3332 communis
2963 3280 3047 3331 est
3078 3276 3159 3330 illi
3191 3293 3323 3332 cum
3358 3276 3476 3332 Vir-

1833 3371 1969 3444 gine
2001 3375 2208 3426 matre.

1903 3501 2040 3555 CAP.
2081 3515 2169 3552 xv.
2231 3497 2468 3555 Heresis
2512 3496 3068 3560 Manichaeorum,—
3097 3495 3187 3550 24.
3236 3495 3296 3550 Si
3340 3495 3475 3566 quis

1833 3603 1970 3658 ergo
2003 3588 2088 3643 sic
2117 3588 2174 3641 in
2205 3587 2437 3643 Christo
2469 3603 2664 3642 veram
2698 3585 3062 3641 divinitatem
3094 3584 3385 3656 praedicat,
3414 3588 3478 3638 ut

1834 3677 1964 3747 ejus
1999 3693 2187 3730 veram
2207 3693 2440 3731 carnem
2476 3692 2686 3748 negare
2716 3677 3173 3742 contendat,non
3198 3680 3287 3730 est
3307 3672 3476 3730 Chri-

1835 3767 2062 3822 stianus
2093 3765 2440 3837 catholicus,
2463 3766 2563 3822 sed
2589 3767 2742 3822 200
2768 3765 3073 3820 haereticus
3098 3764 3473 3833 Mauichasus,

1835 3873 1968 3912 cum
2006 3858 2129 3928 ipse
2157 3855 2424 3910 Christus
2452 3854 2761 3926 discipulis
2793 3855 3203 3910 dubitantibus
3236 3853 3472 3908 dixerit:

1835 3945 2072 4018 Palpate
2108 3951 2160 4002 et
2189 3948 2385 4014 videte,
2417 3947 2548 4019 quia
2578 3948 2806 4016 spiritus
2851 3962 3074 4001 carnem
3119 3949 3171 4000 et
3217 3961 3334 4001 ossa
3365 3961 3472 4000 non

1835 4037 2022 4104 habet,
2055 4036 2196 4092 sicut
2226 4053 2311 4092 me
2340 4036 2534 4092 videtis
2557 4035 2756 4092 habere
2786 4036 2933 4106 (Luc.
2968 4052 3117 4102 xxiv,
3149 4035 3260 4105 39).

77 3681 422 3738 laetabiliter
453 3681 629 3752 legis,
659 3683 728 3736 ad
765 3682 1048 3752 prolixam
1083 3683 1391 3740 lectionem
1424 3687 1726 3748 ardentius

71 3771 480 3826 iuﬂammeris.
499 3770 688 3825 Pauca
713 3787 842 3842 quis
865 3771 1130 3826 dicturus
1152 3788 1310 3840 sum,
1339 3774 1558 3831 intente
1583 3777 1728 3851 lege,

74 3863 386 3922 prudenter
417 3859 700 3931 intellige,
752 3866 810 3914 et
835 3860 1245 3917 indubitanter
1286 3867 1416 3918 tene
1451 3881 1463 3919 :
1494 3881 1562 3921 ex
1595 3869 1729 3938 qui-

73 3952 160 4005 bus
197 3951 408 4006 valeas
441 3949 500 4003 in
537 3951 858 4004 assertione
903 3949 1031 4005 ﬁdei
1061 3967 1095 4005 a
1129 3950 1292 4007 falsis
1340 3968 1473 4008 vera
1504 3955 1728 4011 discer-

69 4056 208 4108 nere,
266 4046 328 4096 et
379 4040 780 4096 Christianam
827 4041 1026 4109 ﬁdem,
1074 4043 1260 4114 ipsius
1309 4043 1728 4105 illuminatoris

65 4132 241 4186 mm
267 4131 588 4202 juvamine
623 4130 872 4185 retinere
904 4130 1000 4200 ω’
1906 4163 2040 4219 CAP.
2061 4180 2178 4218 xvr.
2208 4165 2394 4218 Error
2415 4162 2902 4218 Photinianorum.
2939 4160 3184 4214 Christus
3213 4159 3480 4215 mediator

1835 4252 2120 4309 hominum
2150 4257 2378 4324 propter
2395 4254 2617 4308 natura?
2636 4247 3272 4319 utriusqueconsortium
3301 4275 3364 4285 --
3385 4247 3474 4302 25.

1838 4343 2094 4397 Rursum
2129 4341 2175 4396 si
2210 4341 2342 4410 quis
2375 4340 2431 4392 in
2462 4338 2697 4394 Christo
2729 4335 2814 4390 sic
2862 4334 3162 4389 veritatem
3207 4333 3479 4405 praedicat

117 4245 275 4298 CAP.
307 4258 393 4295 χι.
432 4241 493 4295 In
527 4240 796 4294 Trinitate
827 4256 972 4294 unus
1009 4241 1173 4310 Deus,
1206 4259 1323 4297 una
1368 4248 1595 4301 natura.
1629 4248 1729 4301 Er-

59 4347 142 4384 ηπ
166 4330 667 4386 Sabellianorum.
690 4361 760 4369 —
781 4330 871 4384 20.
897 4328 1060 4385 Unus
1089 4330 1243 4386 Deus
1274 4336 1363 4387 est
1389 4341 1589 4390 sancta
1609 4335 1730 4390 Tri-

53 4421 237 4484 nitas.
281 4424 483 4487 Pater,
519 4423 571 4472 οἱ
611 4417 813 4482 Fili“.
847 4427 894 4472 εί
929 4419 1184 4490 Spiritus
1215 4429 1473 4476 88001118-
1499 4422 1626 4479 Una
1648 4433 1732 4479 est
1838 4432 2044 4486 anima:
2077 4435 2133 4484 et
2165 4427 2380 4495 carnis,
2415 4433 2479 4481 ut
2507 4427 2814 4481 veritatem
2848 4423 2905 4478 in
2940 4439 3006 4478 eo
3039 4422 3184 4476 nolit
3215 4423 3480 4493 accipere

49 4509 216 4564 enim
261 4508 476 4575 Patris,
510 4514 564 4561 et
598 4507 749 4572 Filii,
781 4515 838 4562 et
870 4507 1125 4579 Spiritus
1157 4513 1345 4566 sancti
1377 4519 1608 4577 natura,
1629 4514 1730 4568 sed

1913 4519 2094 4585 italis,
2126 4518 2186 4573 id
2207 4523 2316 4585 est,
2349 4516 2447 4588 qui
2481 4517 2566 4570 sic
2600 4515 2746 4568 dicit
2766 4512 3063 4568 Christum
3083 4513 3481 4580 hominem,ut

55 4615 186 4653 non
209 4617 330 4655 una
356 4614 634 4670 persona.
665 4598 913 4653 Proinde
938 4603 1001 4653 ut
1021 4604 1250 4654 retenta
1269 4601 1508 4658 veritate
1538 4603 1727 4674 possis
1761 4619 1806 4684 ι)
1837 4611 2020 4665 Deum
2057 4612 2246 4678 neget,
2284 4623 2395 4662 non
2447 4609 2536 4661 est
2563 4604 2935 4659 Christianus
2983 4600 3330 4666 catholicus,
3375 4603 3476 4658 sed

77 4688 358 4750 refellere,
398 4686 484 4741 vel
530 4692 680 4742 certe
713 4703 987 4758 respuere
1019 4687 1411 4760 falsitatem,si
1434 4707 1608 4763 quem
1639 4693 1727 4747 vi-

1910 4701 2223 4757 iotinianus
2238 4696 2828 4754 bereticus.Christus
2844 4694 2986 4751 enim
3003 4695 3479 4766 quemadmodum

83 4775 223 4831 deris
243 4778 326 4832 ita
358 4775 575 4839 Patris,
601 4782 656 4830 et
689 4775 1177 4848 Filii,etSpiritus
1199 4779 1570 4836 sanctiunam
1596 4798 1728 4837 con-

1910 4790 2163 4847 cundum
2181 4805 2372 4844 veram
2393 4789 2758 4842 divinitatem
2783 4791 2930 4840 Deus
2947 4791 3174 4842 creator
3195 4791 3282 4842 est
3296 4787 3485 4842 homi-

87 4864 217 4919 meri
271 4870 582 4928 naturam.
614 4870 677 4919 υί
708 4865 846 4919 νθῖίῖ
896 4882 1070 4921 “nam
1107 4882 1365 4922 θεεθτθτθ
1398 4884 1726 4938 Personam,
1838 4898 2001 4944 num,
2028 4880 2107 4934 ita
2137 4879 2461 4934 secundum
2484 4893 2678 4932 veram
2703 4892 2934 4931 carnem
2956 4877 3238 4933 mediator
3267 4882 3355 4931 est
3376 4876 3477 4931 Dei

77 4954 183 5010 noli
229 4954 650 5011 Christianum
701 4953 1054 5010 catholicum
1090 4961 1313 5025 putare,
1346 4958 1447 5012 sed
1495 4957 1728 5014 haereti-

1914 4970 2243 5025 hominum.
2271 4967 2551 5023 Mediator
2580 4966 2736 5021 enim
2770 4964 3104 5020 nullatenus
3138 4965 3369 5033 esset,si
3391 4963 3480 5019 vel

52 5065 192 5103 eum
230 5043 654 5101 Sabellianum
687 5059 961 5116 agnosce.

1920 5077 1973 5115 m
2006 5061 2169 5115 Patre
2201 5058 2522 5114 divinitatis
2545 5055 2951 5126 naturamivel
2976 5073 3110 5112 cum
3143 5055 3482 5111 hominibus

1844 5167 2216 5208 communem
2243 5150 2437 5206 carnis
2451 5153 2508 5204 et
2535 5151 2744 5204 animae
2758 5148 3157 5204 substantiam
3183 5162 3298 5199 non
3313 5145 3486 5198 habe-

1842 5248 1947 5300 ret.
1984 5245 2044 5298 In
2069 5259 2134 5298 eo
2165 5253 2355 5296 autem
2382 5257 2553 5294 verus
2569 5240 2855 5294 mediator
2869 5241 2958 5292 est
2980 5235 3285 5290 hominum
3310 5232 3488 5289 homo

1844 5334 2114 5389 Christus
2140 5333 2341 5401 Jesus,
2376 5333 2434 5386 in
2466 5346 2581 5401 quo
2608 5329 2678 5383 de
2710 5329 2904 5397 Patre”.-
2936 5327 3182 5380 formam
3231 5325 3335 5380 Dei
3363 5325 3490 5395 (per

1845 5440 2020 5495 quam
2046 5439 2153 5477 nos
2171 5421 2437 5490 salvaret)
2460 5416 2806 5475 naturaliter
2822 5414 3047 5483 habuit,
3071 5418 3126 5468 et
3154 5429 3222 5468 ex
3253 5413 3490 5484 Virgine

120 5158 273 5214 εΑρ.
317 5169 423 5208 xu.
449 5153 620 5208 Error
645 5150 1002 5206 Arianorum.
1029 5152 1341 5208 Sabelliani
1369 5164 1420 5210 et
1450 5157 1647 5211 Ariani
1670 5159 1731 5212 in

41 5263 162 5320 quo
189 5240 543 5313 recipiendi,
564 5241 622 5295 in
639 5257 747 5312 quo
775 5243 1086 5312 respuendi.
1107 5271 1174 5282 -—
1194 5245 1282 5297 21.
1319 5244 1378 5299 Si
1405 5261 1578 5315 quem
1597 5262 1732 5302 vero

42 5333 346 5390 audieris
367 5332 451 5386 ita
468 5335 588 5386 tres
606 5347 907 5402 personas,
932 5331 1141 5399 Patris,
1165 5337 1222 5386 et
1253 5331 1734 5406 Filii,etSpirilus

71 5425 288 5491 sancti,
328 5421 548 5487 dicere,
583 5424 648 5474 ut
675 5419 810 5474 velit
851 5428 968 5475 tres
1002 5429 1242 5476 naturas
1273 5421 1520 5480 istarum
1553 5426 1731 5482 trium

137 5585 213 5653 la)
247 5588 352 5638 Ita
374 5597 488 5636 ms.
521 5580 682 5654 Colb.
710 5597 724 5645 ;
748 5585 808 5635 at
828 5581 988 5654 editi,
1018 5584 1204 5652 gratia
1231 5583 1350 5654 frui
1378 5600 1734 5641 mereremur.

134 5659 216 5724 ib}
245 5658 388 5719 Με..
427 5659 639 5707 Ρνωιθν
663 5653 808 5707 hunc
838 5653 1010 5707 Deum
1042 5670 1254 5709 verum.

131 5730 210 5794 (ε)
245 5726 386 5788 κε..
426 5726 486 5779 In
514 5726 758 5779 alterum
786 5726 993 5780 credat.

134 5801 220 5854 idt
261 5800 372 5854 Ms.
409 5802 481 5854 tn
511 5796 736 5852 nomine
763 5800 903 5852 tene.

1917 5587 1990 5656 (e)
2021 5585 2119 5639 Sic
2149 5600 2260 5639 ms.
2293 5603 2306 5650 ;
2360 5587 2417 5636 et
2446 5576 2732 5647 editi,‘,sed
2782 5572 3194 5634 Macedonians?
3238 5575 3490 5645 perﬁdiae

1843 5661 2089 5713 sectatur
2115 5671 2381 5710 errorem.
2675 5712 2678 5715 1

1917 5728 1988 5798 (f)
2020 5727 2152 5789 Ms.,
2187 5727 2245 5782 In
2275 5739 2380 5796 quo
2400 5724 2536 5778 sicut
2565 5720 2854 5798 plenitudo
2876 5719 3131 5775 humana!
3146 5719 3481 5786 substantiae,

1845 5795 2239 5872 sieplenitudo
2271 5795 2327 5854 in
2358 5812 2418 5852 eo
2448 5805 2526 5852 est
2552 5795 2780 5851 divine.
