3886 6368
143 394 230 456 311
1579 397 1788 459 EPIS']

2000 401 2137 462 ΧΠ.

3427 393 3545 452 378

159 532 412 590 voluntate
425 531 636 586 carnis
655 537 856 605 atque
871 550 941 589 ex
956 531 1251 589 voluntate
1272 533 1379 587 viri
1403 519 1586 588 exorti
1603 532 1796 589 aliena
1824 535 1876 602 Α
1907 535 2176 592 anirralia
2189 553 2313 609 quae
2323 537 2573 610 cymices
2585 531 3184 604 nuncupantur,Deus
3199 545 3310 584 non
3327 527 3545 593 fecerit,

162 623 645 692 trahuntpeccata,
663 623 950 693 quamvis
969 623 1228 677 nondum
1253 621 1506 677 habeant
1527 623 1792 694 propria:

165 715 304 768 itaex
319 711 583 774 Deonati,
606 711 658 766 si
684 712 942 784 propria
970 711 1361 766 voluntatisin
1385 712 1468 765 eis
1490 711 1660 783 culpa
1680 729 1792 767 non

163 804 330 868 fuerit,
363 800 526 856 nulla
549 807 954 872 asperguntur
976 800 1174 856 alienae
1198 800 1529 872 iniquitatis
1551 801 1789 871 injuria.

162 893 425 956 Quoniam
461 891 619 945 sicut
650 889 849 961 prima
886 890 1159 944 nativitas
1181 890 1406 944 edendo
1428 890 1610 944 inﬁxit
1635 890 1792 961 quod

161 997 381 1037 nascens
416 996 531 1033 non
566 979 728 1040 fecit,
761 978 844 1033 ita
864 978 1123 1032 secunda
1144 976 1344 1032 abluto
1365 976 1631 1048 originali
1655 993 1788 1049 pec-

162 1076 272 1125 cato
289 1068 578 1131 nativitas,
596 1067 657 1120 in
683 1065 808 1121 sola
832 1066 1086 1137 positum
1114 1067 1367 1130 imputat
1386 1066 1683 1122 voluntate
1699 1067 1795 1121 de-

163 1159 362 1214 lictum.
388 1158 449 1213 In
471 1158 582 1212 hac
605 1157 789 1228 igitur
807 1161 969 1226 parte
987 1172 1018 1209 a
1043 1155 1214 1210 malis
1236 1155 1593 1226 sequestrari
1617 1155 1789 1210 debe-

171 1265 305 1314 mus,
335 1249 391 1302 in
427 1264 543 1318 qua
575 1245 868 1318 primitias
889 1244 1134 1315 spiritus
1155 1244 1436 1300 habentes
1461 1243 1791 1316 consepulti

166 1337 370 1392 Christo
402 1336 460 1390 in
483 1335 777 1405 baptismo
797 1334 1243 1390 resurreximus.
1275 1334 1334 1388 In
1355 1351 1470 1406 quo
1491 1334 1667 1388 etiam
1692 1351 1790 1388 ve-

169 1433 325 1482 terem
355 1427 680 1490 hominem,
713 1425 810 1494 qui
838 1424 1234 1494 corrumpitur
1265 1424 1588 1479 secundum
1632 1424 1790 1479 desi-

170 1518 305 1573 deria
343 1517 577 1584 erroris,
611 1515 802 1588 gratia
829 1514 931 1570 Dei
962 1514 1348 1586 praeveniente
1376 1518 1434 1569 et
1475 1513 1791 1570 comitante

171 1607 514 1677 deponimus,
549 1611 614 1659 ut
664 1620 880 1658 novum
934 1603 1255 1670 hominem,
1309 1603 1410 1675 qui
1461 1604 1788 1659 secundum

169 1700 324 1751 Deum
373 1696 429 1748 in
476 1693 717 1762 justitia
746 1699 802 1747 et
832 1693 889 1747 in
933 1695 1240 1748 sanctitate
1269 1692 1532 1749 caritatis
1561 1697 1789 1748 creatus

166 1789 258 1852 est,
295 1784 639 1838 induamus:
673 1787 782 1837 Per
812 1781 1150 1837 Dominum.

743 1889 1086 1945 EPISTOLA
1115 1887 1180 1943 X.

158 1996 349 2051 Smn‘la
393 1995 686 2065 Futgentio
723 1998 986 2069 proponit
1032 1995 1169 2050 duas
1217 1997 1567 2069 quaestiones,
1617 2014 1787 2054 unam

214 2069 274 2123 de
300 2070 712 2124 lmcarnatione
743 2067 876 2122 Filii
907 2068 1022 2134 Dei,
1056 2067 1296 2123 atteram
1326 2071 1390 2124 de
1418 2070 1619 2124 vitium
1659 2070 1788 2125 ani-

211 2142 435 2194 malium
460 2144 706 2194 auctore.

211 2247 453 2302 Domino
472 2251 678 2302 sancto
702 2262 766 2300 ac
797 2245 1159 2310 beatissimo,
1183 2250 1238 2300 et
1256 2246 1594 2318 apostolicis
1614 2247 1786 2304 meri-

148 2337 211 2391 tis
251 2338 635 2410 coaequando,
672 2336 819 2408 patri
855 2336 1174 2392 FULcsN'rio
1206 2338 1479 2409 episcopo
1530 2338 1788 2395 famulus

145 2432 269 2481 tuus
301 2428 575 2483 Scamu.

213 2520 256 2570 1.
273 2517 359 2571 Im
371 2519 696 2588 peritorum
714 2515 1004 2572 desideria
1023 2516 1392 2586 paternitatis
1412 2521 1612 2572 vestras
1638 2534 1688 2572 m
1702 2517 1789 2572 ul-

143 2614 254 2660 tum
279 2606 624 2660 desiderant
648 2605 935 2676 peritiam,
959 2606 1097 2676 quia
1122 2606 1404 2676 scriptum
1430 2607 1790 2678 estzlnquire

139 2702 348 2765 patrem
381 2700 564 2761 tuum,
594 2704 644 2750 et
673 2695 1032 2749 annuntiabit
1061 2696 1170 2749 libi
1181 2716 1198 2763 ;
1220 2697 1461 2750 seniores
1477 2700 1680 2760 tuos,et
1700 2696 1790 2751 do-

141 2786 327 2838 cebunt
361 2790 408 2840 te
434 2787 620 2856 (Deut.
654 2800 829 2848 χχχιι,
864 2787 954 2854 7);
986 2789 1044 2838 et
1075 2785 1214 2854 quia
1260 2786 1410 2854 quod
1463 2785 1787 2857 intelligere

141 2892 246 2930 non
281 2891 634 2947 possumus,
668 2875 1001 2930 sanctitatis
1021 2880 1134 2929 tua:
1158 2875 1423 2930 doctrina
1447 2892 1617 2931 nosse
1639 2876 1783 2933 desi-

136 2964 436 3019 deramus.

200 3056 256 3109 2.
291 3059 447 3109 Dum
481 3054 554 3108 ad
576 3069 838 3108 mensam
863 3053 1174 3110 Christiani
1201 3053 1467 3111 Ecclesiae
1490 3055 1786 3112 catholicae

150 3142 231 3197 ﬁlii
269 3143 362 3197 tui
391 3143 594 3198 Eventi
621 3143 694 3196 de
723 3143 822 3198 Dei
877 3144 1278 3198 Incarnatione
1327 3144 1542 3200 locutio
1590 3163 1785 3201 nasce-

148 3239 319 3300 retur,
357 3250 510 3287 unns
542 3249 609 3287 ex
642 3233 812 3288 nobis
845 3233 953 3288 hoc
984 3234 1055 3287 de
1086 3234 1212 3304 ipsa
1245 3235 1645 3290 Incarnatione
1687 3253 1778 3290 as-

148 3323 628 3393 seruit,quoniam
649 3339 761 3378 non
783 3327 933 3377 Deus
953 3322 1139 3391 Pater,
1161 3324 1258 3378 sed
1287 3323 1439 3378 Deus
1460 3323 1642 3379 Filius
1661 3341 1781 3380 car-

150 3426 267 3464 nem
305 3410 774 3477 induit;etalius
798 3411 970 3466 dixit:
1009 3414 1136 3483 Ipse
1157 3411 1307 3467 Deus
1327 3411 1424 3484 qui
1452 3418 1710 3468 unuse-st
1733 3416 1790 3469 in

150 3502 332 3557 tribus
358 3503 636 3574 dignatus
677 3508 765 3558 est
814 3518 1044 3558 carnem
1080 3519 1401 3567 assumere,
1437 3509 1500 3558 ut
1531 3509 1787 3560 nostram

154 3592 478 3646 servitutem
513 3608 629 3663 qua
681 3608 780 3663 per
825 3593 1346 3664 transgressionem
1379 3593 1564 3664 patris
1609 3594 1791 3649 nostri

154 3679 267 3732 Adae
281 3679 526 3749 obligati
543 3680 971 3747 detinebamur,
992 3682 1060 3735 ad
1078 3681 1402 3736 libertatem
1426 3683 1787 3754 perduceret.

214 3769 264 3823 3.
300 3773 364 3823 Et
392 3770 544 3824 scire
567 3769 840 3840 cupimus
859 3769 904 3823 si
926 3770 1050 3841 ipse
1064 3769 1217 3825 Deus
1239 3775 1405 3826 Pater
1428 3771 1794 3826 descenderit

152 3863 195 3910 et
225 3874 458 3913 carnem
504 3859 916 3930 assumpserit;
952 3876 1046 3925 an,
1083 3859 1208 3931 ipso
1241 3859 1554 3924 residente,
1601 3859 1787 3916 Verbo

153 3949 506 4003 mandaverit
546 3949 701 4019 ρωνά
734 3964 970 4002 carnem
1002 3949 1430 4019 assumpserit?
1460 3965 1592 4004 cum
1635 3950 1787 4005 scia-

149 4051 267 4090 mus
299 4038 586 4108 quoniam
622 4036 875 4092 Verbum
910 4053 1039 4091 caro
1072 4037 1285 4091 factum
1319 4042 1426 4105 est,
1451 4037 1655 4109 utipse
1680 4038 1784 4093 ha-

147 4125 345 4180 bitaret
365 4127 423 4182 in
449 4127 644 4193 nobis,
670 4128 769 4181 sed
792 4128 944 4181 inter
965 4127 1245 4193 Verbum,
1270 4128 1421 4198 quod
1453 4128 1600 4183 Deus
1619 4133 1789 4197 est,et

145 4210 382 4284 Patrem,
400 4217 502 4287 qui
527 4215 681 4272 Deus
705 4225 812 4284 est,
831 4234 945 4270 una
970 4221 1352 4288 utrorumque
1371 4217 1523 4273 213
1546 4218 1786 4273 descen-

145 4301 220 4356 dit
250 4305 316 4357 ad
351 4306 720 4360 induendam
755 4322 989 4360 carnem
1028 4307 1483 4377 majestas,quia
1506 4306 1784 4377 legimus:

146 4390 234 4445 Hic
263 4404 336 4447 est
371 4395 513 4450 Deus
542 4403 750 4457 nosti-r,
783 4404 833 4448 et
862 4412 970 4449 non
1002 4395 1370 4451 zstimabitur
1399 4394 1551 4451 alius
1587 4398 1789 4468 absque

144 4480 233 4533 illo
250 4489 394 4550 ;post
415 4485 534 4540 haec
551 4486 612 4538 in
636 4487 802 4538 terris
821 4484 969 4539 visus
984 4491 1088 4548 est,
1121 4494 1310 4539 etcum
1329 4484 1648 4542 hominibus
1667 4502 1789 4542 con-

144 4579 378 4627 versatus
389 4580 468 4628 est
483 4574 741 4644 (Baruch.
759 4590 843 4641 ιιι,
858 4574 1043 4643 36).Et
1057 4590 1188 4628 cum
1205 4573 1359 4629 istud
1377 4575 1717 4630 testimoniu
1730 4593 1780 4630 m

1899 627 1999 680 sed
2027 633 2158 696 post
2189 628 2568 696 dejectionem
2627 623 2817 694 angeli
2868 620 3027 674 illius
3059 618 3282 689 indigni
3307 616 3546 686 diaboli,

1895 712 2016 769 haec
2031 715 2225 770 omnia
2239 718 2310 769 ab
2327 713 2696 785 ipsodiabolo
2721 714 2870 767 facta
2893 715 3059 770 sunt;
3079 712 3134 762 et
3157 709 3296 761 dum
3319 707 3536 760 dicere-

1898 819 2031 858 mus
2049 805 2188 874 quia
2209 806 2409 859 omnia
2427 806 2574 858 Deus
2593 802 2812 867 fecerit,
2828 800 3018 854 ethaec
3031 798 3182 852 bona
3196 795 3384 859 valde,
3402 794 3546 848 dixit

1897 891 2050 960 quod
2085 891 2456 946 sanctitatem
2489 897 2650 945 tuam
2671 895 2730 943 et
2756 890 2825 942 de
2845 887 2949 941 hoc
2965 885 3314 940 deberemus
3332 899 3544 937 consu-

1895 977 2033 1049 lere,
2069 985 2134 1035 ut
2163 982 2286 1050 ipse
2318 981 2388 1035 de
2413 979 2523 1034 hoc
2557 977 2828 1033 satisﬁeri
2854 976 3090 1045 jubeas:
3116 973 3174 1028 Si
3199 977 3332 1026 ante
3353 977 3544 1026 trans-

1896 1069 2258 1139 gressionem
2279 1069 2514 1140 quando
2533 1068 2686 1122 Deus
2706 1065 2904 1121 omnia
2929 1063 3080 1127 fecit,
3104 1068 3242 1116 tunc
3264 1063 3378 1116 ista
3395 1059 3546 1114 facta

1897 1165 2056 1225 sunt,
2086 1176 2159 1214 an
2193 1164 2325 1230 post
2353 1157 2883 1228 transgressionem
2907 1155 3061 1208 Adae.
3091 1151 3202 1206 Ora
3228 1167 3330 1221 pro
3352 1149 3540 1215 nobis,

1896 1247 2133 1302 domine
2163 1252 2362 1303 sancte
2393 1264 2459 1303 ac
2490 1246 2827 1301 beatissime
2858 1249 3039 1312 pater.

2480 1334 2824 1390 EPISTOLA
2857 1332 2946 1387 XI.

1896 1427 2216 1480 Ferrandus
2245 1427 2510 1480 diaconus
2540 1424 2830 1492 Fulgentio
2850 1419 3100 1490 proponit
3118 1417 3254 1492 duas
3273 1417 3541 1492 quaestio-

1966 1513 2081 1561 nes,
2113 1499 2178 1551 de
2205 1498 2384 1551 salute
2416 1489 2688 1565 ΑζΙΙιὶορῖε
2709 1489 3105 1555 catedmmeni,
3132 1489 3401 1559 baptizati
3421 1504 3543 1541 cum

1965 1571 2083 1637 iam
2114 1569 2172 1624 vi
2199 1567 2383 1622 morbi
2411 1571 2545 1623 esset
2575 1565 2774 1621 mentis
2806 1567 2999 1635 impos,
3026 1578 3090 1616 ac
3132 1577 3240 1614 non
3280 1565 3542 1630 percepta

1964 1640 2302 1696 eucharistia
2333 1641 2553 1694 mortui.

1965 1727 2214 1783 Domino
2240 1727 2576 1782 beatissimo
2607 1731 2663 1780 et
2693 1741 2825 1779 cum
2849 1723 3006 1779 omni
3026 1720 3390 1776 veneratione
3407 1735 3541 1773 sus-

1894 1815 2166 1887 cipiendo
2201 1817 2355 1888 patri
2387 1816 2710 1871 FULGENTIO
2735 1814 3006 1884 episcopo
3038 1811 3379 1865 Fsanasnus
3413 1807 3536 1861 dia-

1817 1897 1863 1960 Β
1894 1921 2077 1960 conus
2108 1905 2165 1959 in
2197 1905 2446 1959 Domino
2479 1903 2751 1958 salutem.

1967 1995 2017 2047 1.
2037 1994 2144 2056 Qui
2167 1991 2414 2048 terrenis
2441 1992 2707 2064 indigent
2732 1989 3128 2052 facultatibus,
3147 2003 3254 2042 nec
3274 1983 3538 2040 diuturni

1894 2084 2088 2152 operis
2102 2083 2440 2138 continuato
2455 2081 2670 2145 labore,
2689 2079 2770 2134 vel
2785 2079 3039 2134 honestae
3057 2077 3201 2131 artis
3227 2074 3536 2139 industria,

1895 2172 2014 2226 sive
2040 2171 2284 2226 forsitan
2309 2171 2554 2226 honesta
2577 2168 2965 2240 negotiatione
2988 2171 3328 2238 pascuntur,
3352 2163 3540 2219 solent

1896 2266 2028 2315 ante
2047 2259 2291 2314 divitum
2315 2260 2805 2331 fores,postquam
2822 2253 3224 2312 verecundiam
3246 2254 3428 2307 fames
3448 2268 3548 2306 ex-

1895 2349 2154 2413 cluserit,
2178 2350 2541 2419 suspirantes
2563 2350 2777 2402 victum
2807 2345 3076 2418 precibus
3101 2341 3538 2415 queerere;viro-

1895 2455 2025 2493 rum
2060 2453 2292 2509 quoque
2325 2437 2607 2492 nobilium
2637 2434 3126 2490 clementissimae
3159 2448 3330 2486 aures
3359 2429 3534 2485 etiam

1896 2528 2231 2598 importuna
2247 2525 2563 2596 aliquando
2598 2523 2875 2596 petitione
2892 2517 3534 2593 pulsaremoruntenim

1897 2617 2370 2672 mendicantibus
2401 2633 2515 2671 non
2553 2615 2826 2687 prodesse
2862 2612 3114 2668 silentia.
3151 2612 3262 2679 Ego
3280 2625 3410 2665 vero
3435 2609 3536 2679 qui

1898 2705 2114 2776 ingenii
2135 2706 2403 2777 pauperis
2427 2705 2624 2760 laboro
2648 2703 2915 2775 penuria,
2942 2717 3129 2772 neque
3154 2700 3354 2754 multis
3377 2697 3538 2752 obla-

1897 2796 2190 2850 trantibus
2225 2795 2382 2850 curis
2414 2794 2636 2864 cperari
2660 2793 2855 2848 cibum
2878 2789 3173 2860 sapientis:
3195 2786 3540 2860 quotidiana

1895 2884 2380 2940 divinzelectionis
2397 2883 2770 2938 meditatione
2793 2880 3128 2952 permittor;
3154 2877 3534 2932 minusetiam

1897 2973 2215 3045 praevalens
2249 2974 2416 3039 meis,
2439 2973 2495 3026 id
2521 2979 2608 3027 est
2625 2970 3087 3041 disputationum
3109 2967 3228 3022 sive
3245 2965 3542 3036 cogitatio-

1895 3080 2036 3118 num
2073 3080 2333 3118 mearum
2369 3063 2589 3116 viribus
2622 3059 2972 3130 investigare
3005 3057 3204 3124 dubia,
3229 3055 3541 3126 explanare

1895 3153 2429 3219 obscura,dividere
2452 3168 2517 3206 ac
2537 3151 2780 3205 deﬁnire
2797 3147 3110 3211 contraria,
3128 3144 3295 3214 pulso
3317 3141 3537 3197 crebris

1899 3242 2216 3313 gemitibus
2246 3245 2312 3296 ad
2349 3240 2596 3297 cmlestis
2631 3235 3050 3310 patrisfamiliae
3082 3235 3238 3290 214
3263 3234 3533 3303 januam.

1898 3333 2007 3387 Sed
2045 3331 2144 3386 ubi
2177 3348 2382 3386 rursus
2415 3328 2747 3400 indignum,
2782 3320 2875 3381 sui
2916 3330 3033 3379 tam
3085 3324 3198 3378 cito
3244 3321 3536 3391 aperiatur

1899 3421 2053 3492 quod
2090 3420 2238 3488 volo,
2264 3419 2671 3488 memetipsum
2707 3415 3166 3482 convinco,tunc
3185 3428 3283 3467 eos
3304 3426 3450 3480 quos
3467 3412 3536 3464 de

1898 3509 2124 3565 intimis
2142 3509 2292 3579 regis
2307 3507 2559 3562 cubiculi
2582 3503 2976 3576 penetralibus
2994 3500 3287 3572 accepisse
3310 3500 3538 3569 dispen-

1899 3598 2144 3654 sandam
2178 3596 2398 3652 domini
2435 3594 2546 3649 mei
2577 3593 2883 3665 pecuniam
2917 3591 3103 3660 video,
3136 3605 3272 3645 voce
3292 3587 3539 3658 supplici

1897 3687 2186 3758 deplecor,
2218 3691 2280 3739 ut
2309 3685 2626 3756 dignentur
2658 3683 2870 3736 famem
2890 3686 3148 3735 nostram
3170 3678 3414 3732 modicis
3433 3676 3542 3733 sal-

1895 3780 2015 3831 tem
2048 3774 2380 3845 sumptibus
2409 3770 2718 3827 consolari.
2739 3772 2992 3835 Quorum
3018 3769 3158 3840 quia
3180 3785 3330 3822 unus
3354 3783 3422 3821 ex
3444 3783 3543 3821 nu-

1898 3880 2056 3920 mero
2078 3863 2427 3918 talentorum
2452 3861 2554 3916 tibi
2578 3859 2930 3916 creditorum
2958 3857 3352 3929 multiplicare
3379 3855 3540 3910 lucra

1896 3953 2289 4016 desideras,et
2310 3949 2557 4006 cmlestis
2581 3949 2784 4004 scribae
2808 3946 3290 4019 pretiosissimam
3318 3961 3521 4016 marga

1896 4042 2276 4113 ritam,quam
2293 4040 2585 4095 distractis
2603 4038 2879 4094 omnibus
2893 4053 3022 4109 quae
3046 4036 3263 4090 habeas
3287 4035 3541 4106 negotia-

1895 4137 1988 4186 tor
2019 4132 2408 4186 ﬁdelissimus
2439 4128 2814 4200 comparasti,
2849 4125 3198 4198 generaliter
3227 4123 3539 4194 acquiren-

1894 4217 3073 4291 dam,possidendam,perl'ruendam,sine
3100 4212 3319 4267 invidia
3343 4212 3539 4266 tabes-

1895 4315 2060 4364 cente
2084 4307 2511 4372 communicas;
2537 4303 3094 4376 profer,obsecro,de
3120 4302 3395 4354 thesauro
3412 4304 3533 4364 tuo,

1895 4399 2263 4470 dispensator
2293 4395 2698 4468 egregie,nova
2730 4390 2905 4445 simul
2921 4396 2977 4445 et
2990 4388 3421 4458 vetera,quibue
3447 4387 3538 4440 in-

1893 4488 2185 4558 digentem
2221 4481 2920 4555 locupletes,esurientem
2955 4475 3533 4550 pascas,imperitum

1896 4579 2128 4642 doceas,
2161 4573 2452 4628 dubitanti
2484 4571 2622 4642 quid
2658 4574 2938 4640 sequatur
2969 4566 3266 4621 ostendas.

146 4656 197 4710 in
227 4661 482 4718 medium
522 4663 935 4733 proferremus,
971 4661 1080 4717 hoc
1112 4662 1285 4717 etiam
1321 4662 1417 4718 ille
1439 4679 1467 4718 e
1497 4665 1785 4720 contrario
1818 4635 1862 4698 Π
1965 4669 2019 4721 2.
2054 4662 2328 4733 Religiosi
2362 4661 2670 4730 cujusdam
2705 4658 2807 4711 viri
2843 4657 3100 4711 famulus
3123 4660 3288 4709 aetate
3310 4654 3540 4709 adoles-

151 4745 372 4805 locutus
402 4759 521 4805 est:
560 4755 634 4805 De
669 4750 812 4805 Filio
845 4751 954 4806 hoc
986 4751 1151 4817 dixit,
1186 4768 1299 4806 non
1333 4752 1403 4807 de
1435 4756 1547 4807 Deo
1576 4757 1782 4821 Patre;

165 4839 211 4884 εἳ
234 4853 326 4900 ego
359 4842 426 4893 ad
461 4857 723 4911 praesens
745 4839 975 4895 locutus
1001 4857 1162 4896 sum:
1186 4840 1344 4903 Quod
1371 4841 1545 4896 simul
1573 4843 1790 4914 pariter

177 4919 502 4996 ignoremus,
533 4929 602 4982 ad
637 4929 824 4984 sancti
859 4929 1045 5001 patris
1077 4930 1365 5002 Fulgentii
1388 4931 1666 5003 episcopi,
1692 4933 1784 4986 cui

172 5005 287 5069 Deus
324 5023 490 5072 tantae
522 5017 757 5073 virtutis
791 5019 1094 5073 scientiam
1131 5021 1346 5074 donare
1378 5021 1654 5093 dignatus
1677 5025 1786 5082 est,

175 5111 435 5161 recursum
474 5108 784 5175 faciamus,
817 5108 914 5178 qni
946 5114 1156 5164 nostris
1189 5108 1485 5179 imperitiae
1511 5126 1612 5181 per
1633 5115 1789 5181 pate-

168 5185 439 5279 factionem
475 5196 810 5251 divinarum
845 5197 1278 5268 Scripturarum
1313 5200 1485 5268 plano
1518 5215 1788 5254 sermone

164 5279 247 5336 lter
267 5285 733 5341 ostendat.Unde
751 5304 840 5341 me
855 5288 1641 5343 tuiscommendansoration
1657 5289 1787 5342 ibus

159 5374 380 5439 Sanctis,
414 5380 551 5444 peto
583 5391 687 5447 per
717 5374 885 5430 illum
911 5375 1009 5447 qui
1043 5376 1411 5431 sanctitatem
1439 5383 1599 5432 tuam
1625 5383 1788 5432 tanta

137 5461 316 5545 gratia
347 5465 709 5530 muneravit,
746 5466 1033 5535 utjubeas
1056 5483 1160 5520 nos
1178 5471 1242 5519 ut
1265 5466 1453 5520 bonus
1479 5471 1640 5545 pater
1661 5484 1786 5537 quas

135 5543 476 5616 ignoramus
509 5554 796 5617 imbuere,
823 5555 969 5609 etde
993 5554 1092 5610 illo
1113 5557 1267 5610 fonte
1291 5556 1445 5610 unde
1463 5543 1664 5610 omnes
1685 5557 1783 5627 qui

119 5638 338 5698 Qitiunt
371 5642 680 5714 replentur
705 5643 978 5700 inundes.

205 5734 254 5790 4.
287 5733 356 5789 Et
388 5733 560 5788 ﬁnita
589 5734 906 5800 locutione,
941 5733 1093 5790 alius
1122 5753 1153 5789 e
1203 5734 1368 5791 nobis
1411 5734 1576 5800 dixit,
1631 5735 1790 5806 quod

145 5839 394 5887 muscas,
431 5825 656 5894 pulices
688 5830 745 5879 et
778 5826 1137 5895 scorpiones,
1171 5824 1255 5879 vel
1289 5825 1337 5880 si
1378 5841 1504 5896 quae
1550 5825 1791 5879 t'cediora

1897 4770 2056 4822 cens,
2091 4751 2280 4806 colore
2309 4748 2673 4817 /Ethiops,ex
2697 4745 2920 4800 ultimis
2942 4745 3109 4801 credo
3134 4745 3394 4800 barbarae
3417 4762 3543 4816 pro-

1897 4844 2097 4898 vinciae
2131 4840 2416 4913 partibus,
2453 4839 2548 4893 ubi
2574 4838 2727 4893 sicco
2755 4836 2894 4892 solis
2917 4837 3066 4908 ignei
3096 4835 3283 4891 calore
3305 4836 3537 4892 fuscan-

1898 4929 2616 4998 tur,adductus,sa]utaris
2631 4929 2836 4983 lavacri
2856 4929 3105 4982 necdum
3125 4927 3316 4982 fuerat
3341 4943 3538 4998 asper-

1898 5024 2031 5095 gine
2048 5023 2495 5085 mundatus,aut
2511 5018 2758 5073 micante
2771 5018 2848 5073 Ch
2861 5018 2982 5072 risti
3000 5018 3186 5089 gratia
3209 5017 3536 5070 dealbatus.

1900 5113 1999 5166 llic
2012 5127 2149 5182 ergo
2165 5109 2533 5164 dominorum
2554 5108 2811 5162 ﬁdelium
2829 5104 3540 5176 diligentia,sacramentis

1897 5199 2302 5256 ecclesiasticis
2337 5198 2712 5261 imbuendus,
2746 5197 2816 5249 ad
2849 5195 3154 5250 ecclesiam
3182 5193 3457 5258 traditur;
3479 5192 3541 5245 ﬁt

1896 5306 1963 5345 ex
1977 5307 2136 5344 more
2149 5288 2760 5357 catechumcnus;post
2774 5283 3138 5354 aliquantum
3157 5279 3540 5334 nihilominus

1897 5377 2176 5449 temporis
2208 5377 2636 5448 prOpinquante
2670 5371 3038 5426 solemnitate
3083 5367 3340 5438 paschali
3389 5368 3539 5421 inter

1898 5473 2288 5537 competentes
2321 5465 2577 5529 offertur,
2610 5459 2908 5520 scribitur,
2945 5457 3236 5511 eruditur:
3272 5456 3540 5511 universa

1899 5571 2132 5629 quoque
2155 5551 2453 5621 religionis
2477 5548 2776 5604 catholicae
2796 5547 3127 5601 veneranda
3151 5545 3424 5618 mysteria
3446 5564 3540 5602 co-

1897 5659 2183 5716 gnoscens
2199 5646 2368 5708 atque
2385 5635 3020 5708 percipiens,celebrato
3034 5633 3373 5692 solemniter
3385 5653 3443 5691 sc
3454 5655 3515 5690 ru
3528 5667 3540 5679 -

1898 5735 2187 5803 tinio,per
2216 5729 2604 5785 exorcismum
2639 5732 2840 5781 contra
2865 5726 3164 5781 diabolum
3188 5727 3536 5791 vindicatur;

1899 5825 1992 5881 cui
2024 5840 2085 5878 sc
2118 5819 2454 5877 renuntiare
2486 5819 2842 5880 constanter,
2873 5817 3025 5872 sicut
3051 5815 3144 5870 hic
3173 5815 3536 5871 consuetudo
