3886 6344
399 354 518 413 319

1396 361 1460 419 S.
1510 360 1936 421 FULGENTII
1982 361 2328 426 EPISOO‘PI
2378 370 2838 439 BUSPENSIS.

3625 408 3718 469 380

399 487 1018 559 poscebat,auditurus
1034 490 1376 562 Symbolum
1403 491 1726 562 profitetur.
1746 496 1876 564 Ipsa
1898 493 2058 548 insu-
2086 497 2139 561 Α
2171 499 2328 555 verbi
2361 500 2506 559 liber
2531 506 2660 562 sita
2677 507 2850 580 culpa
2867 511 3244 583 negligentiae,
3261 536 3364 577 non
3385 531 3444 582 nt
3460 528 3543 586 ille
3558 540 3720 594 osten-

398 577 972 648 persanctiSymboli
1000 579 1169 633 verba
1195 580 1540 634 memoriter
1566 581 1623 635 in
1647 588 1963 654 conspectu
1992 584 2056 638 fi-

400 664 545 720 delis
578 665 772 736 populi
807 666 963 721 clara
996 685 1132 722 voce
1164 670 1583 738 pronuntians,
1610 671 1763 742 piam
1789 672 2051 742 regulam

397 752 705 808 dominicae
741 755 1020 811 orationis
1054 758 1298 828 accepit.
1337 758 1637 830 Simulque
1661 761 1784 830 jam
1819 768 1876 815 et
1908 762 2048 832 quid

398 842 678 906 crederet,
711 847 769 896 et
801 844 943 913 quid
973 851 1166 900 oraret
1200 846 1561 917 intelligens,
1596 849 1793 902 futuro
1827 850 2049 918 baptis-

397 931 534 983 mati
553 931 891 1000 parabatur,
907 950 1040 989 cum
1057 936 1250 990 subito
1265 936 1536 991 violentis
1555 937 1852 992 invaditur
1873 938 2046 993 febri-

392 1021 1105 1083 bus,etcrescentelethali
1131 1024 1471 1081 inﬁrmitate
1497 1027 2046 1083 turbatur.Persua-

390 1108 704 1164 sitdierum
726 1110 994 1180 brevitas,
1013 1113 1157 1166 utad
1178 1114 1392 1168 fontem
1409 1130 1539 1169 cum
1562 1115 1782 1170 steteris
1808 1116 2048 1171 abluen-

389 1197 499 1252 dus
515 1197 866 1264 differretur,
884 1200 1002 1254 sive
1019 1202 1214 1273 potius
1234 1208 1583 1259 servaretur.
1613 1204 1682 1259 Et
1704 1205 1842 1276 quid
1871 1205 2046 1275 pluri-

390 1285 502 1341 bus
536 1286 856 1343 immorer?
888 1295 1040 1345 Hora
1075 1296 1345 1362 exoptata
1376 1294 1603 1348 cunctis
1637 1295 2041 1361 advenerat,in

389 1391 506 1446 qua
531 1378 782 1447 populus
798 1380 1614 1452 acquisitionis,Redemptori
1640 1401 1746 1438 suo
1773 1401 1874 1454 per
1896 1386 2039 1456 bap-

387 1463 630 1518 tismum
664 1469 1065 1534 consepultus,
1097 1469 1275 1524 vitam
1307 1475 1558 1524 veterem
1597 1478 1920 1541 poneret,et
1943 1490 2042 1528 no-

388 1569 517 1606 vam
535 1555 979 1610 resurrectionis
1000 1557 1170 1612 fidem
1191 1559 1504 1614 innovatus
1524 1561 2039 1617 assumeret.Tunc

388 1639 485 1696 ille
536 1641 592 1695 in
637 1647 897 1698 extremo
934 1645 1116 1701 halitu
1150 1648 1527 1714 constitutus,
1562 1649 1688 1704 sine
1723 1667 1876 1716 voce,
1910 1651 2036 1706 sine

391 1734 578 1798 motu,
595 1732 720 1786 sine
753 1748 952 1800 sensu,
972 1734 1116 1790 nihil
1134 1737 1330 1792 valens
1346 1739 1632 1793 sacerdoti
1653 1739 2034 1811 interroganti

2163 590 2592 692 daturconsors
2607 599 3284 692 particepsquejustitiaa.
3300 590 3723 692 Maxime,quiali-

2162 684 2252 733 cet
2283 681 2500 737 multos
2529 683 2588 738 in
2640 685 2746 741 hac
2779 703 2838 743 re
2873 693 3089 745 moveri
3122 693 3354 763 videam,
3383 681 3717 774 smpeiamen

2164 765 2434 839 plusipse
2448 787 2844 844 commoveor;
2871 777 3148 835 haesitans
3170 783 3348 852 qualis
3369 765 3724 857 debeathaberi

2161 859 2451 912 sententia
2491 861 2562 915 de
2594 861 2687 917 his
2721 866 2841 934 qui,
2876 868 3098 923 etiamsi
3130 869 3375 941 legitime
3419 896 3543 936 sane
3571 897 3730 945 mente

2160 946 2553 1017 baptizantur,
2572 966 2791 1021 praeven
2803 957 2952 1011 iente
2967 957 3216 1014 velocius
3231 970 3416 1026 morte.
3431 985 3633 1030 carnem
3647 977 3731 1033 Do-

2160 1038 2304 1092 mini
2336 1040 2692 1097 manducare
2723 1051 2781 1098 et
2809 1047 3158 1116 sanguinem
3191 1054 3312 1120 ejus
3340 1055 3520 1114 bibere
3546 1079 3645 1118 non
3670 1067 3733 1120 si-

2158 1133 2400 1182 nuntur.
2424 1128 2571 1183 Nota
2597 1132 2815 1202 quippe
2833 1141 2974 1189 sunt
3001 1136 3266 1194 ﬁdelibus
3289 1141 3573 1203 Salvatoris
3588 1155 3733 1210 verba

2155 1215 2430 1273 dicentis:
2485 1219 2606 1274 Nisi
2632 1221 3099 1281 manducaveritis
3129 1243 3340 1285 carnem
3367 1235 3490 1290 Filii
3516 1239 3733 1307 hominis,

2152 1311 2202 1361 et
2234 1306 2477 1363 biberitis
2509 1312 2627 1380 ejus
2657 1311 3012 1383 sanguinem,
3034 1331 3140 1370 non
3158 1317 3410 1376 habebitis
3429 1326 3579 1381 vitam
3599 1330 3649 1384 in
3670 1347 3736 1386 vo-

2154 1396 2232 1450 bis
2261 1398 2438 1468 (Joan.
2465 1414 2546 1464 v1,
2577 1400 2692 1466 54).
2728 1400 2889 1456 Unde
2947 1404 3220 1473 petimus,
3276 1415 3337 1462 ut
3379 1412 3620 1470 velociori
3659 1436 3733 1473 re-

2151 1487 2466 1555 sponsione
2498 1504 2603 1542 nos
2630 1488 2884 1544 intruas:
2915 1497 3112 1547 utrum
3138 1504 3350 1565 noceat,
3375 1509 3629 1570 quantum
3651 1523 3733 1560 no-

2150 1580 2294 1645 ceat,
2329 1591 2402 1630 an
2434 1577 2674 1632 omnino
2706 1579 2851 1634 nihil
2887 1588 3112 1649 noceat,
3147 1585 3194 1638 si
3227 1586 3356 1656 quis
3377 1588 3666 1660 baptizatus
3687 1597 3732 1650 in

2150 1667 2386 1721 nomine
2414 1676 2630 1722 sancta;
2661 1669 2968 1724 Trinitatis
3004 1687 3170 1728 sacro
3201 1675 3325 1730 cibo
3356 1684 3589 1749 potuque
3614 1683 3738 1738 frau-

2146 1757 2336 1811 detur.
2371 1756 2556 1810 Simul
2587 1757 2654 1811 ad
2692 1762 2938 1829 utraque
2965 1763 3313 1830 respondere
3342 1767 3731 1842 dignatus,qua

390 1822 1155 1890 respondere,deferentium
1177 1827 1448 1881 manibus
1462 1833 1832 1898 apportatur;
1860 1835 1916 1884 et
1931 1847 2033 1900 pro

2843 1822 2861 1829 -
3063 1822 3076 1830 .
3401 1822 3432 1837 υ
3636 1822 3729 1842 τη

2154 1847 2601 1917 praesumptione
2632 1847 2894 1903 caritatis
2927 1848 3336 1923 interroganda
3366 1857 3647 1926 credimus,
3689 1869 3734 1916 et

388 1925 453 1963 eo
487 1910 656 1970 nobis
689 1911 859 1981 quasi
906 1929 1009 1982 pro
1039 1913 1265 1969 infante
1297 1917 1810 1988 respondentibus,
1845 1924 2038 1975 mente

391 1998 846 2055 absentissimus
877 2002 1100 2073 accepit
1129 2003 1515 2074 baptismum,
1548 2023 1717 2073 quem
1764 2023 1826 2062 se
1874 2023 2038 2062 acce-

386 2090 568 2158 pisse,
593 2096 724 2158 post
747 2090 1050 2160 paululum
1075 2096 1356 2161 mortuus,
1372 2093 1430 2148 in
1452 2094 1556 2149 hac
1576 2096 2040 2166 prasenti,arbi-

387 2181 529 2243 tror,
562 2179 682 2233 vita
714 2179 981 2235 nescivit.

459 2267 509 2320 3.
544 2268 746 2331 Quaeso
780 2285 936 2324 nunc
969 2272 1166 2324 utrum
1201 2270 1342 2325 nihil
1379 2271 1448 2326 ad
1482 2276 1755 2328 aiternam
1777 2274 2033 2329 beatitu-

387 2356 586 2409 dinem
621 2359 1094 2427 consequendam
1130 2375 1233 2413 vox
1286 2359 1482 2414 ablata
1533 2362 1812 2416 nocuerit.
1861 2363 2038 2418 Valde

383 2443 539 2500 enim
566 2445 744 2500 timeo
771 2462 839 2500 ne
863 2451 1170 2517 propterea
1194 2448 1606 2515 Dominus,cui
1630 2451 1825 2505 omnia
1849 2452 2036 2522 possi-

379 2532 522 2588 bilia
554 2537 715 2598 sunt,
751 2534 1090 2590 facultatem
1128 2535 1402 2607 loquendi
1438 2539 1827 2610 denegaverit,
1879 2542 2034 2611 quod

376 2637 506 2677 eum
524 2622 803 2677 beneficio
818 2625 1084 2678 secundae
1098 2626 2041 2701 nativitatisjudicavitindignum.

381 2711 683 2774 Quomodo
717 2728 972 2783 namque
1004 2714 1259 2785 potuerit
1291 2720 1432 2770 etas
1460 2715 1558 2772 illa
1583 2717 1829 2774 rationis
1855 2735 2032 2789 capax

374 2799 561 2854 aliena
598 2801 969 2856 confessione
1005 2803 1262 2874 purgari,
1294 2821 1406 2859 non
1439 2805 1625 2862 video.
1651 2806 1851 2863 Nonne
1873 2808 2030 2864 solos

373 2887 645 2957 parvulos
661 2889 767 2944 rite
781 2891 1084 2946 credimus
1107 2892 1480 2949 offerentium
1506 2895 1617 2949 fide
1640 2897 2031 2968 salvari,quos

371 2975 643 3046 originali
677 2982 908 3031 tantum
943 2979 1213 3034 novimus
1244 2981 1552 3049 iniquitate
1591 2981 1912 3038 damnari?
1963 2985 2024 3038 Id

371 3069 579 3134 agente
602 3065 799 3120 divina
816 3067 1239 3137 justitiamiris
1261 3069 1474 3138 modis,
1510 3075 1572 3124 ut
1593 3072 2024 3142 quodammodo

373 3152 469 3206 ubi
489 3151 729 3210 minime
745 3155 998 3226 pr0pria,
1014 3155 1070 3211 id
1100 3160 1189 3212 est
1203 3158 1449 3213 actualis
1465 3159 1690 3214 malitia
1709 3161 2014 3230 reperitur,

371 3241 478 3296 rite
506 3258 612 3298 nec
643 3243 878 3315 pr0pria
901 3244 1173 3301 voluntas
1198 3247 1558 3317 requiratur;
1590 3249 1688 3302 sed
1710 3266 1810 3319 per
1835 3249 2016 3305 abun-

367 3330 626 3385 dantiam
660 3333 860 3402 gratias
891 3335 1085 3400 detur,
1110 3333 1242 3390 aliis
1266 3335 1863 3408 credentibus,salus,
1888 3340 2015 3410 qui-

365 3419 496 3486 bus,
529 3419 662 3475 aliis
697 3424 1100 3492 peccantibus,
1133 3430 1331 3480 reatus
1363 3426 1658 3496 ascriptus
1688 3433 1794 3483 est.
1815 3429 1887 3483 At
1918 3427 2015 3484 hic

366 3509 600 3579 proprio
635 3509 858 3567 vivebat
881 3513 1151 3569 arbitrio:
1178 3530 1352 3584 super
1375 3515 1519 3569 illud
1543 3516 1698 3587 quod
1727 3521 1798 3572 de
1821 3518 2013 3574 radice

364 3601 624 3654 traxerat
657 3599 843 3655 multa
875 3600 1000 3656 sine
1031 3602 1210 3657 dubio
1243 3602 1382 3658 vitia
1414 3607 1649 3676 propria
1695 3607 2012 3676 cupiditate

365 3693 751 3755 contraxerat,
779 3689 1164 3760 plurimorum
1195 3697 1559 3762 peccatorum
1586 3693 1737 3751 215
1764 3695 2010 3751 vinculis

367 3775 748 3847 obligatus,et
769 3795 884 3833 non
909 3780 1018 3834 nisi
1050 3780 1381 3836 voluntaria
1407 3783 1755 3840 credulitate
1785 3787 2012 3841 salvan-

367 3865 498 3930 dus,
529 3881 706 3934 quam
740 3867 799 3919 in
833 3865 929 3921 illo
963 3868 1382 3939 redemptionis
1412 3870 1534 3927 loco
1571 3873 1856 3944 conﬁteri,
1905 3893 2007 3931 nec

363 3950 564 4018 voluit,
599 3969 702 4007 nec
734 3953 941 4022 valuit;
976 3956 1077 4026 qui
1111 3955 1253 4010 nihil
1289 3960 1569 4028 sentiens,
1603 3961 1745 4017 velle
1767 3965 2007 4020 omnino

362 4039 585 4110 aliquid
629 4059 743 4096 non
776 4041 979 4098 valuit.
1011 4045 1098 4099 An
1132 4045 1394 4100 fortassis
1427 4049 1669 4104 scientia
1719 4055 2008 4122 praeterita

363 4130 654 4186 confessio
673 4131 1076 4188 remissionem
1098 4140 1470 4205 peccatorum
1495 4139 1706 4193 meruit
1720 4140 1894 4196 etiam
1917 4160 2010 4198 ne-

363 4217 606 4275 scienti?
636 4221 743 4276 Sed
773 4221 882 4276 hoc
905 4222 1095 4279 dicere
1116 4223 1342 4290 dubito,
1372 4242 1440 4281 ne
1463 4226 1596 4297 quis
1619 4229 1762 4283 mihi
1789 4232 2006 4287 veraci-

365 4313 453 4363 ter
482 4308 667 4364 dicat:
696 4310 843 4381 Ergo
866 4311 1064 4366 salvus
1088 4316 1262 4378 esset,
1286 4313 1333 4368 si
1356 4330 1461 4368 nec
1478 4315 1544 4369 ad
1571 4316 1756 4386 ipsam
1782 4319 2007 4377 tinctio-

364 4413 492 4452 nem
512 4399 772 4470 corporis
792 4401 1182 4471 pervenisset;
1203 4402 1661 4474 quoniam,siout
1679 4409 2009 4474 asseris,ex~

359 4486 634 4555 piationis
663 4489 936 4544 meritum
955 4505 1054 4560 per
1081 4491 1357 4561 mysteria
1376 4497 1671 4548 transacta
1693 4501 2003 4552 meruerat.

2145 1952 2268 2006 quae
2303 1935 2507 1991 multis
2535 1935 2850 1991 utilissima
2873 1936 2995 1994 fore
3020 1943 3553 2011 suggerimusDeus
3574 1953 3735 2004 noster

2145 2025 2554 2096 paternilatem
2617 2030 2867 2080 vestram
2922 2028 2991 2081 ad
3042 2029 3476 2088 aediﬁcationem
3526 2043 3736 2092 nostram

2143 2115 2438 2171 custodire
2466 2115 2759 2186 dignetur,
2793 2116 3030 2172 domine
3061 2119 3139 2172 mi
3175 2136 3402 2194 semper
3427 2128 3588 2194 pater.

2629 2242 2782 2298 216
2816 2243 3151 2301 EPISTOLA
3183 2246 3306 2303 XII.

2143 2352 2460 2430 Fulgentius
2490 2351 2768 2430 Ferrando
2797 2353 3144 2430 respondens
3171 2355 3242 2409 ad
3271 2361 3561 2425 propositas
3587 2375 3735 2430 quas.

2391 2426 2563 2477 tiones
2593 2423 2657 2477 de
2685 2425 2863 2478 salute
2891 2425 3172 2496 Althiopis
3201 2423 3526 2484 moribundi.

2211 2529 2458 2584 Domino
2485 2529 2798 2584 venerabili
2820 2529 2945 2585 etin
2966 2531 3186 2588 Christi
3210 2534 3446 2588 caritate
3468 2534 3734 2606 plurimum

2139 2616 2536 2683 desiderabili,
2572 2622 2774 2673 sancto
2808 2618 2967 2672 fratri
3003 2625 3058 2673 et
3094 2622 3454 2677 condiacono
3488 2625 3737 2680 Faanssoo

2137 2707 2829 2773 FULGENTIUS,SCI‘V0rum
2853 2707 3427 2779 Christifamulus,in
3442 2713 3653 2768 Domino
3666 2731 3736 2768 sa-

2139 2793 2344 2850 lutem.

2205 2887 2391 2940 CAPUT
2410 2900 2449 2938 ι.
2486 2915 2549 2924 -
2581 2883 2895 2952 LGaudeo,
2916 2890 3118 2941 sancte
3145 2887 3344 2955 frater,
3362 2889 3505 2960 quod
3532 2889 3581 2943 in
3602 2889 3738 2943 corde

2132 2978 2232 3028 tuo
2259 2974 2498 3028 ﬂamma
2521 2972 2936 3044 caritatis,quae
2962 2991 3064 3046 per
3081 2977 3370 3047 Spiritum
3395 2986 3638 3034 sanctum
3662 2979 3742 3032 dif-

2131 3060 2619 3133 funditur,gratia
2642 3062 2891 3117 subinde
2916 3073 3218 3121 crescente
3250 3069 3528 3122 nutritur:
3553 3086 3661 3138 quae
3681 3070 3741 3124 fa-

2131 3152 2208 3208 cit
2240 3153 2296 3206 in
2330 3153 2418 3207 his
2443 3169 2569 3223 quae
2593 3153 2865 3207 videntur
2887 3153 3183 3226 plerisque
3206 3159 3386 3213 dubia
3411 3160 3739 3214 manifestum

2127 3243 2344 3314 aliquid
2393 3243 2463 3297 de
2496 3241 2708 3298 litteris
2749 3259 3098 3316 agnoscere;
3141 3263 3213 3302 ne
3247 3249 3385 3302 dum
3433 3249 3738 3321 ambiguitas

2122 3334 2371 3389 habetur
2401 3333 2457 3388 in
2493 3334 2617 3403 ipso
2652 3338 3027 3390 sacramento
3063 3336 3303 3404 salutis,
3340 3343 3564 3409 putetur
3590 3339 3637 3393 in
3659 3355 3740 3393 va-

2121 3439 2296 3479 cuum
2329 3421 2703 3477 credentibus
2736 3422 2858 3477 dari
2894 3425 3086 3494 gratia
3127 3427 3468 3483 Salvatoris.

2190 3512 2242 3564 2.
2272 3510 2423 3566 Dicis
2447 3510 2665 3582 itaque,
2693 3509 2847 3581 quod
2872 3512 3137 3584 religiosi
3161 3517 3448 3587 cujusdam
3471 3517 3573 3573 viri
3591 3519 3739 3589 famu-

2119 3602 2224 3669 lus,
2255 3606 2413 3655 relate
2442 3599 2777 3670 adolescens,
2815 3602 2994 3657 colore
3023 3604 3304 3677 Αῖιήἰορε,
3336 3607 3659 3662 dominorum
3684 3608 3735 3676 ﬁ-

2117 3692 2325 3747 delium
2340 3689 2634 3760 diligentia
2649 3693 3006 3748 sacramentis
3019 3695 3413 3752 ecclesiasticis
3432 3698 3729 3760 imbuendus,

2115 3783 2290 3850 fuerit
2315 3781 2385 3836 ad
2414 3783 2696 3838 ecclesiam
2714 3785 2978 3853 traditus,
3003 3792 3054 3840 et
3079 3804 3155 3842 ea:
3179 3805 3337 3843 more
3356 3789 3730 3844 catechumenus

2114 3872 2316 3941 factus.
2348 3871 2473 3926 Post
2503 3871 2852 3942 aliquantum
2883 3873 3258 3932 nihilominus
3289 3883 3515 3948 tempus,
3537 3875 3730 3946 prepin-

2116 3963 2320 4031 quante
2337 3961 2679 4016 solemnitate
2691 3962 2960 4036 paschali,
2987 3965 3138 4022 inter
3157 3974 3522 4039 competentes
3539 3967 3731 4030 oblatus,

2111 4049 2224 4106 seri
2228 4049 2516 4121 ptus,erud
2521 4053 2625 4104 itus
2636 4053 2905 4117 ,universa
2918 4070 3135 4126 quoque
3149 4058 3441 4127 religionis
3454 4057 3737 4117 Christiane

2114 4139 2425 4193 veneranda
2455 4141 2718 4210 mysteria
2749 4156 3069 4212 cognoscens
3092 4155 3261 4218 atque
3279 4152 3603 4222 percipiens,
3625 4149 3734 4204 cele-

2116 4227 2267 4283 brato
2293 4227 2525 4282 solemni
2553 4231 2842 4298 scrutinio,
2865 4248 2962 4302 per
2981 4237 3360 4293 exorcismum
3379 4243 3555 4294 contra
3579 4237 3731 4292 diabo-

2117 4317 2228 4371 lum
2265 4315 2436 4386 fuerit
2475 4318 2810 4387 vindicatus;
2843 4320 2937 4375 cui
2965 4339 3021 4376 se
3051 4330 3395 4383 renuntiare
3439 4332 3736 4387 constanter.

2112 4404 2256 4460 sicut
2287 4405 2538 4460 Ecclesia:
2575 4407 3093 4479 [Carthaginensis,
3122 4415 3179 4468 in
3205 4418 3480 4488 quajam,
3511 4419 3610 4472 Deo
3632 4430 3733 4487 pro-

2118 4493 2568 4564 pitio,diaconus
2586 4494 2841 4567 militas],
2854 4501 3188 4558 consuetudo
3201 4506 3738 4574 poscebat,auditurus

425 4575 477 4628 4.
511 4582 832 4647 Postremo,
861 4594 967 4632 cur
988 4595 1100 4633 non
1127 4579 1302 4634 etiam
1327 4586 1594 4636 mortuos
1617 4582 1999 4654 baptizemus,
2035 4588 2078 4653 D
2111 4584 2428 4656 Symbolum
2447 4585 2624 4654 fuerit
2650 4594 2946 4657 pro/assus.
2975 4596 3108 4648 Jam
3143 4597 3384 4667 insuper
3405 4600 3576 4653 sancti
3598 4597 3735 4667 Sym-

355 4678 502 4732 quos
520 4680 683 4718 sacro
701 4665 1056 4736 baptismate
1070 4667 1368 4738 repentina
1389 4685 1544 4740 stupe
1565 4687 1721 4728 mors
1735 4673 1999 4743 abstulit,

356 4752 454 4805 sed
491 4767 691 4806 eorum
725 4761 917 4808 tamen
945 4754 1237 4823 voluntas,
1274 4756 1583 4829 fidelisque
1607 4760 1833 4818 devotio
1869 4770 2003 4819 nota

352 4839 628 4894 omnibus
685 4841 832 4896 fuit?
861 4843 962 4896 Cui
986 4843 1124 4897 talia
1157 4847 1534 4916 respondenti
1567 4849 1616 4904 si
1649 4866 1999 4908 consensum

357 4931 940 4999 praeberctentavero,
962 4947 1174 5002 magna
1196 4932 1348 4989 illico
1364 4937 1998 5010 sequiturabsurditas;

355 5023 689 5090 utputetur,
708 5018 825 5073 illis
843 5023 1074 5074 tantum
1092 5021 1386 5094 mysteriis
1406 5025 2004 5086 sufﬁcientibusetsa-

347 5112 528 5164 lutem
546 5109 778 5181 plenam
795 5109 1471 5182 conferentibus,aquam
1485 5115 1660 5168 fontis
1673 5120 1871 5172 aeterni
1887 5136 1997 5174 non

345 5201 775 5255 renasciturum
810 5199 1136 5272 suscipere,
1161 5200 1263 5256 sed
1293 5206 1582 5256 renatum.
1610 5203 1786 5261 Video
1809 5205 1863 5260 in
1892 5217 2000 5264 hoc

339 5289 586 5344 articulo
602 5306 771 5362 posse
787 5289 1054 5346 usitatam
1066 5305 1359 5344 canonum
1377 5291 1622 5362 proponi
1639 5295 1995 5365 sententiam,

342 5395 469 5447 quae
486 5377 1003 5449 inlirmosjubet,si
1031 5395 1134 5450 pro
1153 5395 1214 5434 se
1237 5380 1589 5449 respondere
1606 5398 1717 5436 non
1743 5383 1994 5455 valeant,

343 5466 441 5518 sed
458 5482 657 5520 eorum
675 5467 956 5521 voluntati
973 5467 1370 5522 testimonium
1388 5469 1478 5522 sui
1498 5471 1728 5541 proprio
1745 5473 1998 5542 periculo

344 5552 617 5621 dixerint,
654 5554 952 5626 baptizari.
982 5555 1102 5610 Sub
1125 5574 1242 5628 qua
1268 5557 1614 5614 deﬁnitione
1641 5562 1828 5633 magis
1850 5565 2000 5620 arbi-

340 5649 458 5697 tror
483 5643 624 5713 quid
657 5643 916 5699 Ecclesia
948 5644 1135 5701 facere
1168 5645 1375 5701 debeat
1408 5647 1779 5718 imperatum,
1807 5668 1986 5725 quam

335 5732 474 5804 quid
506 5733 603 5789 ille
624 5733 906 5803 percipiat
940 5733 1280 5790 indicatum.
1329 5735 1609 5794 Videlicet
1635 5741 1694 5794 ut
1717 5740 1998 5802 minister

2114 4674 2225 4729 ὀπί
2254 4676 2414 4730 verba
2447 4674 2767 4731 memoriter
2798 4676 2854 4732 in
2887 4691 3179 4752 conspectu
3212 4685 3400 4754 ﬁdelis
3423 4687 3603 4760 populi
3615 4688 3739 4742 clara

2111 4779 2239 4820 voce
2264 4764 2654 4836 pronuntians,
2707 4768 2857 4837 piam
2890 4771 3138 4840 regulam
3175 4774 3481 4834 dominicae
3508 4773 3739 4832 orationis

2112 4856 2335 4924 accepit.
2373 4853 2480 4921 Qui
2503 4855 2669 4910 simul
2675 4858 2823 4927 jam,
2844 4867 2896 4913 et
2913 4859 3045 4929 quid
3063 4863 3337 4933 crederet,
3369 4867 3570 4938 etquid
3588 4867 3741 4922 oraret

2111 4942 2451 5012 intelligens,
2484 4949 2678 5015 futuro
2711 4947 3032 5017 baptismati
3058 4954 3400 5022 parabatur.
3448 4958 3604 5025 Quem
3631 4952 3742 5008 dicis

2110 5035 2365 5091 violentis
2385 5036 2636 5106 febribus
2660 5039 2714 5090 in
2725 5054 2931 5107 vasum,
2951 5045 3000 5095 el
3017 5055 3299 5103 crescente
3325 5046 3520 5118 let/tali
3545 5042 3744 5116 inﬁrmi-

2112 5127 2218 5179 lale
2246 5127 2550 5181 turbatum.
2584 5127 2793 5197 Adjicis
2815 5141 2998 5184 autem
3025 5133 3169 5202 quod
3190 5139 3536 5204 persuaserit
3559 5136 3741 5190 dierum

2114 5212 2345 5268 brevitas
2379 5218 2435 5269 ut
2465 5215 2534 5269 ad
2562 5218 2767 5286 fontem
2797 5234 2920 5273 cum
2951 5224 3171 5276 (veteris
3195 5224 3516 5282 abluendus
3536 5226 3746 5298 diﬂcrre-

2109 5305 2223 5371 tur,
2254 5303 2368 5357 sive
2399 5305 2575 5371 potius
2596 5311 2925 5362 servaretur.
2964 5309 3104 5364 Dicis
3141 5328 3362 5385 quoque
3390 5315 3746 5370 advem'sseho-

2111 5406 2234 5444 ram
2262 5399 2586 5463 exoptatam
2615 5395 2845 5463 cunctis,
2881 5398 2936 5451 in
2969 5415 3072 5468 qua
3096 5402 3364 5472 populus
3397 5401 3743 5477 acquisitioni:

2113 5478 2571 5561 Redemptorisuo
2588 5500 2684 5552 per
2699 5485 3036 5555 baptismum
3049 5493 3421 5561 consepultus
3445 5498 3609 5548 vitam
3634 5499 3745 5546 vetc-

2111 5585 2224 5622 γυνη
2243 5570 2534 5639 deponeret
2543 5581 2611 5636 ,et
2625 5589 2824 5628 novam
2845 5577 3218 5632 resurrectio»
3228 5582 3275 5634 is
3294 5581 3462 5652 ﬁdem
3485 5586 3744 5638 innovatus

2108 5665 2431 5714 assumeret.
2458 5661 2600 5714 Tunc
2620 5661 2744 5730 ille,
2770 5668 2831 5718 ut
2859 5665 2967 5734 ais,
3000 5665 3061 5720 in
3081 5671 3349 5726 extremo
3382 5672 3560 5728 halitu
3577 5671 3744 5728 consti-

2109 5751 2279 5817 tutus,
2311 5749 2432 5805 sine
2470 5765 2612 5823 voce,
2645 5753 2765 5809 sine
2793 5762 2961 5827 motu,
3006 5756 3125 5812 sine
3154 5773 3351 5833 sensu,
3403 5762 3548 5822 nihil
3591 5760 3744 5818 valens
