3900 6214
47 284 134 343 “3
1483 269 1872 332 EPISTOLA
1913 271 2080 334 XIV.

3336 280 3456 340 4H

47 417 237 488 estipse
254 414 358 486 qui
388 417 574 470 Pater
586 417 700 470 aut
721 411 924 484 Filius)
941 407 1436 479 ostenditaliquid
1469 423 1503 462 a
1523 406 1694 462 Patre
1724 407 1778 474 Α
1807 405 2182 478 utiquesicin
2203 411 2427 467 unitate
2443 429 2706 484 personae
2719 431 2837 470 suae
2853 417 3124 469 naturam
3142 416 3456 483 utramque

51 515 93 561 et
118 505 245 562 Filio
276 509 336 560 et
383 503 631 575 Spiritu
693 507 897 558 sancto
947 501 1187 566 factum,
1233 497 1390 569 quod
1438 501 1634 551 tamen
1665 512 1700 552 a

56 596 154 650 solo
179 592 523 650 inveniatur
562 596 900 664 acceptum.

105 686 184 740 ‘23.
213 684 402 753 Cujus
431 681 788 752 exemplum
821 679 900 735 rei
949 679 1008 733 in
1040 675 1328 734 creaturis
1360 691 1472 730 non
1509 676 1700 746 potest

64 773 304 839 inveniri;
337 771 489 844 quia
519 774 772 841 excepta
802 767 1105 831 Trinitate,
1140 783 1270 838 quae
1305 781 1455 820 unus
1485 772 1574 818 est
1604 779 1702 818 na-

69 864 294 920 turaliter
313 877 496 916 verus
515 860 702 927 Deus,
731 857 896 913 nulla
916 861 1128 912 natura
1148 861 1238 911 est
1255 871 1385 928 qua:
1417 854 1475 908 in
1498 869 1560 908 se
1582 858 1700 908 tres

75 951 460 1026 iuseparabiles
493 949 691 1022 possit
720 948 935 1004 habere
975 962 1276 1020 personas.
1309 945 1456 1009 Quia
1486 960 1616 998 vero
1640 943 1699 998 in

78 1059 400 1114 unoquoque
421 1039 671 1095 homine
693 1037 1028 1092 invenimus
1050 1050 1288 1091 carnem
1306 1051 1421 1090 non
1441 1034 1549 1088 hoc
1571 1047 1700 1088 esse

21 1183 24 1188 .
75 1135 194 1204 quod
226 1132 519 1198 animam,
573 1142 680 1182 nec
713 1131 1024 1197 utramque
1071 1125 1250 1180 unius
1297 1138 1426 1179 esse
1454 1125 1699 1187 naturai,

14 1231 18 1250 δ
61 1219 310 1292 quamvis
341 1235 414 1274 ex
445 1223 704 1288 utraque
727 1215 1063 1287 perﬁciatur
1091 1218 1150 1269 et
1178 1215 1409 1268 constet
1438 1211 1702 1266 humana

48 1317 280 1375 natura;
305 1325 440 1380 qua
465 1311 666 1362 tamen
693 1305 751 1360 in
782 1319 1138 1375 unoquoque
1162 1301 1401 1357 homine
1425 1299 1704 1356 unamin-

42 1399 350 1454 veniuntur
373 1397 595 1452 habere
617 1409 931 1466 personam
951 1410 964 1446 :
981 1391 1223 1464 proinde
1241 1391 1444 1446 inistis
1467 1390 1700 1445 duabus

44 1489 258 1543 naturis
289 1503 450 1558 quas
477 1500 658 1540 unam
695 1497 1010 1555 personam
1029 1481 1243 1536 habere
1263 1484 1698 1551 cognoscimus,

41 1577 226 1633 simile
245 1577 476 1647 aliquid
503 1575 905 1646 inquirsmus;
932 1575 996 1626 ut
1024 1587 1155 1626 cum
1181 1569 1276 1625 hic
1299 1567 1700 1624 invenerimus

40 1666 384 1738 aliquidﬁeri
399 1661 938 1732 animascarnisque
949 1655 1611 1730 communiopere,quod
1625 1661 1703 1711 ta-

1809 497 2117 567 conjunxit
2146 499 2620 558 insolubilitaret
2652 503 2944 573 univit,ut
2973 505 3032 558 in
3059 520 3178 558 una
3209 519 3458 574 persona

1812 585 2106 660 Uuigeniti
2134 592 2254 659 Dei,
2287 609 2392 650 nec
2423 595 2700 650 divinitas
2728 596 2800 650 ab
2833 597 3452 662 humanitatesua,neo

1808 677 2148 736 humanitas
2172 700 2204 737 a
2225 700 2332 740 sua
2354 685 2854 756 possitdivinitate
2871 686 3458 758 sejungiJndissolu-

1811 767 1944 823 bilis
1974 771 2190 843 quippe
2219 775 2366 829 facta
2387 779 2476 829 est
2508 775 2668 831 Verbi
2696 781 2753 832 et
2781 777 2973 831 carnis
2997 775 3449 846 unitio,quando

1807 857 2062 914 Verbum
2099 863 2316 918 factum
2349 871 2430 918 est
2465 881 2595 920 caro
2628 883 2639 919 :
2671 867 2728 920 in
2752 881 2866 936 quo
2897 867 2981 921 sic
3012 866 3229 919 mansit
3251 880 3452 935 perso-

1809 947 1961 1004 nalis
1994 949 2208 1019 unitas,
2239 959 2304 1007 ut
2335 959 2529 1009 tamen
2575 956 2857 1010 naturalis
2884 971 2988 1010 nec
3037 955 3212 1009 dividi
3247 954 3449 1024 possit,

1809 1049 1916 1089 nec
1946 1038 2226 1092 confundi
2259 1041 2605 1110 proprietas.
2631 1042 2871 1097 Proinde
2890 1043 2974 1097 sic
3005 1043 3064 1096 in
3087 1059 3200 1097 uno
3223 1042 3450 1097 Christo

1809 1126 2151 1180 communia
2182 1134 2404 1184 naturae
2429 1131 2739 1202 utriusque
2758 1131 3141 1186 inveniuntur
3166 1131 3456 1196 ofﬁcia,ut

1813 1229 1944 1268 cum
1969 1229 2080 1268 non
2097 1215 2392 1272 dividatur
2411 1220 2466 1272 in
2484 1219 2798 1274 virtutibus
2817 1225 2992 1292 atque
3007 1221 3453 1275 inﬁrmitatibus

1811 1301 2101 1374 Christus,
2130 1304 2211 1360 sit
2251 1310 2444 1362 tamen
2494 1308 2718 1380 aliquid
2766 1310 2921 1382 quod
2971 1309 3027 1363 in
3079 1326 3197 1365 uno
3229 1313 3448 1364 naturas

1810 1393 2119 1464 utriusque
2132 1411 2304 1466 opere
2321 1414 2432 1452 non
2449 1399 2758 1454 sitnaturae
2783 1399 3090 1470 utriusque
3115 1413 3452 1455 commune.

1879 1482 1969 1536 24.
2004 1482 2148 1537 Nam
2185 1491 2248 1539 ut
2288 1487 2358 1541 de
2389 1486 2489 1540 illo
2523 1487 2799 1542 ineffabili
2847 1493 3129 1559 conceptu
3165 1493 3452 1560 partuque

1811 1586 1969 1625 nunc
2001 1582 2248 1640 taceam,
2283 1592 2397 1645 quo
2430 1577 2513 1631 sic
2543 1583 2793 1633 aeternus
2827 1578 3227 1650 temporaliter
3257 1594 3456 1633 conce-

1807 1664 3006 1737 ptusetnatusestDeus,uttameninipsa
3036 1667 3452 1722 communione

45 1749 1224 1818 menautadsoliusanimaa,autadsolius
1239 1747 1704 1808 carnisinvenia-
1733 1769 1780 1836 Β
1813 1758 2128 1822 conceptus
2151 1758 2471 1823 partusque
2488 1753 3119 1824 virginei,soliusesset
3149 1756 3450 1826 proprium

43 1851 130 1900 tur
141 1845 438 1916 pertinere
450 1840 1018 1909 substantiam;inde
1031 1839 1500 1910 conjiciamus,et
1513 1854 1700 1910 quan-

42 1939 152 1990 tum
175 1936 307 2005 ipsa
339 1931 834 1990 tribuit'l‘rinitas
867 1929 1290 1999 intelligamus,
1316 1928 1578 1998 potuisse
1601 1927 1703 1983 ali-

44 2025 167 2096 quid
186 2025 258 2079 ab
275 2023 509 2079 eisdem
528 2021 720 2076 tribus
737 2019 1004 2090 personis
1033 2036 1146 2074 uno
1163 2019 1341 2074 simul
1365 2034 1538 2090 Opere
1551 2017 1699 2082 fieri,

45 2114 188 2184 quod
201 2117 288 2169 sic
307 2118 435 2168 tota
450 2113 694 2183 quidem
710 2109 968 2166 Trinatis
981 2108 1313 2179 iuseparabi
1325 2107 1452 2164 liter
1465 2108 1698 2176 faceret,

52 2205 189 2258 atad
205 2219 391 2257 unam
404 2217 474 2256 ex
497 2200 783 2256 Trinitate
796 2215 1100 2272 personam
1133 2197 1280 2253 illud
1301 2197 1457 2270 quod
1483 2198 1700 2254 factum

50 2301 124 2347 est
153 2290 743 2364 pertineret.Nempe
763 2289 996 2357 quando
1027 2287 1186 2343 cibos
1217 2288 1702 2354 sumimus,carni

53 2384 242 2454 utique
270 2387 332 2438 et
363 2398 482 2436 non
504 2380 716 2434 animae
740 2378 1134 2450 providemus;
1167 2381 1224 2434 et
1253 2377 1312 2432 in
1343 2377 1474 2448 ipsa
1503 2383 1701 2434 tamen

55 2472 386 2542 acceptione
414 2469 687 2524 ciborum
723 2483 842 2538 qua
872 2465 1000 2521 sola
1028 2481 1160 2522 caro
1183 2467 1470 2538 pascitur,
1505 2467 1704 2520 anima

57 2575 173 2614 cum
205 2574 388 2615 carne
411 2557 639 2629 pariter
666 2559 957 2626 operatur,
991 2557 1133 2626 quia
1161 2571 1295 2610 curo
1325 2555 1453 2610 sine
1482 2555 1700 2624 anima,

60 2650 198 2704 sicut
233 2665 350 2705 non
385 2646 548 2711 vivit,
577 2646 658 2701 ita
690 2661 798 2700 nec
827 2645 1096 2702 comedit.
1128 2645 1292 2712 Ecce,
1329 2650 1388 2700 ut
1419 2645 1542 2701 sola
1570 2663 1701 2702 caro

58 2739 290 2810 accipiat
307 2738 539 2804 cibum,
564 2733 746 2790 simul
776 2739 833 2790 et
863 2735 1057 2789 carnis
1087 2739 1144 2788 et
1172 2735 1381 2790 animas
1414 2751 1599 2794 unum
1620 2736 1705 2792 in-

61 2825 562 2882 veniturofticium
601 2841 614 2879 :
649 2829 706 2878 et
738 2823 890 2894 quod
913 2823 1263 2894 praprietate
1296 2822 1544 2878 naturali
1569 2840 1701 2880 caro

67 2918 263 2988 accipit
289 2915 436 2984 sola,
465 2931 566 2987 per
580 2913 862 2968 unitatem
890 2929 1149 2984 personae
1175 2912 1352 2969 simul
1371 2929 1503 2968 cum
1529 2929 1702 2970 carne

67 3012 330 3076 aperiatur
359 3011 419 3059 et
449 3005 666 3059 anima.
701 3003 1048 3057 Communis
1079 3008 1168 3058 est
1195 3003 1388 3072 itaque
1418 3004 1700 3074 operatio,

1814 1841 2167 1897 naturaliter
2187 1842 2382 1897 carnis
2407 1843 2708 1899 initialiter
2721 1844 2791 1900 de
2818 1860 2989 1899 carne
3008 1845 3316 1900 Genitricis
3340 1844 3456 1898 exi-

1812 1936 1982 2000 stere,
2008 1933 2064 1987 in
2085 1933 2348 1988 membra
2380 1932 2641 2000 formari,
2667 1940 2724 1988 et
2745 1949 2932 2004 usque
2951 1934 3024 1989 ad
3051 1935 3448 1989 maturitatem

1812 2026 2015 2093 partus
2039 2037 2312 2092 processu
2335 2022 2613 2094 temporis
2635 2024 2942 2094 cperisque
2974 2022 3453 2093 perduci,deinde

1813 2112 2232 2169 decedentibus
2245 2129 2310 2168 ac
2335 2114 2784 2169 succedentibus
2814 2116 3088 2170 aetatibus
3115 2124 3452 2184 crescere,et

1811 2202 1882 2256 ad
1903 2203 2216 2272 perfectum
2237 2203 2564 2272 juventutis
2589 2205 2827 2258 modum
2849 2209 3230 2276 suotempore
3254 2220 3450 2273 pervc-

1811 2291 1956 2360 nire;
1977 2292 2117 2363 quid
2139 2292 2403 2347 dicemus
2427 2293 2497 2348 de
2515 2291 2633 2348 illis
2651 2293 2922 2364 deinceps
2953 2293 3227 2366 operibus
3247 2298 3304 2348 et
3325 2309 3452 2365 pas-

1811 2381 2440 2454 sionibus,cuminillo
2473 2384 2876 2456 essetquidem
2911 2383 3322 2452 inseparabilis
3345 2401 3452 2439 na-

1810 2472 2081 2528 turaliter
2108 2489 2244 2526 vera
2273 2488 2429 2542 caro,
2461 2489 2596 2528 vera
2628 2473 2928 2529 ralionulis
2954 2475 3173 2538 anima,
3205 2489 3451 2542 veraque

1811 2560 2120 2616 divinitas?
2146 2561 2554 2616 Verumtamen
2577 2562 2660 2616 sic
2681 2579 2747 2617 ea
2779 2579 2906 2634 quis
2931 2563 3216 2617 naturalis
3233 2562 3451 2618 veritas

1810 2651 2038 2718 habuit,
2074 2654 2176 2704 aut
2206 2650 2326 2720 pati
2354 2649 2716 2721 dignaretur,
2751 2656 2852 2706 aut
2883 2653 3089 2721 facere,
3115 2655 3179 2706 ut
3208 2657 3264 2706 et
3294 2655 3454 2708 totus

1811 2741 2078 2797 Christus
2103 2740 2158 2794 in
2190 2741 2461 2810 passione
2474 2739 2558 2794 vel
2581 2756 2752 2811 opere
2785 2744 3205 2810 permansisset
3225 2741 3453 2812 insepa-

1814 2831 2040 2899 rabilis,
2058 2830 2287 2901 etquod
2307 2828 2632 2902 personalis
2655 2831 2847 2886 unitas
2861 2847 3174 2886 commune
3191 2829 3454 2886 divinita-

1814 2922 1891 2977 tis
1913 2925 2086 2991 atque
2119 2920 2498 2975 humanitatis
2528 2921 2879 2987 ostenderet,
2913 2919 3020 2976 hoc
3063 2927 3256 2975 tamen
3291 2920 3348 2974 in
3400 2937 3463 2976 se

1813 3010 2240 3067 idemChristus
2258 3015 2394 3065 natu
2406 3027 2478 3064 ra:
2495 3011 2963 3081 uniuscujusque
2979 3009 3276 3080 proprium
3297 3013 3462 3063 natu-

68 3095 147 3149 sed
181 3112 300 3150 non
331 3100 424 3150 est
458 3092 795 3148 communis
827 3091 1086 3163 δοοθριὶο
1113 3109 1126 3146 2
1162 3108 1267 3148 nec
1296 3094 1700 3148 comede!!th
1740 3127 1784 3194 ο
1823 3101 1928 3156 rali
1959 3101 2200 3154 veritate
2232 3105 2602 3156 monstraret.
2637 3099 2973 3171 Suscipiens
3005 3099 3219 3170 quippe
3250 3103 3460 3153 nostras

69 3198 282 3240 carnem
318 3182 599 3239 animuin
623 3197 794 3252 opere
808 3181 1023 3236 deserit
1043 3197 1055 3235 :
1076 3198 1205 3252 quae
1235 3186 1432 3237 tamen
1465 3183 1551 3237 sic
1573 3199 1708 3255 cpe-

71 3273 293 3330 rationis
323 3291 448 3329 suae
483 3289 620 3327 cum
651 3287 830 3326 carne
864 3271 1073 3326 miscet
1105 3271 1388 3339 ofﬁcium,
1423 3279 1482 3326 ut
1505 3273 1709 3328 eadem

75 3362 476 3417 communione
502 3359 698 3431 operis
729 3359 855 3414 sola
877 3375 1012 3413 caro
1035 3358 1284 3430 accipiat
1312 3359 1488 3414 vitale
1515 3360 1710 3415 subsi-

71 3450 232 3506 dium.
263 3451 406 3506 Tale
429 3448 651 3520 aliquid
688 3447 988 3504 invenitur
1021 3447 1076 3501 in
1102 3448 1304 3502 eadem
1339 3449 1562 3504 unitate
1579 3465 1712 3520 per-

69 3555 199 3595 sonae
233 3541 362 3611 ipsa
393 3555 631 3610 quoque
660 3536 924 3592 hominis
958 3537 1072 3592 sibi
1102 3537 1302 3592 anima
1333 3537 1709 3607 vindieare,si

21 3665 24 3672 -
69 3631 283 3699 quando
328 3629 727 3684 intentionem
782 3626 977 3682 cordis
1009 3625 1195 3682 ofﬁcio
1227 3627 1440 3683 divinas
1469 3628 1712 3694 deputat

70 3718 449 3792 lectionis(a),
473 3735 590 3790 qua
620 3716 824 3790 procul
852 3717 1031 3772 dubio
1063 3734 1178 3772 non
1211 3719 1588 3785 exterior,sed
1614 3719 1706 3774 in-

69 3812 226 3866 terior
257 3811 437 3866 homo
463 3809 745 3880 pascitur,
761 3813 819 3862 et
834 3807 1187 3880 plerumque
1202 3825 1513 3864 JEJUNAN'I'E
1537 3826 1710 3866 carne

15 3951 18 3954 .
73 3901 249 3972 magis
278 3900 483 3955 anima
512 3897 840 3970 saginatur.
875 3897 1078 3952 Nonne
1108 3903 1172 3952 ut
1202 3899 1397 3953 anima
1429 3899 1619 3970 capiat
1642 3914 1710 3954 ex

71 3985 300 4045 lectione
325 3989 550 4053 cibum,
580 3987 760 4040 etiam
780 3985 1170 4056 corporalium
1194 4003 1340 4042 mem
1354 3987 1586 4043 brorum
1605 3988 1707 4042 ad-

71 4079 262 4133 miscet
291 4074 592 4133 ofﬁcium?
614 4073 1152 4146 Legere(b)quippe
1184 4091 1298 4129 non
1332 4081 1520 4145 potest
1551 4075 1705 4132 248

73 4168 160 4220 nisi
180 4165 501 4236 peroculos
521 4165 806 4236 corporis;
823 4164 978 4234 quod
998 4168 1192 4218 tamen
1214 4179 1348 4218 cum
1379 4165 1705 4220 oculiscor-

73 4259 208 4321 poris
235 4257 398 4327 legit,
422 4253 606 4309 oculis
620 4253 816 4309 cordis
831 4251 1215 4325 intellegitfc);
1232 4269 1298 4308 ac
1323 4269 1426 4324 per
1446 4253 1552 4309 hoc
1569 4271 1704 4311 cum

73 4357 224 4400 carne
243 4344 424 4400 simul
445 4348 726 4416 operatur
753 4347 811 4398 et
841 4343 1034 4396 anima
1069 4345 1221 4398 unde
1247 4341 1374 4398 sola
1408 4349 1701 4414 pascatur,

74 4439 104 4486 et
134 4434 265 4490 sola
293 4435 352 4489 in
383 4451 445 4489 se
475 4433 688 4505 accipit
718 4433 874 4503 quod
904 4449 1020 4487 non
1069 4431 1196 4486 sola
1225 4431 1381 4487 facit.
1402 4433 1542 4488 Ecce
1575 4434 1700 4488 duae

79 4531 276 4579 natura
292 4529 530 4596 propter
551 4539 730 4578 unam
751 4535 1059 4592 personam
1085 4520 1702 4593 inseparabiliterope-

80 4614 393 4680 natumsed
415 4617 653 4685 propter
665 4627 804 4668 suas
821 4611 1215 4683 proprietates
1228 4628 1343 4666 una
1360 4611 1522 4683 pleru
1535 4627 1705 4684 mque

83 4702 440 4774 teeipitquod
456 4718 567 4757 non
585 4702 714 4756 sola
733 4701 888 4767 facit,
913 4703 1030 4756 imo
1045 4699 1202 4772 quod
1214 4701 1342 4756 sine
1369 4700 1552 4756 altera
1569 4700 1704 4756 nul-

84 4783 288 4847 interius
303 4791 534 4847 facit.Et
550 4791 819 4861 quamvis
835 4791 940 4845 hoc
954 4792 1024 4845 ad
1038 4789 1330 4861 integram
1353 4789 1705 4862 cognitionis

87 4872 266 4936 1issam
285 4880 531 4936 omnino
549 4877 829 4945 sulficiat,
851 4879 1243 4950 utexeoquod
1263 4879 1357 4934 hic
1389 4879 1447 4934 in
1472 4880 1704 4936 duabus

89 4971 276 5026 naturis
306 4976 366 5026 et
395 4987 515 5025 una
545 4985 800 5041 persona
829 4969 1117 5039 videmus,
1153 4970 1224 5024 ad
1245 4969 1479 5025 illarum
1504 4970 1561 5025 in
1587 4987 1706 5026 una

91 5065 261 5112 natura
295 5058 475 5113 trium
513 5074 894 5129 personarum
923 5057 1398 5131 intelligentiam,
1420 5064 1702 5130 quantam

91 5139 186 5213 ipsa
211 5149 470 5206 Trinitas
500 5148 782 5220 dignatur
811 5148 1088 5218 tribuere,
1121 5150 1705 5206 conscendamus:ta-

95 5244 192 5292 mea
210 5239 382 5294 etiam
407 5238 464 5292 in
491 5238 622 5309 ipso
639 5237 1021 5310 Redemptore
1049 5243 1249 5294 nostro
1281 5238 1462 5309 hujus
1477 5241 1554 5294 rei
1581 5258 1704 5296 ma-

88 5325 261 5384 nifesta
289 5327 459 5384 nobis
474 5331 659 5398 atque
691 5325 1024 5384 indubitata
1041 5329 1321 5401 probetur
1343 5330 1702 5400 agnitio.Qui

89 5473 201 5598 (ἐξ)
231 5469 334 5556 Ms.
377 5470 557 5536 Thu.,
613 5469 913 5528 intentione
958 5472 1143 5530 cordis
1191 5471 1401 5530 divina
1429 5472 1704 5531 decumbit

185 5559 298 5598 om.

375 5611 556 5687 Thu.,
588 5610 739 5684 Legi.

1738 4486 1786 4552 D

1823 3192 1878 3247 in
1891 3189 2182 3245 firmitatis
2204 3189 2453 3244 esuriem
2466 3230 2479 3252 ,
2493 3188 2652 3244 illam
2675 3189 2881 3243 famem
2896 3204 3062 3242 suam
3079 3193 3236 3242 totus
3258 3203 3461 3257 cpera-

1816 3286 1912 3336 tus
1930 3285 2019 3335 est
2039 3280 2332 3348 Christus,
2355 3285 2410 3334 et
2428 3284 2488 3334 ut
2511 3279 2708 3334 cibum
2732 3295 2797 3333 su
2809 3282 3170 3346 meret,totus
3191 3277 3461 3334 Christus

1818 3369 2092 3428 similiter
2125 3371 2262 3424 fecit
2292 3387 2304 3424 :
2351 3367 2700 3424 naturaliter
2745 3372 2942 3423 tamen
2989 3368 3138 3423 sicut
3172 3367 3299 3424 sola
3329 3384 3463 3423 caro

1818 3461 2071 3515 esuriem
2107 3457 2362 3528 pertulit,
2399 3459 2479 3513 ita
2511 3457 2636 3513 sola
2680 3473 2812 3512 caro
2845 3456 3043 3513 cibum
3075 3473 3246 3529 opere
3281 3457 3462 3513 totius

1817 3547 2032 3604 Christi
2064 3546 2424 3601 comedentis
2455 3547 2550 3618 (al.
2587 3545 3030 3617 comedendum)
3053 3545 3463 3618 accepit.Fati-

1816 3637 1984 3704 gatus
2015 3632 2086 3686 ab
2119 3632 2304 3686 tinere
2332 3631 2472 3686 Jesu
2505 3632 2654 3686 sedit
2685 3647 2863 3702 super
2906 3636 3146 3700 puteum
3176 3633 3350 3703 (Joun.
3385 3649 3463 3701 Iv,

1814 3723 1899 3794 6):
1927 3722 2086 3778 illam
2110 3737 2244 3777 vero
2280 3720 2677 3793 fatigationem
2699 3719 2976 3775 divinitas
2997 3723 3215 3776 sentire
3235 3739 3348 3778 non
3371 3739 3468 3795 po-

1817 3812 1950 3875 tuit;
1966 3813 2064 3868 sed
2096 3827 2282 3884 neque
2301 3811 2626 3868 secundum
2645 3809 2904 3866 animam
2923 3809 3217 3866 ullatenus
3234 3829 3358 3867 eam
3376 3812 3464 3868 fa-

1816 3902 2159 3974 tigationem
2184 3904 2441 3958 sensisse
2463 3903 2670 3958 dicend
2684 3920 2749 3958 us
2764 3907 2854 3958 est
2870 3901 3312 3960 Christus.Illud
3327 3918 3466 3974 ergo

1815 3992 1967 4061 quod
2001 3992 2172 4057 sedit,
2216 3993 2286 4047 ad
2321 3993 2503 4049 solam
2537 3995 2912 4051 refectionem
2957 3993 3241 4066 pertinuit
3270 3992 3463 4048 carnis

1815 4081 2516 4155 naturaliterfatigatzsﬁn
2535 4102 2646 4154 qua
2662 4090 2854 4141 tamen
2874 4085 3187 4140 refectione
3204 4098 3468 4138 commu-

1816 4173 1908 4226 nis
1924 4171 2032 4226 fuit
2049 4174 2308 4244 operatio
2323 4174 2558 4229 deitatis
2573 4175 2938 4230 etanimaeJn
2957 4173 3084 4244 ipso
3098 4173 3464 4226 deindetem-

1815 4261 2693 4334 poreipassionisetmortis,quis
2709 4264 2766 4317 in
2783 4281 2898 4317 uno
2911 4260 3464 4332 eodemqueChristo

1813 4353 1871 4409 in
1889 4349 2014 4420 ipsa
2031 4353 2446 4406 communione
2464 4368 2700 4422 operum
2719 4368 2830 4406 non
2852 4352 3046 4405 videat
3062 4347 3467 4420 inseparabili-

1815 4444 1906 4495 ter
1939 4456 2171 4496 manere
2213 4443 2448 4512 propria
2481 4439 3106 4495 naturarum?Tristis
3131 4437 3240 4492 fuit
3263 4437 3462 4492 anima

1818 4527 1970 4582 249
2001 4529 2129 4600 ejus
2171 4543 2356 4597 usque
2389 4529 2454 4580 ad
2495 4531 2740 4582 mortem
2773 4528 2979 4598 (Matth.
3013 4543 3165 4594 xxvx,
3195 4527 3311 4597 38).
3345 4525 3458 4580 Sed

1816 4631 2003 4688 neque
2021 4617 2296 4671 divinitas
2311 4614 2813 4672 incommutabilis
2832 4617 3116 4688 receptrix
3133 4621 3463 4687 potestesse

1815 4705 2202 4774 tristitiae,nec
2217 4723 2350 4761 caro
2365 4707 2668 4762 tristitiam
2687 4711 2878 4778 potest
2891 4705 3206 4780 aliquando
3220 4707 3463 4762 sentire.

1813 4793 2074 4849 Tristitia
2103 4795 2296 4866 itaque
2327 4794 2510 4850 solius
2528 4801 2616 4851 est
2649 4796 2858 4851 animas
2876 4797 3333 4868 rationalis,qute
3357 4813 3464 4853 nec

1814 4883 2106 4938 divinitati
2132 4887 2321 4953 potest
2346 4885 2690 4941 naturaliter
2707 4886 2924 4953 inesse,
2950 4903 3055 4942 nec
3075 4887 3463 4958 carni;perso-

1816 4972 2026 5030 naliter
2043 4978 2239 5029 tamen
2263 4979 2420 5030 totus
2445 4976 2709 5032 Christus
2731 4976 3008 5047 dignatus
3025 4979 3181 5031 estin
3203 4991 3263 5030 se
3279 4974 3460 5029 tristi-

1815 5072 1930 5126 iam
1966 5065 2203 5137 operari
2231 5083 2244 5121 :
2273 5064 2331 5120 in
2358 5082 2420 5121 se
2441 5067 2536 5136 (at.
2569 5065 2716 5138 ipse)
2747 5067 2967 5138 quippe
2995 5082 3132 5121 suas
3155 5065 3460 5137 passiones

1814 5150 2111 5209 invenitur
2140 5160 2434 5226 operatus,
2461 5155 2559 5226 qui
2586 5155 2729 5211 nihil
2756 5155 2964 5209 habuit
2994 5154 3146 5224 quod
3172 5157 3462 5216 pateretur

1812 5242 2049 5298 invitus.
2075 5243 2146 5299 Ut
2166 5261 2302 5316 ergo
2327 5244 2680 5313 Iristaretur,
2704 5249 2856 5298 totus
2878 5242 3146 5297 Christus
3172 5241 3329 5305 fecit;
3354 5243 3455 5296 sed

1812 5331 1974 5389 illam
1996 5333 2296 5388 tristitiam
2321 5330 2446 5386 sola
2465 5331 2523 5384 in
2541 5347 2604 5386 se
2619 5330 2965 5386 naturaliter
2986 5329 3182 5384 anima
3204 5327 3458 5384 rationa-

1884 5477 1954 5549 (c)
1988 5476 2098 5533 Ms.
2133 5476 2318 5549 Thu.,
2341 5473 2442 5549 hoc
2469 5480 2654 5549 tamen
2698 5472 2840 5545 quod
2868 5472 3054 5529 oculus
3100 5472 3350 5544 corporis
3376 5473 3458 5528 le-

1814 5544 1919 5622 git,
1938 5544 2140 5606 oculus
2163 5546 2346 5604 cordis
2371 5544 2659 5615 intelligit.
