3900 6214
481 289 597 348 M5

1485 287 1550 346 ι.
1595 283 2033 348 FULGENTII
2073 287 2425 354 EPISCOPI
2469 295 2896 364 RUSPENSIS

3751 315 3845 372 416

485 421 560 477 lis
590 421 988 512 accepit-_Jam
1021 435 1155 512 V9")
1197 435 1330 512 Qum
1350 419 1633 512 Chl‘iStlJB
1664 437 1780 476 υυο
1813 422 2136 493 e(“lemque
2165 427 2219 492 Α
2249 431 2399 496 tum,
2434 433 2573 502 quia
2599 437 3010 508 compellimur
3039 439 3228 496 dicere
3261 443 3420 512 quod
3447 445 3782 502 sufﬁcienter
3798 466 3848 504 ac

486 515 748 582 tempore
765 515 822 564 et
843 510 901 564 in
919 509 1188 581 sepulcro
1206 510 1410 579 jacuit,
1435 522 1482 565 et
1505 511 1561 564 in
1576 510 1873 566 infernum
1897 512 2136 567 descen-

485 601 590 664 dit,
607 599 739 670 quis
755 617 868 654 non
888 599 1277 670 inseparabile
1295 607 1517 654 naturae
1549 601 1860 672 utriusque
1892 618 2040 672 opus
2053 601 2134 655 vi-

484 689 671 746 deat?
704 693 760 744 et
791 689 921 760 quis
956 689 1011 742 in
1046 690 1174 760 ipso
1209 705 1323 744 uno
1353 695 1532 761 atque
1565 690 1937 760 inseparabili
1965 707 2136 762 opere

483 779 715 853 propria
737 782 951 847 carnis,
975 779 1686 845 etanimicpicdivinitatis
1706 797 1820 835 non
1841 781 2138 836 evidenter

487 867 822 940 agnoscat?
855 866 928 922 Ut
951 867 1109 922 enim
1143 869 1471 923 secundum
1503 886 1738 924 carnem
1773 869 1830 924 in
1866 870 2135 942 sepulcro

485 959 724 1030 iaceret,
759 962 918 1011 totus
947 955 1213 1012 Christus
1245 957 1379 1012 fecit
1412 976 1425 1026 ;
1459 959 1559 1013 sed
1593 958 1906 1031 sepulturae
1955 976 2137 1031 capax

488 1045 612 1103 sola
627 1062 758 1100 caro
786 1044 1131 1100 naturaliter
1150 1045 1278 1100 fuit.
1307 1047 1368 1100 In
1398 1047 1690 1102 infernum
1709 1064 1946 1118 quoque
1971 1053 2033 1103 ut
2052 1065 2137 1103 se-

483 1136 736 1191 cundum
751 1133 1274 1191 animamChristus
1287 1135 1680 1203 descenderet,
1693 1141 1909 1190 naturae
1926 1137 2140 1192 utrius-

489 1243 623 1299 que,
658 1226 710 1280 id
735 1230 824 1282 est
853 1225 1063 1280 divina:
1095 1229 1272 1294 atque
1304 1223 1791 1289 humanae,unum
1824 1225 1933 1280 fuit
1963 1243 2134 1296 opus:

484 1317 586 1372 sed
620 1315 803 1370 solius
824 1314 1035 1370 animas
1054 1311 1346 1368 naturalis
1369 1312 1593 1368 fuitille
1624 1315 2136 1370 descensus.Sicut

484 1406 968 1474 eodemtempore
991 1407 1147 1457 totus
1181 1402 1236 1456 in
1270 1401 1413 1456 ccelo
1450 1407 1506 1456 et
1540 1402 1598 1456 in
1633 1408 1786 1458 terra
1818 1419 1932 1458 non
1954 1420 2137 1458 cessa-

486 1495 585 1549 bat
614 1493 881 1550 Christus
930 1490 1154 1562 operari
1184 1516 1198 1555 ς
1231 1491 1330 1546 sed
1365 1489 1548 1546 solius
1605 1492 1884 1548 divinitas
1919 1494 2044 1557 fuit,
2079 1502 2135 1551 et

487 1583 612 1638 loco
627 1599 742 1637 non
757 1581 1066 1649 contineri,
1083 1585 1140 1636 et
1159 1597 1285 1650 quae
1309 1581 1378 1635 ad
1396 1580 1880 1652 gubernationem
1900 1583 2138 1638 univer-

485 1671 676 1727 sitatis
695 1671 837 1742 perti
849 1671 1211 1736 nebant,cum
1223 1669 1390 1724 Patre
1409 1669 1753 1726 naturaliter
1764 1675 1913 1742 etasq
1925 1672 2012 1726 ual
2024 1672 2134 1728 iter

485 1761 733 1833 operari.
777 1762 914 1817 Inde
966 1751 1076 1827 est,
1112 1760 1264 1830 quod
1299 1759 1357 1858 in
1389 1759 1813 1862 omnibus‘illis
1851 1763 2128 1862 cperibus
2163 1797 2210 1862 B

486 1850 779 1922 passionis
800 1855 856 1904 et
882 1849 1109 1910 mortis.
1134 1848 1453 1904 auctoritas
1470 1847 1792 1918 apostolica
1806 1851 1959 1921 quod
1978 1857 2134 1909 totus

485 1941 544 1996 in
567 1957 628 1996 se
645 1945 920 2011 operatus
942 1945 1030 1994 est
1053 1937 1340 2004 Christus,
1356 1936 1440 1991 sic
1468 1937 1576 2003 uni,
1598 1955 1859 2008 personae
1883 1956 2130 2012 cperan-

481 2028 1149 2101 tis(a)assignat,utquid
1165 2029 1452 2098 cujusque
1468 2033 1606 2082 natu
1618 2044 1693 2083 rte
1708 2028 1784 2083 sit
1797 2028 2132 2087 indubitan-

483 2124 570 2176 ter
584 2119 875 2174 ostendat.
894 2118 1034 2172 Nam
1054 2115 1656 2186 etaposlolnsPaulus
1671 2117 1741 2172 de
1767 2135 1882 2172 uno
1897 2120 2130 2177 eodem-

486 2226 598 2282 que
629 2208 858 2262 Christo
891 2207 1032 2261 dicit
1062 2208 1154 2262 :Et
1181 2209 1230 2261 si
1250 2205 1554 2274 cruciﬁxus
1573 2209 1650 2260 est
1678 2223 1751 2260 ea:
1771 2206 2127 2279 inﬁrmitate,

481 2299 578 2354 sed
598 2297 734 2352 vivit
756 2314 824 2351 ear
853 2295 1058 2351 virtute
1079 2297 1181 2350 Dei
1197 2297 1270 2364 (II
1285 2297 1412 2350 Cor.
1437 2311 1559 2360 xm,
1593 2295 1664 2363 4).
1702 2295 1768 2350 Et
1795 2295 2000 2351 beatus
2023 2299 2130 2354 Pe-

486 2393 612 2442 trus
647 2385 1049 2457 propheticum
1070 2385 1154 2439 sic
1173 2383 1417 2455 protulit
1437 2384 1509 2438 de
1541 2382 1788 2438 Psalmis
1805 2384 2126 2456 eloquium,

488 2482 552 2530 ut
581 2474 796 2530 Christi
819 2473 1100 2538 animam,
1127 2490 1302 2544 quam
1321 2473 1613 2528 infernum
1633 2479 1871 2529 noverat
1893 2475 2131 2530 descen-

487 2566 668 2634 disse,
703 2566 889 2634 ipsam
923 2563 1142 2618 diceret
1171 2561 1230 2617 in
1261 2561 1489 2618 inferno
1519 2579 1630 2618 non
1665 2558 2127 2623 derélictani.Sic

487 2655 642 2711 enim
676 2654 746 2709 de
778 2655 946 2708 beato
970 2653 1150 2706 David
1185 2652 1339 2706 idem
1374 2657 1584 2707 Petrus
1615 2653 2127 2727 apostolusloqui-

488 2749 585 2800 tur
618 2761 630 2798 :
663 2743 934 2813 Propheta
963 2743 1135 2809 igitur
1150 2757 1276 2795 cum
1308 2748 1464 2807 esset,
1488 2751 1540 2796 et
1567 2743 1731 2796 sciret
1761 2747 1892 2813 quia
1912 2745 2133 2816 jureju-

492 2830 663 2886 rando
685 2832 942 2901 jurasset
973 2827 1064 2883 illi
1087 2830 1250 2897 Deus,
1277 2828 1341 2882 de
1363 2831 1550 2900 fructu
1584 2829 1760 2884 lumbi
1789 2831 1912 2900 ejus
1941 2832 2128 2888 sedere

487 2936 654 2992 super
668 2919 847 2975 sedem
860 2935 889 2974 e
894 2919 914 2986 i
918 2935 998 2986 us,
1011 2918 1307 2989 providens
1322 2918 1533 2973 locutus
1545 2925 1622 2974 est
1635 2922 1702 2975 de
1732 2925 2128 2978 resurrectione

477 3009 844 3080 Christi,quia
875 3008 1319 3078 nequederelicta
1347 3010 1424 3062 est
1455 3007 1646 3062 anima
1678 3009 1795 3076 eius
1811 3009 1870 3064 in
1884 3009 2126 3082 inferno,

477 3115 650 3170 neque
678 3115 812 3154 caro
841 3102 964 3170 ejus
994 3097 1132 3152 vidit
1161 3098 1569 3167 corruptionem
1601 3098 1739 3170 (Act.
1775 3115 1836 3162 ιι,
1869 3101 1958 3156 30.
1993 3105 2120 3156 Haec

477 3189 676 3259 itaque
694 3187 886 3244 omnia
909 3185 1160 3242 totusCh
1172 3187 1350 3242 ristus
1371 3187 1698 3242 secundum
1720 3205 1894 3244 unam
1920 3207 2118 3261 perso-

475 3293 610 3332 nam
639 3276 852 3343 fecit,et
874 3276 959 3332 sic
993 3292 1174 3331 unum
1192 3282 1411 3332 naturae
1431 3279 1737 3349 utriusque
1751 3294 1902 3350 Opus
1928 3295 2118 3350 agno-

471 3368 677 3433 scitur,
703 3371 770 3421 ut
797 3372 989 3421 tamen
1007 3365 1146 3439 quid
1169 3367 1261 3421 cui
1278 3371 1498 3421 naturae
1515 3366 1870 3439 (b)deputari
1889 3369 2117 3436 debeat,

474 3474 588 3513 non
612 3461 872 3528 negetur.
899 3455 998 3512 His
1016 3472 1152 3528 ergo
1169 3457 1582 3528 unusquisque
1597 3456 2122 3514 instruaturexem-

476 3547 611 3618 ptis.
645 3551 705 3600 ut
733 3545 883 3615 quod
917 3545 1010 3600 hic
1042 3545 1100 3600 in
1136 3551 1405 3600 naturam
1431 3547 1894 3605 consideratione
1911 3565 2119 3621 cogno-

475 3635 606 3701 scit,
640 3634 750 3689 hoc
799 3634 916 3688 illic
949 3634 1005 3688 in
1056 3634 1323 3705 personis
1373 3635 1658 3705 intelligat
1698 3654 1711 3691 :
1745 3654 1848 3693 nec
1894 3639 2120 3698 dubitet

475 3721 797 3776 humanam
826 3722 1044 3776 Christi
1086 3729 1354 3778 naturam
1405 3726 1582 3780 totius
1611 3725 1917 3783 Trinitatis
1948 3745 2118 3800 opere

470 3809 710 3883 factum,
745 3810 844 3864 sed
877 3811 946 3863 ad
979 3809 1164 3864 solam
1201 3811 1490 3882 Unigeniti
1523 3813 1624 3867 Dei
1655 3815 1945 3884 pertinere
1984 3835 2116 3889 per-

467 3914 702 3952 sonam.

1039 4001 1293 4047 ουιεετιο
1321 4003 1540 4042 TERTIA.

536 4075 626 4132 '25.
661 4075 860 4131 Tertia
891 4078 980 4130 est
1012 4075 1318 4145 inquisitio
1353 4081 1471 4143 tua,
1509 4077 1700 4134 Utrum
1728 4083 1921 4136 anima
1951 4082 2116 4140 Chri-

469 4167 544 4223 sti
572 4165 926 4237 susceptricis
956 4163 1186 4220 deitatis
1228 4166 1452 4236 plenam
1482 4166 1676 4222 habeat
1703 4173 1934 4228 omnino
1968 4174 2115 4229 noti.

471 4258 606 4312 tiam
642 4274 654 4312 :
689 4266 739 4310 et
769 4253 1233 4327 quemadmodum
1255 4271 1311 4311 se
1341 4256 1580 4311 invicem
1609 4263 1812 4314 norunt
1851 4264 2034 4329 Pater,
2066 4273 2118 4321 et

470 4347 666 4412 Filius,
701 4355 753 4400 et
783 4344 1030 4416 Spiritus
1076 4352 1322 4412 sanctus,
1360 4345 1442 4400 ita
1491 4345 1638 4401 idem
1662 4347 1844 4404 Filius
1871 4350 2113 4420 seipsum

465 4453 566 4507 per
596 4435 653 4491 id
681 4435 820 4507 quod
864 4434 1023 4490 homo
1053 4439 1152 4500 est,
1187 4434 1246 4490 in
1279 4451 1339 4490 eo
1367 4436 1514 4506 quod
1562 4439 1730 4501 Deus,
1763 4442 1979 4495 noverit
2004 4459 2017 4510 ;
2044 4457 2114 4498 ex

465 4534 717 4596 utraque,
740 4525 896 4580 250
925 4529 1086 4596 atque
1114 4526 1173 4578 in
1203 4533 1436 4596 utraque
1463 4525 1777 4582 substantia
1808 4531 1984 4584 totum
2007 4513 2103 4587 ea:
2134 4519 2183 4587 Β

459 4615 620 4685 piens
639 4615 879 4668 Patrem.
903 4616 981 4667 An
996 4616 1146 4683 forte
1165 4615 1311 4668 sicut
1331 4613 1510 4670 oculis
1541 4617 1917 4687 corporalibus
1941 4621 2114 4677 Deum

461 4705 719 4774 spiritum
742 4701 975 4756 minime
987 4702 1148 4767 videt,
1173 4719 1242 4758 ne
1261 4719 1372 4758 non
1405 4704 1625 4760 homini
1635 4706 1878 4778 dignitas
1898 4709 2109 4782 addita,

461 4791 557 4846 sed
588 4798 788 4845 natura
813 4790 1074 4844 credatur
1099 4791 1321 4861 penitus
1344 4799 1695 4852 commutata:
1718 4797 1796 4852 sic
1816 4801 2112 4856 rationalis

462 4881 669 4936 animae
683 4880 932 4950 quamvis
945 4879 1042 4949 pio
1058 4880 1339 4935 intellectu
1359 4885 1411 4935 et
1427 4883 1587 4938 corde
1615 4888 1983 4946 mundissimo
1999 4907 2110 4947 non

463 4969 656 5038 videri,
695 4984 868 5040 neque
903 4969 1300 5036 comprehendi
1331 4985 1542 5025 omnem
1575 4972 1892 5032 divinitatis
1925 4995 2106 5036 essen-

455 5062 613 5128 tiam,
649 5075 718 5116 ne
746 5059 1005 5132 quaelibet
1036 5061 1298 5113 creatura
1348 5060 1671 5116 inveniatur
1715 5079 1908 5135 capere
1939 5067 2106 5126 Crea-

459 5157 656 5208 torem.

1115 5254 1448 5294 RESPONSIO.

528 5333 616 5388 26.
653 5331 780 5386 Haac
822 5331 877 5384 in
933 5329 1054 5385 tuis
1083 5327 1292 5383 litteris
1337 5327 1530 5397 verba,
1568 5328 1744 5385 frater
1775 5333 2100 5406 carissime,

458 5435 591 5474 cum
626 5418 1162 5491 legissem,magnis
1195 5433 1286 5474 me
1319 5418 1498 5474 fateor
1529 5421 1818 5492 angustiis
1840 5430 2100 5484 coarcta-

526 5545 546 5682 ἓ

553 5545 608 5616 ᾳ)
633 5545 739 5600 Ms.
771 5545 946 5613 Thu.,
978 5547 1246 5616 aperanti.

2246 519 2422 589 digne
2437 538 2552 577 non
2573 540 2892 594 possumus
2911 532 3338 600 cogitare.Nam
3357 536 3848 594 consideraIaCrea-

2246 609 2390 664 toris
2435 618 2829 686 creaturaeque
2877 618 3176 676 distinctio
3227 623 3838 692 incomprehensibilem

2247 705 2534 756 monstrat
2561 710 2738 775 atque
2769 707 3232 778 inexplicabilem
3260 712 3575 767 intellectui
3601 724 3838 770 creatura

2247 790 2708 859 magnitudinem
2732 795 3022 852 Creatoris
3045 815 3057 852 :
3078 805 3292 870 quippe
3318 818 3450 856 cum
3478 803 3692 868 paxDei
3715 823 3846 860 exsu-

2247 885 2409 950 peret
2437 899 2670 938 omnem
2709 885 3068 943 intellectum
3099 891 3344 962 (Philip.
3373 909 3450 961 ιν,
3477 897 3556 964 7),
3581 896 3740 950 etille
3767 897 3846 966 qui

2247 971 2513 1024 ascendit
2533 988 2709 1044 super
2728 975 3042 1046 Cherubin,
3068 978 3220 1034 volet
3241 997 3418 1049 super
3446 999 3664 1052 pennas
3693 995 3849 1041 vento-

2248 1073 2376 1112 rum
2407 1061 2587 1129 (Psat.
2621 1079 2756 1131 xvn,
2799 1065 2900 1134 lO).
2933 1065 3097 1122 Nosti
3149 1074 3347 1124 autem
3379 1071 3668 1127 Cherubin
3700 1075 3845 1128 inter-

2248 1149 2462 1216 pretari
2500 1149 2921 1220 plenitudinem
2947 1156 3225 1212 scientiae.
3254 1159 3401 1224 Quid
3433 1166 3524 1214 est
3547 1177 3680 1232 ergo
3709 1179 3850 1232 super

2245 1235 2536 1292 Cherubin
2562 1242 3028 1309 ascendere,nisi
3043 1261 3278 1300 omnem
3298 1250 3556 1304 scientiae
3573 1251 3849 1320 plenitudi-

2248 1340 2377 1380 nem
2412 1327 2926 1400 incomprehensili
2962 1333 3270 1391 altitudine
3301 1339 3611 1408 superare?
3627 1339 3728 1394 Sed
3755 1341 3849 1394 haec

2245 1416 2607 1472 confidenter
2636 1423 2808 1488 atque
2842 1420 3242 1478 indubitanter
3271 1425 3532 1482 dicimus
3564 1427 3633 1483 de
3661 1430 3846 1483 sanctis

2245 1505 2468 1573 angelis
2498 1510 2674 1577 atque
2693 1507 3030 1565 hominibus
3057 1513 3315 1567 sanctis:
3349 1531 3603 1584 quorum
3634 1519 3845 1588 quilibet

2244 1594 2328 1648 sic
2358 1593 2566 1649 divinae
2585 1597 2916 1668 adoptionis
2936 1601 3191 1671 gratuito
3211 1619 3454 1658 munere
3475 1605 3618 1660 deus
3641 1607 3841 1673 dicitur,

2245 1684 2675 1741 uttamenDeus
2691 1687 3034 1759 angelorum
3055 1691 3139 1745 vel
3167 1692 3474 1748 hominum
3492 1695 3648 1750 nulla
3661 1697 3842 1751 ratione

2244 1773 2491 1830 dicatur.
2526 1777 2667 1830 Cum
2700 1785 2892 1833 autem
2920 1781 2991 1835 de
3025 1782 3223 1837 anima
3242 1783 3457 1838 Christi
3491 1785 3842 1857 loquimur,de

2243 1861 2342 1916 illo
2374 1862 2672 1934 loquimur
2703 1868 2970 1923 rationali
2995 1871 3227 1938 spiritu,
3251 1873 3320 1926 ad
3345 1890 3525 1944 quem
3551 1892 3658 1930 non
3687 1876 3836 1930 solum

2238 1950 2392 2006 Deus
2429 1969 2525 2021 per
2553 1956 2800 2024 gratiam
2835 1961 3014 2022 venit,
3039 1962 3137 2014 sed
3173 1978 3347 2032 quem
3381 1963 3511 2033 ipsa
3533 1965 3838 2019 divinitasin

2238 2042 2461 2098 unitate
2495 2060 2751 2113 persona:
2793 2049 3074 2118 suscepit.
3106 2051 3318 2106 Anima
3366 2054 3580 2124 quippe
3610 2054 3701 2107 illa
3731 2070 3835 2108 cum

2237 2130 2426 2186 Verbo
2451 2149 2603 2188 unus
2617 2141 2704 2188 est
2721 2135 3012 2202 Christus,
3029 2137 3226 2193 anima
3250 2139 3350 2194 illa
3371 2158 3506 2196 cum
3526 2142 3701 2198 Verbo
3715 2159 3842 2197 unus

2236 2229 2324 2275 est
2346 2219 2696 2292 Unigenitus
2723 2231 2896 2281 Deus.
2924 2227 3142 2298 thuia
3160 2229 3512 2300 Unigenitus
3532 2238 3669 2287 Deus
3689 2249 3842 2302 aqua-

2236 2309 2308 2364 lis
2323 2320 2411 2367 est
2425 2315 2717 2382 Patri,nec
2732 2323 2920 2385 potest
2936 2321 3120 2371 totum
3139 2335 3311 2373 nosse
3339 2321 3550 2376 Filium
3573 2321 3664 2394 qui
3685 2327 3836 2375 totum

2238 2423 2352 2461 non
2371 2405 2810 2460 noveritPatrem
2824 2421 2994 2460 nosse
3011 2421 3122 2461 non
3137 2409 3538 2480 creditur,ipsi
3556 2410 3836 2464 unichristo

2236 2513 2302 2552 ex
2336 2496 2535 2567 aliqua
2568 2503 2749 2566 parte,
2785 2513 2899 2551 non
2924 2497 3112 2552 solum
3141 2499 3346 2565 Patris,
3371 2503 3476 2555 sed
3513 2501 3680 2556 etiam
3702 2500 3837 2556 suiet

2236 2586 2490 2657 Spiritus
2520 2586 2728 2651 sancti,
2756 2587 3008 2656 cognitio
3042 2588 3355 2657 denegetur
3387 2606 3400 2644 :
3438 2607 3713 2662 perquam
3733 2603 3836 2641 vero

2235 2677 2449 2732 durum
2483 2681 2590 2744 est;
2623 2681 2679 2731 et
2709 2693 2742 2731 a
2774 2678 3024 2732 sanitate
3053 2679 3184 2734 fidei
3219 2680 3462 2748 penitus
3498 2681 3759 2742 alienum,
3790 2684 3838 2732 ut

2235 2765 2506 2820 dicamus
2537 2765 2796 2819 animam
2830 2765 3046 2820 Christi
3080 2783 3192 2821 non
3227 2767 3465 2838 plenam
3501 2787 3618 2824 suis
3647 2768 3840 2823 deitatis

2235 2854 2449 2910 habere
2481 2855 2771 2922 notitiam,
2799 2872 2930 2909 cum
2955 2873 3074 2927 qua
3104 2858 3451 2914 naturaliter
3489 2877 3658 2916 unam
3688 2859 3840 2915 credi-

2235 2947 2332 2998 tur
2361 2944 2574 2999 habere
2608 2960 2938 3014 personam.

2305 3099 2393 3152 27.
2427 3097 2589 3161 Quod
2618 3096 2666 3151 si
2709 3095 2794 3152 sic
2824 3096 3268 3165 crediderimus,
3305 3115 3550 3158 necesse
3579 3107 3738 3158 estet
3764 3099 3840 3154 illa

2236 3189 2549 3243 frustretur
2571 3186 2904 3258 praedicatio
2922 3185 3166 3242 Joannis
3195 3188 3630 3263 Baptistm,quaa
3651 3190 3840 3248 Christo

2223 3275 2583 3350 singularem
2600 3293 2666 3331 ac
2689 3275 2816 3331 sine
2840 3292 3118 3331 mensura
3141 3277 3617 3349 tribuitSpiritus
3641 3279 3839 3351 largita-

2223 3371 2362 3433 tem,
2389 3367 2590 3421 dicens
2617 3381 2630 3419 :
2662 3366 2778 3420 Non
2801 3363 2951 3418 enim
2974 3364 3045 3419 ad
3075 3380 3390 3421 mensuram
3411 3367 3511 3424 dat
3523 3370 3660 3425 Deus
3685 3366 3838 3438 Spiri-

2221 3464 2335 3512 tum
2366 3456 2546 3526 (Joan.
2583 3471 2666 3520 ιιι,
2701 3454 2788 3525 34)
2825 3470 2837 3508 :
2872 3470 3006 3509 cum
3039 3459 3096 3509 et
3119 3456 3368 3524 majores
3393 3460 3578 3513 nostri
3615 3460 3669 3513 in
3694 3456 3833 3512 nobis

2225 3560 2562 3600 mensuram
2585 3543 2762 3614 hujus
2786 3542 3074 3614 largitatis
3100 3543 3410 3614 accipiant,
3433 3547 3494 3601 in
3530 3548 3744 3603 Christo
3758 3563 3838 3600 au-

2221 3639 2338 3690 tem
2374 3631 2798 3704 plenitudinem
2823 3633 3258 3687 maneresancti
3278 3633 3530 3704 Spiritu:
3557 3639 3830 3692 'uteantur.

2220 3725 2434 3777 Beatus
2467 3737 2718 3792 namque
2748 3720 3094 3776 Ambrosius
3120 3721 3179 3775 in
3227 3720 3762 3794 libroIprimo(Cap.
3788 3724 3830 3792 6)

2222 3811 2293 3865 de
2321 3810 2539 3882 Spiritu
2571 3815 2793 3876 sancto,
2826 3809 2976 3865 inter
2997 3809 3110 3864 alia
3131 3810 3215 3865 sic
3242 3811 3323 3865 ait
3347 3827 3358 3866 :
3384 3818 3463 3867 De
3489 3814 3698 3885 Spiritu
3719 3827 3830 3874 meo,

2219 3901 2423 3973 inquit,
2455 3899 2737 3970 eﬂundam
2767 3900 2901 3969 (Act.
2937 3916 2999 3968 ιι,
3034 3901 3146 3970 17).
3181 3901 3292 3955 Νοη
3322 3901 3601 3972 Spiritum
3641 3905 3731 3966 ait.
3757 3899 3829 3954 sed

2219 3992 2286 4047 de
2303 3989 2522 4061 Spiritu
2553 4007 2566 4044 :
2590 4004 2764 4059 neque
2785 3989 2938 4043 enim
2969 4005 3065 4044 nos
3090 4005 3283 4060 capere
3304 4007 3596 4061 possumus
3615 3991 3827 4064 plenitu-

2219 4080 2659 4150 dinemSpiritus
2679 4077 2879 4144 sancti,
2893 4077 2986 4134 sed
3007 4088 3229 4134 tantum
3256 4081 3829 4154 accipimus,quantum

2218 4169 2284 4225 de
2330 4185 2434 4224 suo
2477 4167 2685 4226 arbiter
2724 4169 2902 4223 nostri
2948 4185 3046 4238 pro
3089 4184 3193 4224 sua
3243 4171 3522 4226 voluntate
3587 4170 3826 4225 diviserit.

2219 4258 2544 4314 Ostendens
2567 4273 2702 4328 ergo
2723 4272 2828 4312 nos
2851 4263 3090 4312 sanctus
3110 4257 3458 4315 Ambrosius
3485 4277 3591 4315 non
3613 4258 3832 4332 plenitu-

2218 4349 2438 4414 dinem,
2493 4347 2592 4402 sed
2648 4347 2720 4401 de
2771 4345 3138 4418 plenitudine
3186 4349 3444 4417 Spiritus
3489 4350 3755 4420 accipere,
3781 4350 3830 4400 ut

2217 4437 2550 4494 ostenderet
2578 4435 2872 4492 Christum
2899 4452 3132 4490 omnem
3161 4436 3587 4508 plenitudinem
3609 4437 3827 4508 Spiritus

2216 4527 2528 4598 accepisse,
2555 4524 2728 4598 paulo
2747 4529 2878 4597 post
2893 4525 3143 4596 (Ibidem)
3177 4527 3297 4582 haec
3321 4528 3460 4583 dicit
3500 4546 3512 4583 :
3552 4535 3626 4584 De
3642 4528 3828 4598 Spiritu

2221 4628 2411 4674 sancto
2439 4617 2607 4671 Pater
2625 4630 2681 4670 se
2700 4614 2838 4671 dicit
2867 4614 3143 4687 eﬁundere
3171 4632 3342 4686 super
3371 4633 3585 4674 omnem
3615 4630 3826 4673 carnem.

2221 4709 2335 4764 Non
2367 4706 2516 4762 enim
2553 4709 2727 4761 totum
2754 4705 3007 4776 effundit,
3035 4704 3129 4759 sed
3161 4705 3305 4777 quod
3356 4707 3580 4778 effudit,
3611 4705 3831 4761 omnibus

2218 4795 2539 4854 abundavit.
2574 4795 2748 4866 Super
2773 4810 2872 4850 nos
2903 4795 3048 4850 251
3086 4810 3212 4865 ergo
3260 4795 3496 4868 eﬁusum
3526 4803 3601 4852 est
3630 4797 3690 4850 de
3715 4790 3828 4861 Spi-

2217 4888 2334 4942 ritu
2363 4893 2567 4942 sancto.
2600 4885 2664 4940 At
2702 4899 2826 4940 vero
2874 4900 3038 4954 super
3071 4884 3363 4939 Dominum
3404 4887 3608 4955 Iesum,
3648 4900 3756 4939 cum
3785 4881 3828 4934 in

2215 4981 2397 5048 forma
2427 4983 2562 5030 esset
2595 4972 2860 5040 hominis,
2886 4973 3141 5028 manebat
3166 4972 3580 5044 Spiritus;sicut
3600 4975 3828 5042 scriptum

2215 5071 2330 5122 est:
2365 5065 2553 5135 Supra
2569 5079 2744 5136 quem
2774 5062 2991 5118 videris
3020 5061 3300 5133 Spiritum
3321 5063 3754 5119 descendentem
3772 5057 3826 5112 de

2215 5157 2382 5225 coelo,
2414 5161 2821 5211 etmanentem
2848 5169 3025 5225 super
3052 5170 3210 5220 eum,
3233 5154 3327 5209 hic
3359 5155 3571 5224 estqui
3606 5151 3827 5223 baptizat

2214 5245 2272 5302 in
2305 5246 2522 5318 Spiritu
2548 5243 2760 5298 Sancto
2778 5244 2952 5312 (Joan.
2985 5258 3024 5310 ι,
3056 5244 3170 5312 33.)
3201 5244 3362 5298 Circa
3390 5260 3488 5299 nos
3506 5259 3577 5298 ea:
3605 5235 3829 5313 affluenti

2213 5335 2493 5394 commodo
2514 5335 2822 5390 liberalitas
2850 5332 3146 5402 largientis
3157 5339 3252 5400 est,
3274 5337 3333 5389 in
3357 5334 3457 5388 illo
3485 5336 3648 5388 totius
3671 5331 3824 5384 manet

2212 5430 2270 5484 in
2288 5435 2560 5483 wternum
2581 5421 2822 5493 Spiritus
2834 5422 3141 5495 plenitudo.
3159 5421 3379 5494 Nempe
3391 5423 3600 5478 beatus
3620 5419 3830 5475 Ambro-

549 5614 598 5683 b)
632 5618 795 5670 Forte
837 5614 1148 5687 legendum
1193 5619 1392 5689 cuique
1437 5626 1680 5692 naturae,
1715 5627 1780 5678 ut
1819 5627 2092 5699 superius
2120 5627 2388 5686 habetur.
