3878 6338
88 419 168 473 411
1504 418 1740 480 EPISTI

1931 419 2089 482 XIV.

3357 427 3474 485 “8

89 549 181 604 sius
206 550 505 604 evidenter
535 556 724 623 atque
762 551 1164 607 indubitanter
1191 551 1447 606 ostendit
1493 553 1704 606 animae
1736 559 1785 622 Α
1821 551 1938 618 bus,
1953 553 2052 607 sed
2069 551 2552 621 aliishominibus,
2575 555 2689 610 nisi
2714 557 3227 612 utostenderetilli
3248 558 3478 617 homini

87 641 253 694 Christi
271 641 507 711 plenam
528 644 716 696 totius
733 643 1055 696 divinitatis
1071 643 1260 696 inesse
1284 642 1707 710 notitiam,cum

87 730 346 800 dicit,quia
365 731 529 784 circa
554 747 664 785 nos
689 748 760 784 ex
780 731 874 784 afﬂ
887 730 1042 785 uenti
1061 730 1368 785 commodo
1390 729 1708 785 liberalitas

83 818 348 890 largientis
379 826 496 885 est,
529 820 590 873 in
614 819 716 874 illo
736 819 918 874 totius
943 825 1137 874 manet
1157 819 1215 874 in
1241 825 1516 874 aeternum
1535 818 1711 890 Spiri-

81 915 156 962 tus
173 909 488 978 plenitudo.
506 909 626 963 Hoc
645 917 844 963 autem
864 907 1352 973 utdiceret,illum
1375 924 1706 964 sermonem

81 998 211 1052 beati
237 998 482 1053 Joannis
515 998 790 1064 attendit,
812 1015 926 1070 quo
958 999 1198 1063 ait,cum
1233 998 1448 1060 deipso
1474 996 1712 1053 Filiolo—

82 1095 367 1156 queretur:
401 1090 524 1140 Nan
559 1093 713 1141 enim
743 1087 811 1140 ad
855 1103 1173 1142 mensuram
1201 1087 1294 1142 dat
1341 1088 1479 1141 Deus
1529 1085 1710 1155 Spiri-

94 1183 181 1232 tum
207 1178 377 1246 (Joan.
415 1191 502 1238 ιιι,
538 1177 653 1245 34).
679 1176 839 1240 Quod
869 1176 1071 1231 beatus
1093 1191 1326 1246 quoque
1349 1175 1710 1246 Augustinus

99 1268 256 1322 eadem
273 1268 460 1320 sancti
477 1265 732 1337 Spiritus
751 1264 1181 1320 illuminatione
1197 1265 1522 1336 percipiens
1537 1270 1712 1335 atque

100 1355 410 1424 intelligens,
447 1355 508 1408 in
558 1354 686 1410 sola
721 1371 966 1424 persona
1015 1353 1224 1409 Christi
1268 1353 1450 1424 accipi
1502 1354 1714 1408 debere

100 1446 383 1500 conﬁrmat.
420 1448 568 1498 Nam
604 1461 735 1498 cum
770 1443 1039 1498 eumdem
1069 1443 1260 1498 locum
1294 1443 1591 1514 Evangelii
1616 1457 1712 1497 ex-

98 1535 348 1605 planasset
378 1536 582 1599 \Truct.
623 1535 690 1587 14
712 1536 770 1587 in
791 1532 1000 1604 Joan.),
1023 1533 1152 1604 ipso
1178 1549 1450 1588 sermone
1468 1531 1715 1587 Joannis

99 1626 331 1695 Baptista!
368 1629 674 1694 proposito
707 1640 820 1694 quo
855 1623 965 1678 ait:
989 1623 1104 1677 Non
1130 1625 1275 1678 enim
1300 1623 1370 1677 ad
1395 1637 1715 1676 mensuram

97 1717 166 1768 dat
181 1716 305 1768 Deus
320 1713 783 1779 Spiritum,idem
806 1713 1010 1768 beatus
1035 1712 1404 1783 Augustinus
1426 1711 1508 1766 ita
1526 1727 1592 1766 su
1605 1711 1718 1780 bje—

94 1805 168 1856 cit:
199 1804 332 1870 Quid
359 1812 447 1856 est
479 1804 610 1857 hoc:
646 1801 770 1856 Non
791 1802 946 1857 enim
977 1801 1050 1856 ad
1077 1817 1414 1856 mensuram
1441 1801 1541 1855 dat
1565 1799 1717 1854 Deus

92 1893 371 1962 Spiritum?
401 1891 746 1959 Invenimus,
779 1893 909 1961 quia
953 1891 1023 1944 ad
1072 1906 1390 1945 mensuram
1436 1890 1528 1945 dat
1576 1891 1715 1944 Deus

91 1982 319 2048 Spiritum
333 1983 358 2034 :7
374 1987 409 2036 A
421 1982 524 2034 udi
543 1984 579 2036 Α
590 1982 858 2050 postolum
880 1979 1172 2034 dicentem:
1199 1983 1341 2035 Secu
1353 1979 1469 2034 ndu
1480 1997 1530 2033 m
1559 1994 1716 2033 men-

89 2087 246 2124 suram
280 2072 628 2126 donationis
659 2069 872 2124 Christi
904 2069 1123 2139 (Ephes.
1159 2086 1233 2138 1v,
1283 2071 1362 2136 7).
1396 2068 1721 2123 Hominibus

86 2163 134 2213 ad
155 2178 464 2215 mensuram
494 2160 620 2225 dat,
657 2162 816 2214 unico
845 2159 985 2213 Filio
1014 2174 1122 2213 non
1153 2159 1247 2212 dat
1276 2158 1344 2213 ad
1375 2173 1716 2212 mensuram.

87 2250 195 2304 Item
225 2251 281 2305 in
319 2250 534 2304 eadem
575 2247 822 2303 homilia
852 2247 1022 2302 dicit:
1071 2247 1164 2302 Sic
1215 2252 1355 2302 sunt
1401 2247 1574 2302 etiam
1630 2245 1718 2300 di-

86 2339 379 2394 versadona
398 2337 984 2407 ﬁdelium,tanquam
1002 2334 1279 2390 membris
1295 2336 1364 2390 ad
1383 2351 1718 2390 mensuram

85 2431 258 2498 cuique
293 2427 609 2499 prOpriam
646 2426 980 2482 distributa.
1015 2424 1126 2480 Sed
1156 2424 1422 2478 Christus
1452 2425 1553 2495 qui
1597 2423 1717 2490 dat,

84 2533 162 2570 non
194 2517 270 2571 ad
310 2531 672 2571 mensuram
707 2514 949 2584 accepit.
983 2513 1130 2567 Audi
1165 2513 1322 2568 enim
1347 2513 1539 2567 adhuc
1562 2513 1720 2583 quod

83 2609 342 2675 sequitur,
379 2607 526 2674 quia
563 2606 633 2658 de
671 2603 806 2658 Filio
838 2603 1088 2658 dixerat:
1121 2604 1244 2656 Non
1275 2604 1425 2656 enim
1452 2601 1523 2656 ad
1566 2617 1719 2656 men-

75 2712 228 2751 trram
261 2698 366 2750 dat
403 2697 553 2750 Deus
583 2695 895 2764 Spiritum;
954 2693 1118 2747 Pater
1162 2691 1348 2761 diligit
1395 2693 1621 2756 Filium,
1670 2701 1722 2747 et

69 2789 226 2839 smnia
261 2786 424 2838 dedit
460 2785 519 2836 in
558 2799 728 2836 manu
765 2782 884 2843 eius
941 2781 1112 2849 (latin.
1165 2795 1251 2844 ιιι,
1303 2779 1452 2848 34).»
1505 2785 1721 2849 Nempe

65 2873 518 2944 beatussugusti
533 2889 644 2926 nus
659 2868 1032 2926 ostendithoc
1045 2868 1376 2938 evangelico
1391 2869 1720 2924 testimonio

61 2965 167 3029 quid
191 2964 546 3017 debeamus
563 2961 632 3015 de
654 2961 850 3014 anima
868 2958 1078 3012 Christi
1101 2957 1578 3028 sentire,quando
1596 2957 1722 3028 ipse

59 3052 320 3106 Christus
337 3054 447 3123 qui
464 3052 754 3121 Spiritum
774 3050 892 3113 dat,
915 3064 1028 3102 non
1049 3047 1115 3101 ad
1136 3063 1472 3102 mensuram
1489 3047 1718 3118 accipit.

55 3141 164 3211 ipse
202 3149 302 3197 est
337 3142 504 3196 enim
541 3139 643 3211 qui
676 3140 795 3202 dat,
827 3137 953 3209 ipse
984 3142 1075 3191 est
1099 3138 1199 3207 qui
1230 3137 1468 3207 accipit;
1496 3144 1552 3192 et
1585 3137 1724 3208 quia

52 3240 252 3297 petens
283 3237 387 3285 est
423 3229 500 3284 ad
535 3244 872 3283 mensuram
909 3226 1070 3293 dare,
1104 3225 1232 3280 ideo
1266 3243 1378 3280 non
1416 3227 1603 3297 potuit
1651 3228 1718 3280 ad

1819 642 2200 712 singulariter
2233 661 2345 699 non
2379 644 2453 700 ad
2487 661 2855 711 mensuram,
2893 648 2992 702 sed
3023 664 3260 703 omnem
3287 650 3482 704 inesse

1820 730 2079 801 Spiritus
2113 731 2566 803 plenitudinem,
2598 734 2700 804 qui
2720 735 2802 788 sic
2825 743 2911 789 est
2936 738 3283 791 naturaliter
3304 739 3480 793 homo

1820 825 2085 883 verus,ut
2103 821 2254 875 idem
2271 821 2347 875 sit
2363 822 2711 878 naturaliter
2727 823 2900 878 etiam
2922 823 3074 878 Deus
3090 831 3478 893 verus;totum

1819 907 2117 978 accipiens
2150 909 2207 963 in
2234 911 2478 964 veritate
2502 912 2718 982 carnis.
2735 929 2908 982 quem
2926 913 2998 966 ad
3019 929 3352 968 mensuram
3371 914 3485 969 lar-

1819 995 1976 1064 gitur
1997 1013 2237 1052 munere
2261 998 2547 1053 deitatis?
2573 999 2655 1054 llli
2681 1016 2818 1070 ergo
2843 1001 2942 1070 qui
2965 1006 3287 1056 secundum
3312 1019 3480 1057 men-

1820 1103 2020 1141 suram
2036 1087 2368 1144 donationis
2382 1106 2501 1143 suae
2517 1089 2900 1161 dittgratiam,
2920 1108 3030 1147 non
3047 1093 3115 1146 ad
3137 1109 3476 1148 mensuram

1822 1175 1984 1230 dedit
2001 1177 2154 1232 Deus
2175 1177 2546 1247 Spiritum.ln
2565 1177 2797 1234 Christo
2812 1185 3032 1246 autem,
3051 1182 3374 1236 secundum
3392 1199 3481 1237 ca-

1821 1263 2049 1318 tholicae
2085 1265 2220 1320 ﬁdei
2251 1265 2577 1334 veritatem,
2604 1267 2662 1320 in
2686 1270 2910 1323 unitate
2939 1285 3197 1340 personae
3221 1269 3400 1325 simul
3422 1274 3480 1326 et

1823 1352 2120 1421 deitatem,
2135 1359 2189 1409 et
2206 1355 2467 1410 animam
2484 1356 2826 1412 rationalem
2852 1357 3190 1424 fatemur,et
3211 1375 3440 1415 carnem
3465 1376 3478 1414 :

1823 1441 1880 1495 in
1913 1459 2028 1512 quo
2059 1447 2253 1498 tamen
2283 1445 2466 1499 deitas
2499 1445 2782 1516 Spiritum
2815 1446 3078 1518 accipere
3111 1465 3224 1502 non
3258 1449 3474 1518 potuit,

1823 1532 1960 1601 quia
1974 1548 2108 1586 secu
2120 1533 2576 1588 ndumdeitatem
2588 1533 2754 1588 Pater
2769 1535 3007 1590 etFilius
3021 1536 3335 1607 etSpiritus
3350 1555 3484 1592 san-

1825 1626 1976 1686 otus,
1999 1637 2151 1675 unus
2175 1628 2264 1677 est
2283 1624 2450 1678 Deus.
2472 1622 2576 1677 Ubi
2597 1629 2794 1678 tantus
2813 1631 2902 1679 est
2917 1625 3262 1681 Patersolus
3285 1643 3472 1694 quan-

1829 1714 1920 1764 tus
1935 1709 2208 1766 cuniFilio
2223 1711 2386 1782 etSpi
2399 1713 2510 1766 ritu
2527 1718 3079 1785 sancto;tantusque
3094 1713 3256 1769 solus
3272 1714 3476 1784 Filius,

1827 1805 2084 1869 quantus
2101 1817 2233 1854 cum
2256 1800 2420 1856 Patre
2435 1807 2494 1856 et
2510 1802 2725 1872 Spiritu
2741 1807 2941 1856 sancto
2961 1808 3297 1874 ;tantusque
3314 1805 3480 1861 solus

1831 1886 2086 1958 Spiritus
2119 1894 2378 1956 sanctus,
2399 1896 2656 1961 quantus
2679 1907 2808 1944 cum
2836 1895 3004 1946 Patre
3027 1891 3202 1947 simul
3226 1910 3292 1947 ac
3313 1893 3476 1950 Filio.

1830 1976 1912 2031 Ibi
1929 1977 2091 2032 nulla
2106 1977 2175 2031 de
2191 1978 2378 2032 tribus
2399 1980 2664 2049 personis
2685 1979 2860 2033 habet
2875 1977 3096 2049 aliquid
3121 1979 3318 2035 minus
3344 1982 3485 2037 dua-

1829 2066 1960 2130 bus,
1998 2067 2095 2120 ubi
2129 2067 2185 2120 in
2211 2084 2559 2138 unaquaque
2583 2084 2833 2138 persona
2854 2067 2937 2122 sic
2960 2073 3048 2122 est
3075 2068 3244 2138 plena
3265 2071 3474 2140 deitas,

1829 2164 1891 2209 ut
1920 2160 1977 2210 et
2006 2155 2062 2210 in
2096 2155 2288 2210 tribus
2322 2157 2589 2226 personis
2618 2174 2732 2211 una
2763 2156 2860 2221 sit,
2896 2163 2955 2212 et
2987 2157 3042 2212 in
3069 2158 3318 2226 singulis
3343 2163 3481 2214 tota.

1828 2245 1950 2299 Non
1984 2261 2121 2316 ergo
2155 2245 2629 2316 potuitSpiritum
2652 2252 2924 2301 sanctum
2951 2247 3225 2303 divinitas
3245 2248 3482 2302 Filiiac-

1830 2334 2043 2404 cipere,
2065 2350 2199 2388 cum
2219 2333 2608 2406 ipseSpiritus
2631 2343 2869 2390 sanctus
2888 2335 2973 2391 sic
2989 2337 3258 2405 procedat
3281 2353 3314 2391 a
3340 2336 3481 2392 Filio

1829 2423 1984 2478 sicut
2008 2423 2266 2493 procedit
2287 2441 2315 2476 a
2337 2428 2524 2491 Patre,
2546 2428 2598 2477 et
2626 2424 2711 2477 sic
2734 2425 2905 2479 detur
2923 2443 2957 2480 a
2979 2425 3120 2480 Filio
3147 2425 3488 2480 sicutdatur

1829 2528 1862 2566 a
1893 2511 2086 2578 Patre;
2113 2528 2216 2565 nec
2243 2511 2340 2566 illa
2365 2518 2571 2566 natura
2590 2513 2746 2566 unde
2762 2513 3014 2581 Spiritus
3037 2519 3276 2568 sanctus
3310 2513 3486 2568 habet

1829 2600 2137 2670 originem,
2163 2601 2349 2670 potuit
2369 2601 2496 2671 ejus
2516 2603 2600 2658 vel
2625 2608 2957 2673 exspectare
2980 2602 3065 2659 vel
3090 2603 3352 2674 accipere
3375 2605 3486 2657 lar-

1829 2690 2092 2761 gitatem.
2118 2690 2372 2761 Spiritus
2401 2689 2495 2746 ille
2518 2697 2676 2747 totus
2698 2698 2787 2746 est
2806 2691 3008 2758 Patris,
3033 2697 3191 2747 totus
3213 2698 3301 2747 est
3324 2691 3478 2762 Filii,

1830 2782 1968 2850 quia
2000 2797 2154 2834 unus
2186 2780 2528 2836 naturaliter
2557 2786 2647 2837 est
2676 2782 2931 2852 Spiritus
2985 2783 3177 2838 Patris
3225 2788 3280 2837 et
3329 2781 3479 2838 Filii.

1830 2869 2080 2922 Proinde
2103 2874 2259 2924 totus
2284 2869 2353 2924 de
2377 2871 2543 2925 Patre
2567 2872 2822 2941 procedit
2846 2877 2903 2925 et
2926 2871 3090 2939 Filio,
3115 2877 3275 2926 totus
3300 2871 3354 2924 in
3382 2874 3488 2925 Pa-

1829 2962 1916 3010 tre
1949 2966 2146 3012 manet
2175 2974 2240 3011 ac
2278 2958 2444 3026 Filio;
2481 2959 2622 3030 quia
2654 2960 2736 3014 sic
2769 2965 2966 3014 manet
2990 2965 3054 3014 ut
3078 2959 3372 3031 procedat,
3400 2959 3484 3013 sic

1832 3047 2169 3117 proceditut
2184 3047 2610 3103 maneat.Unde
2628 3049 2977 3104 naturaliter
2991 3049 3144 3104 hanc
3159 3048 3331 3102 habet
3349 3064 3485 3102 cum

1833 3135 1999 3190 Patre
2029 3153 2093 3190 ac
2119 3137 2260 3190 Filio
2285 3137 2526 3192 unitatis
2551 3138 3004 3209 plenitudinem,
3027 3143 3084 3192 et
3104 3135 3489 3208 plenitudinis

1834 3209 2410 3291 unitatem,uttotum
2431 3231 2659 3281 Patrem
2679 3224 3490 3296 habeat,totumquePilium;

53 3335 402 3375 mensuram
426 3319 713 3386 accipere.
739 3317 800 3370 ιιι
825 3318 1011 3370 forma
1026 3314 1180 3368 enim
1202 3314 1302 3368 Dei
1325 3315 1723 3387 manens,Spi-
1755 3299 1797 3364 C
1838 3313 2079 3384 ipseque
2101 3322 2259 3371 totus
2283 3316 2570 3371 habeatur
2591 3332 2622 3369 a
2647 3319 2832 3381 Patre,
2858 3320 3016 3370 totus
3039 3315 3326 3368 habeatur
3344 3330 3376 3367 a
3404 3313 3492 3367 Fi-

52 3412 226 3462 rétum
250 3410 655 3473 dat;formam
674 3405 825 3461 servi
844 3404 1160 3475 accipiens,
1184 3404 1468 3474 Spiritum
1489 3404 1732 3476 accepit.

51 3499 148 3552 sed
180 3500 338 3569 quia
377 3499 510 3568 ipse
544 3496 618 3550 ad
652 3508 989 3550 mensuram
1024 3493 1147 3560 dat,
1180 3493 1310 3547 ideo
1343 3510 1452 3548 non
1497 3494 1621 3565 ipse
1665 3493 1739 3549 ad

50 3603 409 3642 mensuram
429 3587 689 3655 accepit;
715 3584 911 3655 ipsum
937 3581 1092 3636 enim
1113 3597 1287 3652 quem
1312 3584 1380 3636 ad
1404 3599 1736 3638 mensuram

67 3677 178 3738 est,
210 3685 412 3733 totum
439 3676 664 3742 accepit
688 3692 700 3728 :
723 3677 793 3729 ad
820 3688 1160 3727 mensuram
1183 3672 1400 3743 quippe
1419 3673 1516 3727 dat
1538 3673 1740 3728 multis
1760 3735 1776 3753 .

87 3765 213 3832 ﬁliis,
242 3768 359 3822 sed
395 3784 507 3822 non
543 3766 618 3820 ad
655 3778 1002 3820 mensuram
1034 3760 1246 3832 accipit
1281 3764 1491 3816 unicus
1526 3761 1738 3831 Filius;

93 3858 198 3923 quia
224 3859 308 3912 sic
340 3863 437 3911 est
469 3873 642 3910 verus
681 3855 886 3921 homo,
921 3857 985 3906 ut
1019 3867 1186 3905 verus
1219 3851 1294 3905 sit
1326 3856 1500 3906 Deus.

146 3945 218 3999 ‘28.
236 3947 414 4000 Hunc
433 3943 738 4016 Evangelii
756 3943 945 3998 locum
968 3939 1136 3994 aliter
1149 3939 1354 3995 beatus
1371 3940 1740 4012 Augustinus

99 4035 389 4102 aiiquando
423 4039 701 4106 posuerat
735 4033 790 4088 in
819 4033 1230 4088 duobuslibris
1253 4045 1400 4102 quos
1417 4030 1648 4101 scripsit
1671 4029 1742 4084 de

105 4121 354 4180 Sermone
391 4126 626 4180 Domini
658 4124 719 4179 in
759 4130 956 4178 monte
990 4125 1069 4196 (S.
1102 4125 1241 4190 Aug.
1271 4121 1369 4176 lib.
1405 4137 1422 4176 ι
1453 4119 1518 4174 de
1563 4119 1738 4176 Serm.

111 4212 290 4270 [δεητιίηὶ
328 4219 388 4269 in
419 4219 626 4282 monte,
656 4231 776 4284 cap.
810 4216 889 4284 6).
923 4213 1101 4276 Quem
1150 4221 1343 4265 tamen
1393 4226 1630 4264 sensum
1679 4210 1737 4264 in

113 4305 205 4356 suis
230 4303 768 4358 Retractationibus
785 4303 927 4371 (Lib.
948 4319 987 4367 ι,
1007 4319 1126 4372 cap.
1146 4302 1232 4371 19)
1257 4297 1612 4363 emendavit,
1632 4298 1741 4354 hoc

113 4395 412 4461 Ipprobans
426 4399 605 4462 atque
619 4393 927 4445 al'tirmans
942 4392 1093 4462 quod
1117 4395 1309 4461 postea
1334 4390 1544 4442 melius
1567 4387 1740 4443 intel-

113 4478 286 4548 lirens,
315 4485 372 4536 in
408 4482 507 4536 illa
537 4481 900 4551 expositione
929 4480 1222 4551 Evangelii
1258 4479 1329 4533 de
1360 4477 1482 4533 solo
1512 4477 1744 4533 Christo

121 4570 266 4641 accipi
298 4571 511 4626 debere
543 4571 817 4624 ﬁrmavit.
855 4569 1019 4634 Quod
1041 4569 1096 4622 in
1125 4569 1312 4640 primo
1339 4567 1486 4622 libro
1510 4571 1743 4622 Itcctra-

1846 3401 1944 3457 lio.
1970 3403 2093 3459 Non
2119 3422 2251 3476 ergo
2273 3405 2497 3475 accepit
2514 3404 2799 3474 Spiritum
2819 3409 3086 3458 sanctum
3112 3401 3388 3457 divinitas
3406 3401 3493 3456 Fi-

1847 3490 2076 3561 lii,cum
2117 3511 2230 3564 qua
2270 3494 2678 3548 uniusnaturte
2703 3493 3400 3563 estSpiritussanctus,et
3423 3507 3492 3544 ex

1848 3595 1964 3648 qua
1995 3581 2167 3636 habet
2201 3581 2489 3653 quidquid
2513 3583 2705 3649 habet,
2737 3581 2856 3636 imo
2875 3581 2946 3636 de
2965 3597 3081 3652 qua
3099 3587 3190 3635 est
3213 3580 3319 3635 hoc
3339 3578 3492 3651 quod

1849 3677 1936 3725 est
1952 3688 1966 3738 ;
1982 3671 2122 3742 quia
2153 3671 2310 3743 quod
2327 3677 2461 3725 natu
2474 3671 2668 3726 raliter
2687 3671 2881 3736 habet,
2900 3671 3006 3726 hoc
3027 3677 3136 3725 est.
3161 3670 3370 3725 Restat
3387 3671 3497 3723 ita-

1851 3777 1962 3831 que
1999 3765 2060 3815 ut
2091 3761 2285 3815 anima
2315 3760 2529 3816 Christi
2562 3761 2847 3831 Spiritum
2882 3765 3150 3816 sanctum
3183 3757 3495 3830 acceperit,

1851 3862 2023 3917 quem
2057 3851 2254 3902 tamen
2289 3863 2402 3902 non
2434 3846 2509 3902 ad
2543 3865 2877 3903 mensuram
2912 3847 3152 3918 accepit,
3187 3847 3284 3902 sed
3314 3852 3498 3900 totum

1852 3936 2106 4007 accepit;
2143 3937 2240 3990 ubi
2271 3938 2426 3992 enim
2462 3954 2738 3992 mensura
2770 3954 2880 3993 non
2914 3954 3044 3993 esse
3065 3938 3298 4004 dicitur,
3323 3935 3506 4008 pleni-

1852 4026 1994 4080 tudo
2018 4026 2384 4094 perfectionis
2411 4033 2466 4082 et
2485 4028 2758 4098 perfectio
2782 4027 3496 4096 plenitudinisinvenitur.

1921 4116 2011 4169 '29.
2043 4117 2182 4182 Quis
2213 4117 2290 4173 sit
2319 4123 2510 4173 autem
2553 4118 2663 4172 iste
2711 4117 2982 4188 Spiritus,
3035 4135 3207 4188 quem
3263 4133 3376 4170 non
3425 4117 3498 4170 ad

1852 4221 2189 4261 mensuram
2222 4206 2487 4262 Christus
2520 4207 2764 4277 accepit,
2801 4211 3078 4277 propheta
3111 4205 3279 4260 nobis
3319 4204 3502 4259 Isaias

1851 4296 2130 4362 ostendit,
2165 4297 2262 4365 qui
2297 4297 2367 4350 de
2398 4296 2524 4366 ipso
2559 4295 2652 4359 (at.
2687 4296 2757 4349 de
2789 4296 3035 4358 Christo)
3067 4293 3335 4362 loquens,
3379 4292 3503 4346 ait:

1852 4385 2180 4454 Egredietur
2201 4384 2362 4452 virga
2391 4386 2456 4438 de
2485 4383 2679 4438 radice
2707 4384 2873 4448 Iesse,
2907 4393 2956 4437 et
2984 4383 3081 4451 ﬂos
3100 4384 3163 4436 de
3185 4380 3369 4434 radice
3391 4380 3510 4450 ejus

1853 4474 2129 4542 ascendet,
2149 4483 2200 4530 et
2224 4477 2517 4546 requiescet
2540 4489 2703 4542 super
2725 4489 2850 4526 eum
2875 4471 3116 4542 Spiritus
3138 4469 3364 4525 Domini
3381 4470 3511 4537 Spi-

1855 4565 1998 4619 ritus
2028 4568 2321 4636 sapientiae
2351 4573 2401 4618 et
2424 4563 2750 4626 intellectus,
2773 4562 3016 4630 Spiritus
3033 4561 3260 4616 consilii
3274 4564 3324 4614 et
3343 4560 3511 4630 forti-

119 4660 364 4715 tationum
387 4677 631 4715 suarum
659 4658 995 4724 ostendens,
1023 4658 1173 4712 inter
1195 4656 1311 4712 alia
1339 4657 1424 4712 sic
1447 4657 1548 4711 ait:
1571 4655 1743 4712 «Alio
1777 4668 1820 4731 ι)
1852 4657 2084 4723 tudinis,
2119 4657 2361 4719 Spiritus
2393 4652 2638 4709 scientiae
2667 4659 2715 4708 et
2746 4655 2994 4726 pictatis,
3028 4656 3078 4707 et
3118 4651 3348 4720 replebit
3387 4666 3512 4706 eum

122 4741 212 4801 loco
239 4751 396 4821 quod
432 4749 760 4818 interposui
814 4747 1259 4802 testimonium:
1311 4745 1426 4800 Non
1480 4745 1631 4801 enim
1670 4747 1743 4800 ad

125 4847 396 4893 mensuram
426 4839 521 4893 da!
561 4839 700 4892 Deus
730 4837 1004 4907 Spiritum
1035 4836 1213 4902 (Joan.
1240 4851 1318 4901 tu,
1339 4835 1452 4902 34),
1477 4835 1738 4890 nondum

114 4919 485 4983 :intellexeram
520 4928 593 4982 de
624 4927 856 4982 Christo
888 4925 1116 4997 proprie
1147 4925 1343 4979 verius
1366 4926 1571 4996 accipi.
1600 4925 1741 4979 Aliis

117 5018 297 5088 quippe
312 5018 653 5073 hominibus
669 5015 779 5070 nisi
794 5015 868 5069 ad
884 5031 1078 5070 mensu
1091 5014 1742 5084 remdareturSpiritus,

118 5101 208 5159 ilon
240 5107 485 5179 duplum
521 5111 741 5177 peteret
776 5105 1014 5160 Elisaaus
1048 5121 1225 5174 quam
1262 5103 1369 5156 fuit
1399 5103 1454 5156 in
1493 5103 1614 5157 Elia
1659 5104 1747 5174 (IV

118 5181 218 5266 Meg.
249 5215 312 5265 ιι,
345 5199 426 5260 9).
465 5219 492 5244 η
531 5196 590 5249 in
618 5195 707 5249 his
728 5211 867 5265 ergo
890 5193 1059 5248 dictis
1085 5190 1236 5248 beati
1262 5191 1572 5262 Augustini
1598 5192 1744 5248 illud

118 5293 328 5343 taxime
343 5287 543 5342 attend
555 5279 1144 5356 amus,quodait,aliis
1159 5281 1496 5337 hominibus
1511 5283 1581 5335 ad
1595 5299 1748 5337 men-

114 5383 285 5433 "lttram
320 5376 607 5446 Spiritum
646 5374 793 5428 dari.
818 5372 982 5436 Quod
1008 5374 1204 5441 utique
1223 5370 1351 5425 ideo
1370 5370 1536 5436 dixit,
1556 5375 1618 5424 ut
1636 5368 1744 5425 hoc

98 5466 148 5522 te
177 5486 290 5523 non
312 5466 382 5520 de
410 5464 738 5529 divinitate,
757 5461 861 5516 sed
878 5461 947 5515 de
977 5458 1340 5515 humanitate
1361 5457 1580 5513 Christi
1607 5475 1743 5514 sen~

91 5557 225 5614 ‘isse
252 5561 633 5618 monstraret,
670 5553 764 5608 cui
802 5567 916 5605 non
949 5549 1021 5604 ad
1055 5565 1384 5604 mensuram
1411 5549 1569 5604 dedit
1595 5553 1744 5606 Deus

67 5644 383 5721 Spiritum,
420 5661 549 5698 cum
585 5641 912 5711 unicuique
952 5638 1075 5693 dari
1122 5637 1371 5711 gratiam
1418 5639 1744 5695 secundum

69 5733 236 5798 352
264 5750 602 5790 mensuram
631 5729 972 5786 donationis
997 5727 1207 5782 Christi
1235 5732 1481 5781 testetur
1509 5733 1746 5799 Aposto—

49 5813 192 5887 ius.
211 5827 408 5890 Quare
427 5839 562 5895 ergo
586 5822 797 5877 beatus
815 5817 1186 5890 Augustinus
1209 5831 1323 5871 non
1347 5813 1494 5871 dixit
1510 5815 1746 5873 homini-

1854 4746 2096 4816 Spiritus
2126 4743 2341 4798 timoris
2374 4744 2592 4798 Domini
2631 4744 2783 4813 (Isai.
2834 4760 2915 4807 xu,
2965 4743 3038 4812 t).
3090 4741 3326 4813 Accepit
3374 4755 3511 4810 ergo

1849 4833 2116 4888 Christus
2148 4833 2457 4903 Spiritum,
2490 4832 2594 4888 sed
2627 4849 2738 4888 non
2773 4833 2847 4888 ad
2880 4848 3215 4888 mensuram
3268 4830 3508 4901 accepit.

1849 4923 2011 4988 Quod
2035 4923 2082 4976 si
2111 4923 2324 4976 animo:
2350 4922 2564 4976 Christi
2592 4939 2706 4977 non
2726 4922 2800 4977 ad
2825 4937 3160 4976 mensuram
3182 4919 3337 4974 dedit
3359 4923 3513 4974 Deus

1853 5012 2164 5084 Spiritum,
2185 5028 2422 5067 necesse
2441 5017 2527 5066 est
2562 5017 2624 5065 ut
2647 5011 2794 5066 nihil
2825 5011 3018 5065 minus
3044 5010 3253 5064 habeat
3280 5008 3514 5076 sapien-

1855 5102 1968 5169 tiae,
2009 5101 2155 5154 nihil
2188 5101 2472 5156 scientiae:
2507 5101 2762 5171 Spiritus
2792 5101 2948 5154 enim
2983 5099 3103 5164 ille,
3137 5097 3399 5166 Spiritus
3429 5100 3518 5148 est

1853 5191 2150 5261 sapientia:
2173 5197 2228 5245 et
2249 5191 2604 5259 intellectus,
2621 5189 2849 5245 consilii
2866 5198 2916 5243 et
2935 5183 3518 5248 fortitud:nis,scien-

1851 5280 2286 5350 tiaaetpietatis.
2309 5283 2387 5334 Ac
2414 5297 2511 5350 per
2535 5279 2665 5340 hoc.
2693 5295 2804 5332 non
2831 5276 3020 5331 solum
3044 5274 3118 5328 ad
3149 5273 3514 5326 divinitatem

1851 5370 2088 5434 Christi,
2108 5371 2204 5423 sed
2225 5370 2293 5423 ad
2321 5369 2448 5438 ejus
2473 5383 2703 5438 quoque
2726 5366 2978 5420 animam
3013 5363 3109 5416 illa
3146 5359 3516 5431 perfectionis

1855 5459 2232 5530 prterogativa
2258 5456 2528 5526 pertinet,
2549 5471 2724 5524 quam
2744 5453 2853 5523 ipsi
2879 5451 3110 5506 Christo
3137 5451 3342 5504 beatus
3373 5447 3519 5503 assi-

1853 5552 1994 5618 gnat
2022 5544 2358 5613 Apostolus,
2393 5542 2594 5596 dicens
2623 5558 2634 5594 :
2669 5545 2733 5594 In
2761 5555 2864 5609 quo
2889 5544 3018 5595 sunt
3044 5555 3228 5594 omnes
3271 5537 3523 5592 thesauri

1852 5631 2145 5706 sapientiae
2187 5636 2237 5687 et
2286 5632 2534 5686 scientiae
2582 5629 2888 5684 absconditi
2937 5629 3158 5698 (Calass.
3214 5645 3271 5696 ιι,
3321 5627 3397 5696 3).
3451 5622 3513 5682 Si

1854 5725 2009 5783 enim
2044 5738 2158 5778 non
2188 5723 2253 5776 ad
2291 5737 2627 5776 mensuram
2656 5721 2874 5790 accepit
2897 5718 3178 5791 Spiritum
3210 5715 3510 5789 sapientiae

1853 5819 1911 5872 et
1931 5812 2210 5882 scientiae,
2227 5827 2461 5869 necesse
2474 5815 2564 5867 est
2578 5815 2857 5867 utomnes
2880 5811 3190 5867 thesauros
3213 5805 3512 5878 sapientiae
