3878 6332
132 421 214 478 lii

1541 417 1923 481 EPISTOLA
1966 419 2096 481 XIX

3409 441 3528 498 422

133 551 248 606 aliud
269 565 432 605 nosse
462 549 630 621 quod
668 549 1024 640 naturaliter
1053 565 1166 604 non
1199 553 1307 640 est.
1351 549 1547 640 Oculis
1581 567 1751 622 porro
1781 555 1829 620 Α
1863 552 2427 640 gratimetveritatis,
2454 558 2861 616 utsicutestin
2879 563 3178 621 divinitate
3196 566 3325 636 ejus
3348 569 3524 640 plena

137 640 489 713 corporalibus
514 640 683 694 Deus
710 639 962 710 spiritus
989 655 1098 694 non
1127 639 1375 694 videtur.
1405 639 1568 696 Unde
1591 657 1766 711 quos-

135 734 235 785 dam
253 733 448 784 beatus
467 730 874 799 Augustinus,
891 728 988 800 qui
1005 729 1110 783 hoc
1127 728 1516 785 volueruntde
1530 729 1762 784 Christo

140 823 346 885 credere,
377 821 530 889 quod
574 823 758 872 Deum
795 820 1025 873 Patrem
1053 817 1240 874 oculis
1257 817 1661 889 corporalibus
1687 818 1768 873 vi-

136 914 260 977 deat,
290 911 342 965 in
375 909 636 980 epistola
668 926 844 978 quam
897 909 969 964 ad
1004 908 1262 964 Italicam
1299 908 1535 978 scripsit
1565 908 1761 978 (Epist.

133 1001 245 1054 alitis
270 1001 321 1062 6,
343 1015 491 1053 nunc
511 999 628 1067 82),
663 998 800 1052 licet
824 999 980 1052 brevi
1010 1013 1300 1064 sermone,
1335 997 1651 1053 sufﬁcienti
1676 1002 1764 1051 ta-

144 1106 251 1144 men
270 1088 644 1160 responsione
671 1086 985 1142 convincit.
1005 1091 1124 1140 Hoc
1139 1086 1358 1140 habent
1379 1086 1598 1156 quippe
1612 1083 1766 1140 oculi

134 1179 376 1248 corporis,
405 1183 471 1231 ut
497 1193 615 1230 non
650 1175 843 1231 solum
871 1191 1114 1246 corpora
1136 1175 1393 1239 videant,
1423 1174 1527 1229 sed
1563 1189 1668 1229 nec
1689 1172 1769 1227 vi-

134 1269 242 1322 dere
271 1267 519 1338 possint,
553 1265 604 1320 si
636 1265 792 1320 inter
823 1265 982 1333 ipsos
1014 1268 1066 1318 et
1091 1281 1159 1319 ea
1183 1280 1311 1334 quae
1344 1263 1559 1322 vident.
1587 1261 1763 1334 Spatii

131 1358 449 1427 cujusquam
487 1355 686 1410 media
718 1353 1026 1409 intervalla
1069 1369 1190 1408 non
1235 1352 1473 1407 iuerint.
1512 1352 1647 1406 Inde
1676 1355 1766 1406 est

133 1447 410 1517 quodcum
439 1444 556 1498 alia
591 1444 848 1514 plurima
879 1443 1139 1507 videant,
1174 1441 1401 1514 seipsos
1419 1440 1614 1495 videre
1646 1455 1760 1494 non

134 1542 368 1607 possunt,
389 1552 496 1590 nec
516 1533 716 1587 vident
741 1533 796 1586 in
819 1548 902 1599 se,
926 1548 1057 1586 cum
1080 1532 1494 1586 videanlextra
1509 1546 1570 1584 se
1587 1547 1605 1582 :
1628 1544 1763 1582 nam

132 1627 302 1692 etipsa
317 1624 470 1678 acies
490 1621 734 1676 visionis
754 1621 1120 1688 obtunditur,
1142 1621 1187 1674 si
1206 1619 1428 1690 aliquid
1446 1618 1762 1673 videndum

134 1716 256 1772 255
298 1714 440 1784 ipsis
474 1713 666 1767 oculis
699 1712 1078 1781 adjungatur.
1113 1709 1396 1781 Quisquis
1429 1725 1564 1780 ergo
1597 1709 1765 1780 putat

134 1804 288 1858 Deum
329 1820 499 1874 posse
532 1803 720 1856 oculis
742 1800 1146 1872 corporalibus
1182 1799 1360 1867 cerni,
1394 1800 1558 1869 prius
1591 1802 1679 1852 est
1701 1789 1766 1850 ut

129 1911 244 1948 eum
270 1895 414 1947 dicat
444 1895 520 1947 ab
550 1891 696 1961 ipsis
727 1891 916 1946 oculis
936 1888 1224 1960 corporali
1249 1889 1438 1958 spatio
1462 1886 1715 1959 separari
1746 1903 1760 1939 :
1793 1924 1836 1987 Β

129 1984 366 2054 quisquis
389 1987 590 2036 autem
610 1979 1060 2052 vultagnoscere
1079 1978 1297 2049 quibus
1310 1977 1493 2032 oculis
1513 1977 1665 2032 Deus
1682 1975 1760 2028 vi-

129 2079 325 2142 deatur,
357 2078 558 2147 ipsum
588 2079 769 2128 Deum
796 2073 1006 2145 cogitet
1032 2074 1168 2144 quia
1190 2076 1245 2128 et
1267 2071 1574 2144 sapientia,
1601 2076 1656 2126 et
1671 2087 1760 2126 ve-

133 2169 268 2232 ritas,
294 2172 350 2220 et
381 2166 605 2219 caritas
629 2171 735 2219 est.
772 2163 1050 2226 Quocirca
1081 2161 1294 2233 quibus
1315 2160 1501 2216 oculis
1527 2161 1758 2216 videtur

131 2255 409 2327 sapientia,
447 2256 668 2308 veritas
699 2257 753 2307 et
777 2252 1010 2316 caritas,
1036 2251 1179 2321 ipsis
1205 2249 1389 2306 oculis
1408 2250 1636 2304 videtur
1656 2249 1757 2304 illa

130 2346 352 2414 sipiens,
366 2361 516 2398 vera
541 2358 794 2413 caraque
808 2340 1106 2395 divinitas.
1124 2344 1246 2394 Non
1261 2340 1458 2410 itaque
1475 2337 1752 2409 corporis,

125 2436 194 2488 sed
215 2434 403 2488 oculis
434 2433 650 2487 anima:
675 2431 946 2484 humanae
970 2429 1124 2484 Deus
1139 2446 1306 2483 suam
1327 2429 1610 2482 visionem
1633 2445 1759 2498 pro-

122 2523 286 2589 mittit,
310 2540 500 2594 quam
527 2536 799 2591 capacem
823 2536 879 2573 Sa
893 2517 1141 2589 pientiaa,
1165 2518 1454 2583 veritatis,
1475 2515 1758 2572 caritatis-

117 2632 201 2685 que
220 2611 564 2669 constituit.
584 2611 840 2680 Spiritus
854 2625 991 2680 ergo
1007 2608 1313 2664 rationalis
1332 2607 1544 2680 accepit
1562 2624 1595 2662 a
1622 2608 1751 2676 Deo,

112 2710 156 2757 ut
180 2703 372 2757 videat
402 2707 626 2756 Deum:
660 2697 884 2769 accepit
913 2697 1114 2768 utique
1142 2713 1239 2769 per
1260 2697 1502 2767 gratiam
1532 2713 1546 2762 ;
1580 2711 1752 2766 quem

109 2796 188 2848 (at.
220 2796 375 2864 qua)
410 2799 620 2846 tamen
657 2807 766 2844 non
801 2795 959 2843 extra
989 2805 1050 2842 se
1084 2792 1271 2858 potest
1312 2786 1526 2850 videre,
1561 2787 1659 2841 sed
1696 2786 1750 2840 in

102 2899 186 2945 se;
215 2889 371 2937 Deus
404 2882 570 2935 enim
602 2896 715 2934 non
741 2878 865 2933 loco
888 2877 1243 2943 continetur,
1277 2876 1375 2931 sed
1403 2876 1608 2930 affectu
1635 2891 1758 2946 per-

99 2975 333 3043 cipitur,
354 2977 417 3026 et
437 2971 570 3023 ideo
587 2970 642 3022 in
661 2985 776 3038 quo
793 2984 904 3021 non
926 2966 1290 3030 habitat,non
1311 2965 1541 3018 videtur
1579 2964 1753 3018 Multo

98 3064 246 3116 enim
274 3063 539 3114 interius
562 3058 820 3111 animam
847 3055 1134 3110 inhabitat
1156 3055 1330 3120 Deus,
1354 3071 1530 3124 quam
1559 3054 1754 3109 anima

93 3151 386 3204 inhabitat
417 3163 636 3218 corpus
664 3163 676 3210 ;
711 3145 990 3216 quoniam
1015 3150 1240 3198 creator
1262 3143 1506 3213 spiritus
1529 3141 1622 3196 ille
1644 3146 1752 3210 est,

97 3240 198 3293 iste
227 3245 504 3292 creatus.
542 3236 604 3289 In
643 3241 873 3289 tantum
904 3249 1041 3303 ergo
1073 3232 1245 3286 habet
1275 3230 1548 3302 quaelibet
1567 3231 1754 3285 sancti

96 3329 354 3383 hominis
383 3327 590 3381 anima
613 3323 773 3378 illius
797 3324 1013 3377 sumini
1047 3322 1145 3376 Dei
1170 3322 1458 3385 notitiam,
1489 3321 1547 3375 in
1572 3337 1756 3391 quan-
1791 3287 1832 3353 Ο

93 3423 208 3472 tum
227 3419 488 3472 internae
510 3413 757 3468 visionis
781 3412 1355 3482 acceperitgratiam.
1375 3410 1538 3465 Unde
1563 3410 1757 3465 nescio

93 3507 392 3576 quomodo
428 3503 794 3574 accipiamus
850 3501 1218 3572 Unigenitum
1252 3517 1285 3554 a
1316 3503 1483 3554 Patre
1517 3498 1756 3569 plenum

93 3597 286 3664 gratia:
312 3603 375 3648 et
403 3593 692 3659 veritatis,
717 3592 765 3644 si
788 3593 869 3646 vel
899 3591 979 3644 illi
1009 3589 1354 3661 plenitudini
1378 3589 1638 3643 veritatis
1661 3588 1761 3642 ali-

113 3686 230 3752 quid
255 3681 656 3754 plenitudinis
677 3681 878 3751 gratia:
903 3682 1108 3733 deesse
1125 3677 1402 3743 dicimus,
1425 3679 1510 3731 vel
1536 3677 1616 3732 illi
1646 3675 1760 3748 ple-

123 3773 347 3826 nitudini
377 3772 582 3834 gratiae
603 3786 715 3823 non
743 3775 923 3822 totam
951 3768 1143 3822 inesse
1165 3768 1428 3822 veritatis
1456 3766 1762 3837 plenitudi-

120 3876 225 3915 nem
251 3864 664 3915 cstiemmus:
699 3873 832 3912 cum
867 3858 1070 3928 utique
1099 3856 1156 3910 in
1189 3872 1255 3910 eo
1278 3855 1602 3910 certissime
1629 3853 1764 3909 Uni-

125 3953 328 4019 genitus
349 3968 385 4004 a
407 3950 573 4004 Patre
596 3950 807 4019 plenus
824 3945 1390 4018 agnoscaturgratiaa
1404 3951 1460 3998 et
1475 3943 1757 4010 veritatis,

127 4038 164 4092 ei
189 4057 294 4094 non
319 4039 519 4095 solum
547 4039 600 4091 in
639 4037 767 4108 ipso
797 4052 912 4090 uno
936 4035 1103 4106 plena
1127 4034 1316 4104 gratia
1347 4032 1759 4097 humanitatis,

128 4129 394 4200 plenaque
425 4127 757 4182 divinitatis
789 4125 1002 4180 veritas
1035 4128 1427 4192 agnoscatur;
1464 4123 1558 4176 sed
1585 4122 1759 4176 etiam

133 4217 410 4284 plenitudo
444 4216 710 4271 veritatis
743 4216 800 4269 in
835 4214 1029 4284 seipsa
1080 4211 1506 4282 plenitudinem
1551 4211 1761 4266 habeat

130 4313 325 4378 gratias,
359 4328 478 4378 qua
502 4317 593 4363 est
621 4315 742 4362 tota
772 4306 1184 4361 humanitasin
1210 4305 1516 4358 divinitate
1539 4321 1646 4358 sua
1670 4323 1684 4370 ;
1706 4308 1762 4359 et.

132 4397 406 4466 plenitudo
429 4400 633 4470 gratim
661 4396 1082 4464 plenitudinem
1099 4397 1230 4449 inse
1255 4393 1757 4462 habeatvcritatis,

129 4501 224 4554 qua
249 4496 335 4542 est
357 4495 478 4543 tota
501 4486 783 4541 divinitas
805 4486 863 4538 iu
891 4484 1253 4538 humanitate
1278 4497 1423 4536 sua:
1450 4482 1531 4536 ita
1565 4487 1627 4535 ut
1649 4481 1760 4550 ple-

133 4577 312 4632 nitudo
341 4578 608 4632 veritatis
639 4574 1067 4647 plenitudinem
1113 4572 1170 4625 in
1205 4588 1268 4626 se
1300 4571 1510 4625 habeat
1538 4570 1756 4641 gratias,

1873 639 2259 698 humanitatis
2283 647 2563 717 acceptio,
2598 648 2683 703 sic
2708 649 2763 702 in
2799 650 3163 708 humanitate
3193 656 3320 724 ejus
3350 639 3524 728 plena

1873 728 1951 781 sit
1972 730 2293 788 divinitatis
2320 735 2558 803 agnitio.
2583 737 2696 792 Nec
2723 745 3058 795 metuamus
3081 759 3342 799 asserere
3363 747 3520 816 quod

1870 817 2082 874 Christi
2106 823 2303 877 anima
2323 828 2506 879 totam
2531 827 2807 882 deitatem
2831 845 3000 884 suam
3029 831 3206 896 novit,
3233 850 3302 888 ne
3328 851 3393 888 ex
3416 834 3525 904 hac

1873 907 2121 975 dicatur,
2138 928 2271 966 cum
2288 913 2641 983 ipsadeitate
2662 917 2837 972 unius
2855 934 2981 974 esse
2996 925 3219 976 natura:
3241 939 3398 988 ;cum
3419 927 3525 980 uti-

1873 1011 1986 1065 que
2019 999 2066 1051 si
2105 1000 2213 1054 hoc
2246 1002 2611 1059 ratiocinatio
2633 1022 2769 1060 vera
2796 1009 3080 1078 deposcit,
3105 1015 3168 1064 ut
3191 1011 3247 1065 in
3273 1011 3523 1082 plenitu-

1875 1085 2010 1140 dine
2039 1090 2392 1159 cognitionis
2424 1092 2700 1149 coutinuo
2732 1097 2809 1150 sit
2833 1097 3030 1152 unitas
3053 1100 3372 1168 naturalis;
3397 1101 3524 1174 ipse

1875 1175 2151 1245 primitus
2183 1178 2358 1247 Deus,
2391 1183 2530 1252 quia
2552 1185 2750 1239 omnia
2783 1202 2910 1255 quae
2944 1187 3095 1258 fecit,
3123 1189 3287 1259 plene
3319 1191 3523 1262 utique

1875 1265 2054 1333 novit,
2086 1267 2214 1336 ejus
2239 1268 2469 1324 dicetur
2489 1286 2617 1326 esse
2643 1278 2886 1342 naturae,
2912 1275 3082 1346 cujus
3105 1283 3244 1332 sunt
3274 1278 3375 1334 illa
3395 1296 3522 1351 qua!

1874 1351 2008 1407 fecit
2037 1359 2094 1409 et
2124 1355 2300 1410 novit.
2334 1359 2494 1422 Quod
2537 1359 2639 1430 qui
2671 1361 2854 1416 credit
2883 1369 2984 1417 aut
3026 1366 3255 1433 asserit,
3290 1384 3402 1422 non
3423 1384 3524 1424 ca-

1875 1440 2346 1500 tholicaveritate
2367 1448 2669 1517 praeditus,
2686 1451 2786 1504 sed
2809 1451 3125 1507 Manichaee
3141 1454 3207 1508 fit
3223 1454 3525 1526 impietate

1876 1547 2201 1600 possessus.
2230 1535 2448 1590 Deinde
2467 1536 2613 1591 illud
2639 1544 2728 1593 est
2752 1539 3522 1614 nihilominusintuendum,

1876 1622 2025 1690 quod
2042 1621 2166 1692 ipsa
2189 1622 2405 1679 Christi
2428 1627 2706 1682 animaex
2721 1634 3174 1701 quantacunque
3188 1638 3350 1703 parte
3375 1635 3527 1690 dica-

1876 1713 1975 1764 tur
2004 1711 2238 1766 deitatis
2269 1729 2385 1767 suae
2407 1713 2621 1770 habere
2647 1717 2936 1781 notitiam,
2959 1721 3159 1774 statim
3185 1722 3403 1778 dicitur
3421 1725 3521 1795 (al.

1877 1798 2122 1870 dicetur)
2147 1818 2216 1856 ex
2236 1807 2398 1857 tanta
2423 1809 2582 1872 parte
2597 1821 2773 1860 unam
2794 1805 3008 1862 habere
3029 1824 3160 1863 cum
3181 1826 3289 1866 sua
3306 1813 3522 1868 deitate

1877 1893 2150 1943 naturam
2180 1907 2193 1956 ;
2227 1892 2381 1960 quod
2411 1891 2612 1962 utique
2636 1909 2861 1964 magna:
2891 1895 3129 1950 insaniae
3160 1905 3266 1952 est.
3295 1899 3436 1955 Nam
3463 1905 3523 1956 et

1871 1992 1976 2031 nos
1997 1994 2303 2047 Speremus
2327 1997 2426 2050 per
2446 1981 2542 2035 Dei
2566 1981 2812 2048 gratiam
2829 1982 3060 2038 visuros
3073 2001 3201 2040 esse
3224 1985 3403 2042 Deum
3434 1988 3520 2042 :in

1867 2072 2154 2136 quantum
2179 2074 2374 2124 autem
2398 2068 2651 2135 visuros,
2677 2070 2730 2124 in
2753 2076 2980 2127 tantum
2995 2075 3120 2128 sine
3137 2075 3316 2130 dubio
3333 2076 3527 2148 cogni-

1866 2160 2076 2224 turos,-
2108 2157 2261 2214 250
2315 2159 2593 2229 quoniam
2631 2163 2950 2232 utrumque
3003 2164 3174 2218 nobis
3208 2165 3528 2235 apostolica

1867 2247 2240 2301 commendat
2263 2248 2581 2302 auctoritas
2607 2266 2620 2314 ;
2648 2265 2783 2303 nam
2805 2255 2861 2304 et
2884 2253 3089 2305 beatus
3106 2254 3423 2324 Apostolus
3445 2253 3529 2308 di-

1865 2332 1978 2388 cit:
2012 2336 2168 2390 Nunc
2193 2351 2452 2403 cognosco
2482 2353 2557 2391 ετ
2582 2346 2764 2407 parte,
2810 2345 2945 2393 tunc
2978 2344 3167 2396 autem
3195 2357 3522 2412 cognoscam

1865 2424 2008 2479 sicut
2035 2429 2087 2480 et
2129 2427 2383 2495 cognitus
2421 2443 2542 2480 sum
2574 2429 2622 2494 (I
2651 2427 2772 2483 Cor.
2818 2445 2943 2496 xm,
2990 2430 3078 2498 12)
3106 2448 3119 2496 ;
3148 2435 3206 2486 et
3260 2432 3522 2488 dilectus

1863 2513 2075 2569 Christi
2095 2515 2352 2570 Joannes
2370 2516 2776 2571 indubitanter
2793 2518 3039 2573 asserit:
3066 2519 3207 2587 Quia
3225 2537 3347 2575 cum
3365 2538 3526 2593 appa-

1863 2606 2063 2669 ruerit,
2095 2605 2306 2659 similes
2334 2607 2388 2659 ei
2415 2605 2644 2674 erimus,
2678 2607 2941 2676 quoniam
2975 2607 3071 2679 (al.
3101 2610 3176 2681 et)
3209 2612 3527 2668 uidebimus

1863 2706 1989 2746 eum
2017 2691 2184 2747 sicuti
2211 2700 2289 2747 est
2319 2693 2364 2763 (1
2394 2693 2552 2748 Ιοαη.
2587 2709 2674 2756 ιιι,
2728 2694 2803 2765 2).
2852 2694 3012 2750 Visio
3045 2702 3243 2752 autem
3277 2698 3377 2752 illa
3408 2715 3524 2754 non

1865 2779 2047 2834 solius
2064 2781 2258 2836 carnis
2271 2780 2399 2843 erit,
2418 2784 2740 2837 secundum
2767 2800 2941 2854 quam
2968 2784 3150 2841 solam
3169 2786 3329 2842 solus
3344 2787 3526 2843 Filius

1864 2870 1936 2924 ab
1968 2869 2166 2938 impiis
2189 2869 2477 2925 videbitur
2507 2871 2578 2926 ad
2592 2889 2792 2927 eorum
2818 2875 3366 2930 condemnationem
3394 2893 3519 2946 per-

1867 2962 2137 3028 petuam;
2168 2959 2268 3013 sed
2291 2959 2401 3013 erit
2433 2959 2574 3015 visio
2599 2961 2858 3028 deitatis,
2890 2965 3218 3017 secundum
3251 2980 3428 3031 quam
3455 2979 3516 3020 se

1863 3047 1993 3117 ipsa
2011 3047 2267 3102 Trinitas
2287 3047 2365 3102 ita
2385 3048 2693 3104 videndam
2717 3051 3212 3120 praebebitjustis,
3238 3051 3415 3105 utilia
3433 3052 3514 3106 di-

1864 3135 2473 3192 vinitatisindesincns
2492 3137 2657 3203 visio,
2682 3137 2810 3208 ipsa
2827 3140 2904 3193 sit
2919 3139 3298 3194 beatitudinis
3316 3139 3514 3194 indeﬁ-

1864 3226 2023 3280 ciens
2057 3225 2372 3294 plenitudo.
2412 3227 2553 3280 lude
2575 3228 2730 3281 enim
2758 3233 2895 3281 sunt
2922 3228 3067 3283 beati
3089 3230 3298 3283 mundo
3317 3230 3509 3297 corde,

1866 3317 2131 3386 quoniam
2154 3314 2265 3385 ipsi
2290 3316 2458 3370 Deum
2490 3316 2752 3370 videbunt
2773 3317 2982 3387 (Matth.
3011 3335 3066 3382 ν,
3089 3318 3166 3386 8).
3196 3317 3256 3370 ln
3284 3322 3515 3373 tantum

1865 3419 2001 3475 ergo
2033 3403 2399 3458 divinitatem
2450 3411 2663 3459 sancta
2695 3405 3000 3459 Trinitatis
3054 3405 3404 3473 videbimus,
3456 3405 3515 3461 in

1867 3498 2155 3564 quantum
2179 3492 2534 3563 accipiemus
2565 3494 2664 3563 (ιιι.
2698 3494 3021 3564 capiemus)
3050 3494 3201 3548 dono
3233 3495 3433 3564 gratias
3459 3500 3526 3552 ut

1866 3582 2059 3636 videre
2085 3580 2401 3652 possimus.
2424 3580 2538 3635 Nec
2553 3588 2743 3635 tamen
2770 3582 2825 3635 in
2848 3589 3136 3651 quantum
3167 3584 3518 3651 videbimus,

1864 3671 1922 3726 in
1940 3670 2282 3740 tantumipsi
2299 3670 2583 3724 divinitati
2601 3671 3130 3726 consubstantiales
3145 3673 3379 3728 erimus.
3393 3673 3524 3729 Nam

1868 3766 1924 3817 et
1954 3776 2193 3830 corpore
2229 3759 2496 3814 videmus
2529 3759 2732 3827 multa,
2784 3776 2909 3830 quas
2941 3778 3074 3816 cum
3113 3767 3304 3817 nostra
3343 3779 3517 3818 carne

1869 3867 1982 3905 non
2017 3855 2158 3904 sunt
2189 3849 2364 3903 unius
2395 3850 2781 3918 ejusdemque
2823 3854 3065 3907 naturae.
3100 3851 3315 3907 Vident
3357 3853 3516 3908 enim

1871 3938 2024 3994 oculi
2060 3939 2244 3992 nostri
2271 3937 2481 4007 lucem,
2506 3955 2640 3993 cum
2666 3946 2862 3993 tamen
2887 3939 3130 3995 alterius
3155 3947 3373 3996 natura;
3405 3941 3526 3996 sint

1869 4030 1978 4095 illi,
2000 4027 2244 4082 alterius
2264 4027 2384 4082 illa.
2406 4028 2558 4082 Dixit
2579 4029 2816 4099 quidem
2845 4031 3050 4084 beatus
3070 4030 3327 4085 Joannes
3354 4047 3364 4086 :
3389 4032 3526 4098 Quo-

1867 4122 2024 4171 niam
2042 4133 2167 4172 cum
2195 4120 2538 4187 apparuerit,
2573 4118 2782 4172 similes
2805 4120 2860 4170 ei
2881 4121 3107 4186 erimus,
3142 4122 3404 4189 quoniam
3436 4121 3520 4173 vi-

1867 4207 2116 4261 debimus
2144 4223 2271 4262 eum
2301 4205 2477 4261 sicuti
2498 4215 2575 4260 est
2599 4208 2646 4275 (ι
2669 4218 2829 4260 Juan.
2867 4223 2948 4270 ιιι,
2968 4208 3043 4277 2).
3068 4207 3302 4261 Similes
3322 4213 3517 4261 autem

1869 4297 2034 4361 dixit,
2068 4295 2398 4350 imitatione
2429 4295 2940 4363 scilicetjustitiee,
2969 4311 3079 4348 non
3108 4296 3331 4348 unitate
3356 4300 3520 4349 natu-

1869 4401 1972 4440 rai:
1997 4385 2323 4439 secundum
2350 4400 2528 4454 quam
2552 4382 2962 4448 imitationem,
2993 4383 3135 4436 dicit
3155 4383 3358 4436 beatus
3379 4382 3522 4436 Pau-

1869 4474 1963 4530 lus
1997 4490 2008 4528 :
2042 4475 2350 4529 Imitatores
2380 4471 2491 4526 mei
2523 4477 2712 4535 estote,
2736 4474 2876 4526 sicut
2895 4481 2949 4526 et
2970 4487 3067 4541 ego
3091 4470 3295 4526 Christi
3324 4471 3368 4540 (I
3397 4470 3518 4528 Cor.

1867 4580 1944 4632 x1,
1978 4563 2028 4626 l)
2054 4581 2070 4630 ;
2102 4568 2160 4617 et
2192 4563 2398 4616 beatus
2421 4562 2676 4615 Joannes
2706 4562 2824 4614 ait:
2860 4562 2967 4628 Qui
2995 4561 3129 4614 dicit
3144 4576 3201 4614 se
3219 4563 3275 4614 in
3303 4560 3517 4617 Christo

129 4670 172 4716 et
197 4668 493 4735 plenitudo
513 4667 714 4738 gratias
751 4662 1177 4735 plenitudinem
1200 4662 1259 4714 in
1288 4677 1349 4715 se
1380 4659 1592 4714 habeat
1618 4659 1762 4714 veri-
1793 4658 1839 4722 D
1872 4666 2116 4716 manere,
2146 4649 2302 4704 debet
2333 4649 2912 4718 quemadmodumtal.
2945 4650 3108 4718 sicut)
3131 4649 3228 4704 ille
3257 4649 3517 4706 ambula-

133 4757 270 4812 tatis.

189 4773 214 4809 ιι
258 4802 270 4812 .

189 4773 269 4900 31:.
303 4846 430 4902 Non
467 4850 664 4900 autem
699 4847 820 4898 tota
845 4839 1145 4912 plenitudo
1195 4837 1456 4893 veritatis
1488 4838 1758 4907 habetur,

131 4937 340 5001 quando
361 4936 560 5005 ipsius
582 4931 840 4987 veritatis
862 4929 1077 5000 aliquid
1099 4929 1418 4999 ignoratur,
1435 4928 1588 4998 quod
1610 4927 1762 4982 absit

129 5026 253 5079 atde
283 5025 528 5080 Christo
562 5023 941 5092 aliquatenus
965 5018 1307 5073 sentiamus.
1333 5016 1428 5070 Sic
1460 5015 1613 5069 enim
1639 5021 1762 5070 tota

110 5116 412 5186 _:plenitudo
446 5112 650 5180 gratim
673 5117 762 5165 est
790 5113 844 5164 in
873 5108 971 5163 illa
1004 5107 1365 5178 plenitudine
1388 5105 1668 5167 veritatis,
1696 5109 1760 5160 ut

106 5195 186 5258 ’ωδ
210 5207 395 5277 plena
414 5203 610 5257 deitas
635 5209 816 5255 totam
843 5197 1084 5268 impleat
1099 5195 1522 5250 humanitatem
1548 5210 1711 5248 suam
1743 5212 1756 5262 ;

95 5296 142 5358 ξτκ
169 5296 259 5349 sic
285 5300 382 5347 est
421 5288 720 5362 plenitudo
751 5286 1013 5342 veritatis
1038 5285 1094 5339 in
1121 5283 1216 5337 illa
1242 5283 1601 5354 plenitudine
1631 5299 1758 5355 gra-

225 5391 302 5438 ut
335 5382 452 5435 illa
485 5396 654 5450 piena
686 5375 1026 5432 humanitas
1056 5375 1210 5429 sicut
1238 5377 1469 5444 plenam
1504 5372 1679 5428 habet
1699 5377 1759 5427 et

54 5475 476 5546 'lingularem
511 5467 1009 5538 incorruptionem
1044 5468 1221 5534 atque
1255 5462 1755 5517 immortalitatem

43 5567 300 5628 εει-οἱς,
340 5564 431 5615 ita
461 5557 782 5614 secundum
807 5555 1094 5617 animam,
1119 5553 1351 5624 plenam
1379 5549 1756 5622 singulariter

25 5633 292 5712 habent
307 5648 593 5704 notitiam
609 5645 864 5702 deitatis.
885 5643 981 5700 Sic
1000 5647 1239 5714 estergo
1253 5640 1522 5696 Christus
1544 5639 1752 5710 plenus

115 5783 212 5855 (a)
255 5781 436 5842 Ant...
469 5777 528 5832 in
552 5765 844 5847 quantum.

1871 4744 1970 4811 vit,
2001 4749 2053 4795 et
2083 4739 2199 4810 ipse
2227 4739 2515 4793 ambulare
2548 4741 2593 4810 (1
2619 4739 2782 4794 Joan.
2818 4756 2878 4806 ιι,
2910 4739 2985 4810 6).
3019 4739 3349 4795 Creatorem
3382 4755 3514 4797 vero

1874 4829 2029 4901 capit
2059 4836 2346 4895 creatura,
2380 4833 2666 4898 quantum
2698 4829 2776 4899 (a)
2811 4829 3022 4900 accipit
3053 4835 3119 4882 ut
3149 4829 3361 4900 capiat.

1939 4920 2190 4974 34.1nde
2208 4923 2296 4973 est
2313 4917 2466 4987 quod
2495 4918 2702 4972 beatus
2725 4919 3090 4990 Augustinus
3123 4919 3280 4973 hunc
3301 4935 3520 4976 sermo-

1871 5025 2000 5064 nem
2037 5024 2150 5063 non
2181 5007 2413 5079 refugit,
2441 5008 2541 5062 sed
2565 5008 2969 5062 indubitanter
2992 5009 3263 5062 assumit.
3287 5008 3429 5062 Nam
3457 5009 3515 5064 in

1869 5097 2070 5152 eadem
2107 5097 2343 5152 humilia
2372 5096 2584 5166 (Tract.
2619 5096 2684 5149 14
2710 5094 2771 5150 in
2802 5097 2983 5160 Joun.,
3016 5111 3204 5149 vrrsus
3231 5095 3418 5164 finem)
3455 5098 3512 5150 in

1869 5204 1985 5255 qua
2017 5187 2285 5252 exposuit
2318 5185 2480 5240 illum
2509 5185 2728 5248 locum,
2772 5187 2920 5248 Quia
2946 5201 3054 5237 non
3087 5187 3161 5238 ad
3191 5199 3511 5238 mensuram

1866 5278 1959 5334 dat
1993 5279 2130 5332 Deus
2158 5276 2428 5347 Spiritum
2451 5277 2626 5344 (Joan.
2651 5291 2734 5340 in,
2769 5276 2879 5340 34),
2907 5273 2990 5327 sic
3018 5272 3270 5342 quodam
3299 5272 3421 5326 loco
3443 5273 3514 5327 de

1865 5369 1994 5440 ipso
2025 5367 2162 5422 Filio
2205 5365 2392 5419 dicit:
2421 5363 2640 5417 Moriens
2683 5362 2836 5416 enim
2886 5362 3021 5414 Deus
3079 5361 3225 5430 apud
3266 5367 3511 5431 Patrem,

1863 5456 2010 5529 apud
2029 5458 2270 5511 homines
2288 5459 2470 5522 [actus
2484 5456 2566 5505 est
2587 5453 2761 5518 homo,
2790 5455 2849 5503 ut
2870 5459 2928 5503 tu
2945 5466 3044 5518 per
3069 5450 3226 5503 illum
3249 5452 3346 5521 qui
3365 5454 3516 5522 apud

1863 5557 1913 5603 te
1931 5552 2113 5618 [ac/us
2129 5547 2208 5598 est
2231 5543 2410 5604 homo,
2439 5541 2595 5608 ﬁeres
2622 5537 2750 5593 talis
2771 5536 2952 5609 qualis
2981 5542 3130 5608 capit
3157 5544 3324 5594 Deum
3353 5557 3365 5595 :
3402 5557 3514 5596 non

1863 5637 2013 5693 enim
2043 5636 2202 5690 homo
2221 5638 2432 5703 poterat
2455 5644 2647 5699 capere
2680 5628 2848 5684 Deum
2870 5646 2884 5696 ;
2906 5627 3090 5684 videre
3106 5635 3326 5700 poterat
3351 5632 3516 5688 homo
