3900 6214
456 380 573 437 423

1456 375 1521 436 S.
1568 373 1989 436 FULGENTII
2031 370 2385 438 EPISCOPI
2433 379 2866 450 RUSPENSIS

3671 401 3756 459 mi

455 509 754 575 hominem,
778 524 978 579 capere
1002 514 1174 564 Deum
1195 526 1308 565 non
1321 513 1556 581 poterat.
1588 511 1742 566 Unde
1761 525 1869 563 non
1891 509 2102 579 poterat
2131 507 2186 572 Α
2214 507 2498 582 aliquibus
2520 522 2726 575 sanctis
2773 524 3121 592 quantalibet
3165 527 3429 598 sapientia
3457 545 3512 584 ac
3533 533 3760 586 sanctitate

456 614 655 668 capere
677 599 844 652 Deum
865 599 892 652 ?
935 599 1075 666 Quia
1106 599 1323 653 oculum
1353 601 1539 654 cordis
1570 599 1716 654 unde
1743 602 1958 669 caperet
1986 614 2101 651 non

456 687 712 742 habebat.
740 689 870 742 Erat
901 704 1030 755 ergo
1065 688 1283 758 aliquid
1314 691 1460 743 intus
1488 704 1760 756 saucium,
1813 693 1864 742 et
1888 688 2103 759 aliquid

455 779 595 847 foris
634 794 872 832 sanum:
912 778 1157 848 corporis
1186 777 1368 832 oculos
1418 777 1644 834 habebat
1689 793 1870 847 sanos,
1921 777 2102 834 cordis

455 864 688 921 habebat
707 869 940 922 saucias.
975 867 1170 921 Factus
1201 876 1278 921 est
1310 867 1406 921 ille
1434 867 1590 922 homo
1613 868 1686 921 ad
1714 869 1956 936 corporis
1970 883 2098 923 ocu-

458 956 596 1024 lum,
631 963 691 1013 ut
721 958 944 1013 credens
976 959 1034 1012 in
1056 974 1178 1012 eum
1205 957 1302 1029 qui
1320 957 1498 1012 videri
1518 959 1880 1029 corporaliter
1897 961 2097 1025 potuit,

450 1049 730 1102 curareris
759 1047 839 1102 ad
865 1063 988 1102 eum
1021 1046 1202 1116 ipsum
1233 1047 1546 1112 videndum,
1578 1063 1737 1118 quem
1766 1049 2100 1117 spiritaliter

449 1137 632 1193 videre
658 1155 772 1193 non
795 1150 1032 1209 poteras.
1054 1138 1153 1192 His
1176 1139 1368 1194 verbis
1391 1138 1653 1194 ostendit
1679 1140 1885 1195 beatus
1909 1147 2100 1209 Augu-

447 1225 639 1281 stinus
661 1227 720 1281 in
743 1227 1109 1298 spiritalibus
1131 1227 1307 1282 rebus
1331 1227 1440 1281 hoc
1467 1243 1599 1281 esse
1625 1243 1831 1298 capere
1852 1229 2002 1298 quod
2023 1227 2102 1281 vi-

443 1313 600 1381 dere,
633 1331 822 1386 neque
851 1315 1008 1369 aliud
1041 1331 1168 1370 esse
1188 1315 1384 1370 videre
1403 1330 1586 1385 quam
1621 1315 1964 1387 intelligere,
1993 1332 2097 1372 nec

441 1402 769 1474 intelligere
792 1403 950 1458 aliud
981 1420 1108 1459 esse
1141 1421 1314 1474 quam
1337 1421 1530 1460 nosse.
1565 1405 1709 1460 Hinc
1739 1409 1828 1461 est
1857 1406 2010 1476 quod
2036 1407 2093 1460 in

445 1491 595 1545 libro
627 1493 696 1545 de
728 1492 1043 1547 Praesentia
1065 1494 1163 1547 Dei
1189 1495 1379 1564 (Epist.
1403 1494 1473 1548 ad
1505 1494 1820 1550 Dardanum
1843 1496 1983 1550 alias
2002 1495 2093 1563 57,

447 1596 595 1634 nunc
627 1579 768 1650 187),
791 1598 925 1636 cum
959 1581 1066 1637 soli
1100 1582 1242 1637 Filio
1266 1583 1366 1637 dat
1395 1583 1625 1654 plenam
1647 1584 1973 1640 divinitatis
1998 1602 2096 1642 ca-

447 1670 783 1742 pacitatem,
821 1672 929 1727 soli
983 1673 1214 1744 plenam
1248 1673 1576 1730 divinitatis
1615 1677 1873 1731 ostendit
1902 1677 2096 1733 inesse

449 1763 808 1818 notitiam.ln
831 1771 1150 1820 memorato
1165 1766 1382 1836 quippe
1398 1765 1543 1821 libro
1559 1765 1653 1820 his
1676 1768 2090 1824 utiturverbis:

444 1874 471 1902 ‹‹
505 1853 659 1908 Deus
690 1854 869 1925 igitur
903 1855 1121 1926 ubique
1153 1872 1408 1926 praesens
1438 1859 1550 1920 est,
1581 1861 1638 1910 et
1684 1858 1903 1929 ubique
1933 1863 2094 1914 totus
2125 1868 2169 1930 Β

441 1958 722 2013 praesens,
757 1960 860 1997 nec
895 1944 1114 2014 ubique
1147 1944 1442 2012 habitans,
1487 1945 1585 1999 sed
1621 1944 1680 1999 in
1715 1946 1927 2016 templo
1956 1964 2085 2015 suo,

437 2031 527 2084 cui
565 2049 665 2102 per
687 2034 939 2103 gratiam
973 2033 1264 2105 benignus
1291 2041 1376 2088 est
1417 2039 1473 2088 et
1506 2035 1816 2104 pr0pitius.
1849 2040 2092 2107 Capitur

437 2126 638 2175 autem
665 2121 964 2190 habitans,
1012 2123 1085 2176 ab
1119 2122 1252 2177 aliis
1285 2123 1558 2194 amplius,
1592 2133 1647 2177 et
1689 2123 1760 2178 ab
1811 2123 1941 2178 aliis
1975 2124 2088 2179 mi.

439 2227 572 2265 nus.
599 2209 678 2264 De
705 2210 832 2281 ipso
856 2228 986 2266 vero
1009 2210 1196 2282 capite
1227 2217 1424 2266 nostro
1452 2211 1766 2282 Apostolus
1791 2213 1907 2267 ait:
1943 2213 2086 2280 Quo-

440 2298 596 2354 niam
628 2302 685 2353 in
718 2302 832 2362 ipso
862 2300 1068 2355 habitat
1101 2303 1279 2355 omnis
1307 2300 1591 2370 plenitudo
1619 2300 1932 2357 diuinitatis
1963 2318 2083 2357 cor-

433 2387 706 2460 poraliter
728 2387 946 2458 (Cotoss.
981 2389 1182 2458 11,9).s
1219 2389 1487 2453 Attende,
1514 2390 1809 2460 quaeso,in
1843 2391 1934 2446 his
1951 2407 2081 2446 ver-

434 2478 525 2533 bis
542 2478 690 2532 beati
709 2478 1016 2548 Augustini
1033 2478 1438 2533 discretionem
1455 2479 1663 2550 capitis
1676 2496 1823 2534 mem
1835 2481 2086 2536 brorum-

434 2584 545 2638 que
569 2567 714 2622 257
743 2567 1159 2622 certissimam.
1185 2567 1564 2623 Abillisenim
1586 2570 1804 2640 quibus
1822 2572 1890 2624 ad
1919 2587 2078 2626 men-

431 2673 627 2712 suram
648 2657 748 2710 dat
771 2656 923 2710 Deus
943 2657 1245 2727 Spiritum,
1275 2658 1502 2727 capitur
1526 2657 1820 2724 habitans,
1854 2660 1925 2714 ab
1949 2659 2079 2717 aliis

431 2746 714 2815 amplius,
734 2746 806 2800 ab
825 2745 956 2800 aliis
978 2747 1195 2800 minus.
1220 2747 1364 2812 Quid
1387 2761 1476 2801 est
1493 2754 1686 2802 autem
1714 2748 1840 2818 capi
1862 2749 1970 2804 nisi
1989 2751 2076 2805 in-

428 2833 607 2902 telligi
639 2840 816 2905 atque
837 2834 1158 2906 cognosci?
1181 2835 1322 2890 Cum
1348 2841 1544 2890 autem
1570 2836 1641 2890 de
1670 2837 1896 2892 Christo
1923 2839 2073 2894 idem

433 2923 636 2978 beatus
671 2925 1038 2994 Augustinus
1062 2923 1220 2994 loqui
1255 2923 1593 2992 vellet,vide
1624 2927 1762 2996 quid
1787 2927 1904 2981 ait:
1939 2949 1965 2976 «
2000 2931 2077 2982 De

428 3010 579 3082 ipso,
614 3012 822 3081 inquit,
856 3012 1044 3084 capite
1076 3017 1274 3067 nostro
1306 3013 1620 3083 Apostolus
1642 3013 1724 3069 ait
1757 3031 1770 3070 :
1804 3017 2076 3080 Quoniam

426 3102 487 3156 in
517 3100 633 3170 ipso
656 3100 871 3156 habitat
891 3100 1070 3156 omnis
1092 3101 1374 3171 plenitudo
1385 3101 1696 3158 divinitatis
1712 3106 2074 3174 corporaliter

2205 609 2628 679 piwstanlibus,
2677 611 2798 669 ullo
2829 618 2984 671 modo
3012 623 3184 686 potest
3227 634 3335 674 esse
3360 623 3639 676 communis.
3662 621 3760 676 Ger-

2211 691 2337 780 tum
2351 700 2442 748 est
2457 695 2652 768 itaque
2665 705 3233 761 sanctorumPatrum
3249 709 3764 780 sententiamScriptu-

2212 777 2291 834 ris
2303 783 2638 843 cmlestibus
2653 792 2979 861 convenire,
2995 809 3119 866 quas
3135 797 3573 853 manifestissime
3593 805 3760 868 protes-

2209 870 2428 941 tantur,
2461 879 2518 930 et
2547 877 2827 937 divinitus
2859 883 3151 955 inspirata;
3182 886 3518 958 proclamant
3545 889 3700 956 nobis,
3720 891 3760 942 id

2211 963 2300 1013 est
2325 964 2597 1021 omnibus
2629 969 2936 1041 adoptivis,
2973 981 3190 1044 partem
3220 978 3596 1048 cognoscendae
3630 982 3763 1047 atque

2209 1050 2507 1119 capiendae
2526 1055 2872 1130 divinitatis,
2896 1069 3064 1134 prout
3078 1066 3340 1122 voluntas
3356 1065 3766 1137 donaveritlargi-

2207 1138 2374 1201 toris.
2398 1141 2629 1200 infundi
2660 1165 2758 1218 per
2777 1151 3025 1221 gratiam
3053 1178 3066 1219 ;
3098 1155 3317 1210 Christo
3347 1171 3488 1218 vero,
3508 1155 3558 1210 id
3577 1161 3654 1210 est
3669 1155 3765 1209 sni-

2209 1240 2311 1282 mas
2342 1229 2489 1298 ejus,
2515 1233 2748 1304 plenam
2780 1239 2964 1296 totius
2995 1243 3310 1300 divinitatis
3331 1245 3505 1301 inesse
3534 1245 3765 1299 notitiam.

2766 1369 3022 1416 ουλεετιο
3061 1374 3298 1420 QUARTA.

2277 1449 2363 1504 35.
2386 1451 2659 1514 Quartam
2685 1457 2894 1516 deinde
2909 1465 3286 1534 quaestionem
3310 1466 3682 1522 seriestuarum
3704 1463 3765 1518 sic

2205 1540 2465 1595 continet
2482 1541 2831 1604 litterarum.
2859 1551 3064 1619 Unum,
3089 1554 3288 1626 inquis,
3312 1571 3531 1628 regnum
3548 1553 3766 1618 Patriset,

2204 1627 2355 1692 Filii,
2387 1639 2437 1684 et
2457 1631 2698 1701 Spiritus
2715 1641 2895 1694 sancti
2917 1643 3188 1699 credimus
3212 1649 3263 1700 et
3281 1627 3524 1715 fatemur,
3545 1644 3684 1699 simul
3700 1659 3768 1698 eos

2203 1716 2490 1775 dominari
2515 1728 2790 1782 creaturis
2817 1733 3074 1786 omnibus
3091 1737 3396 1790 sentientes.
3417 1735 3576 1804 Quare
3598 1749 3698 1802 ergo
3724 1733 3763 1787 ίη

2203 1809 2545 1865 orationibus
2573 1817 2938 1888 sacerdotum,
2968 1843 2995 1870 ‹‹
3020 1823 3128 1877 Per
3145 1828 3328 1880 Jesum
3351 1825 3414 1878 Cb
3426 1826 3600 1879 ristum
3613 1823 3764 1877 Filium

2196 1897 2357 1950 tuum
2386 1899 2682 1956 Dominum
2713 1913 2982 1975 nostrum,
3003 1911 3102 1981 qui
3120 1917 3297 1968 tecum
3319 1915 3444 1968 vivit
3470 1919 3516 1969 et
3541 1919 3705 1981 regnat
3721 1911 3761 1964 in

2199 1986 2416 2041 unitate
2445 1988 2691 2060 Spiritus
2719 1996 2920 2064 sancti,
2957 2021 2984 2046 »ι
3015 2016 3112 2069 per
3157 2004 3432 2058 universas
3465 2017 3578 2072 pene
3603 2001 3762 2069 Africa?

2199 2075 2444 2142 regiones
2471 2079 2736 2136 catholica
2767 2083 2948 2142 dicere
2975 2095 3272 2160 consuevit,
3295 2091 3527 2156 Ecclesia,
3548 2099 3763 2158 tanquam

2199 2163 2347 2253 solus
2377 2164 2554 2221 Filius
2583 2186 2704 2226 cum
2737 2175 2901 2229 Patre
2927 2181 3208 2247 possideat
3246 2198 3482 2253 regnum,
3512 2181 3558 2233 in
3587 2177 3766 2231 unitate

2195 2249 2406 2305 scilicet
2437 2254 2688 2325 Spiritus
2720 2265 2930 2333 sancti,
2957 2275 3012 2320 ut
3035 2249 3324 2339 regnantes
3341 2271 3581 2335 adunare,
3605 2281 3694 2320 non
3707 2263 3762 2317 si-

2193 2341 2310 2394 mul
2339 2357 2579 2415 regnare
2598 2347 2841 2420 Spiritus
2869 2359 3089 2411 sanctus
3110 2359 3443 2415 intimetur‘?

2751 2459 2904 2517 258
2951 2479 3289 2522 anseonsm.

2189 2738 2440 2804 nostros,
2457 2754 2633 2808 quam
2656 2743 2788 2798 ﬁdei
2812 2748 3111 2805 veritatem
3130 2759 3333 2808 contra
3349 2753 3546 2808 multas
3567 2751 3762 2806 hereses

2187 2827 2573 2913 praemunisse
2591 2834 2829 2902 cognovi
2843 2875 2854 2887 .
2868 2835 3013 2892 illud
3031 2840 3254 2913 quippe
3273 2843 3511 2913 primum
3526 2838 3765 2894 attenden-

2188 2912 2329 2967 dum
2353 2921 2463 2981 est,
2499 2920 2654 2988 quod
2685 2921 2746 2990 in
2781 2925 3163 2986 conclusione
3189 2912 3482 3000 orationis,
3510 2932 3600 2986 Per
3621 2930 3763 2984 testim

2189 3000 2461 3058 Christum
2493 3006 2699 3064 Filium
2727 3015 2886 3070 tuum
2928 3017 3220 3076 Dominum
3253 3025 3488 3076 nostrum
3529 3018 3762 3077 dicimus:

2185 3105 2281 3156 per
2301 3090 2571 3162 Spiritum
2589 3113 2720 3154 vero
2740 3113 2998 3160 sanctum
3015 3107 3352 3166 nullatenus
3366 3109 3593 3164 dicimus
3613 3123 3624 3161 :
3645 3100 3765 3175 quod

425 3191 657 3263 (Coloss.
693 3209 753 3257 ii,
785 3193 859 3264 9).
892 3212 918 3242 ν
947 3195 1098 3294 ΙΝϐῐξ]
1112 3208 1178 3262 pe
1201 3192 1326 3263 ipse
1353 3196 1556 3249 beatus
1576 3197 1944 3266 Augustinus
1966 3197 2068 3264 ait,
2098 3229 2145 3294 ο
2188 3180 2390 3294 υίίίίιξθ
2417 3200 2531 3294 ne?
2564 3185 2817 3294 iugiter
2846 3193 3136 3252 catholica
3169 3198 3518 3255 concelebrat
3546 3191 3766 3294 Ecclesia.

425 3281 702 3351 quoniam
735 3280 890 3335 Deus
946 3279 1218 3336 habitans
1265 3283 1496 3351 capitur
1520 3300 1533 3338 :
1561 3285 1833 3354 quocirca
1863 3285 1936 3340 ab
1969 3285 2070 3341 illo

421 3369 724 3440 plenitudo
748 3369 1067 3424 divinitatis
1090 3369 1218 3425 sine
1247 3371 1426 3427 dubio
1449 3373 1696 3444 capitur,
1732 3374 1790 3428 in
1810 3389 1925 3445 quo
1942 3375 2072 3446 ipsa

427 3459 750 3513 divinitatis
771 3459 995 3512 habitat
1015 3458 1331 3526 plenitudo.
1363 3465 1423 3515 In
1439 3477 1505 3516 eo
1529 3467 1723 3517 autem
1743 3465 1992 3533 capitur,
2009 3464 2066 3518 in

423 3561 538 3616 quo
571 3547 959 3618 cognoscitur.
999 3546 1082 3600 llli
1107 3564 1243 3617 ergo
1268 3548 1325 3602 in
1350 3565 1464 3619 quo
1487 3549 1709 3604 habitat
1729 3552 1922 3606 omnis
1947 3551 2065 3622 ple-

426 3635 632 3690 nitudo
682 3635 1027 3701 divinitatis,
1064 3653 1176 3691 non
1214 3642 1401 3706 potest
1450 3639 1636 3708 ipsius
1681 3638 2068 3710 plenitudinis

419 3725 589 3796 plena
607 3743 716 3779 non
733 3725 922 3780 inesse
936 3727 1554 3800 notitiaJndeestquod
1576 3731 1780 3785 beatus
1794 3732 2070 3800 Augusti-

419 3831 530 3867 nus
551 3815 605 3866 in
621 3815 819 3868 eodem
837 3815 1246 3886 libro(lbidem)
1266 3817 1436 3886 paulo
1454 3819 1716 3888 posthaec
1733 3818 1869 3874 dicit
1891 3836 1902 3871 :
1924 3820 2066 3886 Quid

411 3917 539 3968 ergo
569 3912 643 3956 est
664 3901 691 3956 ‘?
723 3904 956 3958 Haecine
985 3907 1250 3960 interesse
1279 3908 1624 3961 arbitramur
1653 3907 1802 3962 inter
1827 3919 1987 3978 caput
2015 3917 2066 3964 et

412 3992 662 4046 membra
692 4000 918 4060 cae/era,
950 3993 1090 4063 quod
1137 3995 1197 4048 in
1228 3985 1750 4066 quolibel’quamvis
1779 3996 2064 4067 praecipuo

415 4081 682 4140 membro.
717 4082 862 4136 velut
887 4084 944 4136 in
964 4084 1151 4153 aliquo
1181 4100 1384 4152 magno
1405 4084 1664 4154 propheta
1684 4095 1780 4140 aut
1798 4088 2062 4158 apostolo,

414 4173 671 4243 quamvis
697 4170 963 4226 divinitas
992 4173 1230 4237 habitet,
1255 4189 1364 4227 non
1388 4183 1590 4236 tamen,
1624 4175 1764 4229 sicut
1794 4175 1856 4229 in
1883 4179 2065 4247 capite

415 4256 557 4327 quod
585 4265 661 4311 est
685 4255 954 4324 Christus,
981 4257 1158 4311 omnis
1175 4257 1459 4327 plenitudo
1478 4256 1792 4313 divinitatis
1813 4259 1839 4314 ?
1859 4261 1996 4314 Nam
2013 4265 2065 4316 et

412 4347 472 4399 in
501 4353 684 4400 nostro
730 4362 953 4414 corpore
984 4345 1128 4402 inest
1157 4363 1344 4401 sensus
1374 4348 1615 4415 singulis
1647 4349 1929 4416 membris,
1961 4353 2063 4408 sed

409 4448 518 4486 non
552 4440 735 4488 tantus
768 4445 1003 4504 quantus
1043 4436 1100 4488 in
1131 4437 1329 4502 capite,
1372 4436 1466 4489 ubi
1519 4451 1748 4505 prorsus
1774 4440 1953 4493 omnis
1982 4445 2062 4496 est

411 4523 652 4591 quinque
680 4528 937 4591 partitus.
974 4524 1055 4577 Ibi
1085 4523 1234 4577 enim
1267 4535 1346 4578 est
1373 4525 1538 4590 uisus,
1561 4533 1610 4579 et
1633 4527 1880 4593 auditus,
1904 4538 1957 4584 et
1977 4530 2058 4585 ol-

2187 3275 2426 3358 propter
2453 3272 2592 3328 illud
2629 3277 2831 3349 utique
2861 3295 3329 3356 sacramentum,
3361 3287 3502 3358 quod
3535 3285 3766 3340 mediator

2181 3357 2282 3412 Dei
2307 3364 2364 3414 et
2387 3360 2692 3420 hominum
2717 3368 2904 3426 factus
2925 3373 3208 3432 esthomo
3225 3375 3658 3440 ChristusJesus,
3681 3369 3764 3424 Sa-

2179 3450 2382 3504 cerdos
2400 3450 2456 3506 in
2473 3457 2757 3512 aeternum
2775 3463 3366 3524 secundumordinem
3383 3457 3766 3522 Melchisedech.

2178 3537 2276 3606 qui
2295 3554 2395 3608 per
2408 3544 2597 3612 propri
2610 3551 3052 3620 umsanguinem
3063 3557 3249 3612 semel
3265 3554 3570 3612 introivitin
3587 3551 3765 3619 sancta,

2177 3641 2292 3680 non
2311 3629 2510 3699 utique
2532 3638 2866 3694 mauul'acta
2879 3645 3242 3714 exemplaria
3255 3661 3504 3703 verorum
3520 3636 3768 3713 (u)(”€b"

2176 3730 2251 3776 "‘v
2284 3715 2399 3787 24b
2431 3721 2530 3774 ⁸θά
2557 3721 2613 3777 in
2647 3725 2842 3794 ipsum
2866 3732 3098 3799 cmlum,
3137 3737 3238 3791 ubi
3263 3744 3349 3792 est
3371 3737 3424 3790 in
3447 3736 3651 3787 dextera
3671 3721 3768 3788 Dei.

2175 3809 2231 3892 et
2260 3803 2592 3874 interpellat
2625 3829 2726 3882 pro
2759 3819 2948 3876 nobis.
2980 3827 3095 3878 Hoc
3128 3825 3188 3880 in
3214 3843 3280 3881 eo
3307 3824 3645 3892 pontiﬁcatus
3663 3813 3761 3868 olli-

2175 3891 2325 3987 ciurn
2346 3893 2581 3955 intuens
2603 3903 2919 3973 Apostolus
2937 3913 3046 3967 ait:
3065 3914 3366 3987 Peripsum
3383 3929 3507 3984 ergo
3521 3911 3764 3981 oﬂeramus

2174 3980 2414 4076 hostium
2447 3987 2628 4045 laudis
2658 4011 2873 4065 semper
2903 4000 3009 4056 Deo
3050 4003 3108 4058 id
3138 3980 3216 4060 est
3263 3980 3496 4076 fructum
3542 3980 3762 4053 labiorum

2173 4071 2552 4164 conﬁtentium
2577 4087 2799 4140 nomini
2825 4088 2947 4158 ejus
2971 4093 3163 4161 (Hebr.
3201 4071 3322 4160 Xlil,
3349 4096 3452 4164 15).
3487 4096 3583 4145 Per
3609 4089 3762 4156 ipsum

2171 4174 2309 4231 ergo
2343 4161 2594 4224 hostiam
2625 4169 2823 4230 laudis
2847 4183 3021 4249 atque
3041 4183 3322 4239 orationis
3344 4161 3636 4238 offerimus.
3654 4169 3765 4243 (Ιυίδ

2174 4265 2276 4319 P9P
2305 4253 2432 4320 ejus
2457 4265 2701 4317 mortem
2727 4268 3088 4326 reconciliati
3112 4289 3322 4328 sumus
3349 4289 3476 4328 cum
3502 4263 3768 4324 inimiciss-

2173 4341 2504 4398 semus.Per
2521 4346 2713 4418 ipsum
2734 4353 2890 4409 enim
2913 4358 3012 4429 qui
3034 4377 3134 4429 pro
3157 4364 3324 4418 nobis
3340 4359 3521 4416 hostia
3541 4354 3768 4424 dignm“s

2171 4433 2262 4482 est
2294 4430 2438 4503 ﬁeri,
2475 4445 2663 4507 potest
2697 4442 2754 4498 in
2787 4457 3102 4519 conspectu
3138 4453 3236 4508 Dei
3267 4460 3462 4508 nostra
3492 4448 3662 4504 hostia
3700 4453 3770 4493 ac-

2171 4522 2480 4589 ceptabilis
2512 4527 2777 4588 inveniri.
2812 4535 3122 4610 Propterea
3145 4559 3250 4598 nos
3275 4543 3474 4597 beatUS
3497 4544 3676 4593 Petrus
3691 4526 3768 4582 ad-

409 4589 609 4677 fectus,
641 4589 690 4663 et
719 4617 929 4678 gustus,
962 4622 1009 4666 et
1034 4623 1224 4666 tactus.
1261 4615 1322 4667 In
1354 4617 1574 4669 cmteris
1598 4622 1785 4672 autem
1813 4589 1962 4673 solus
1979 4625 2064 4676 est
2092 4589 2142 4653 θ
2173 4617 2394 4680 monet»
2425 4615 2665 4676 άίθθηεε
2701 4623 2763 4678 Ει
2787 4640 2878 4680 υοδ
2909 4589 3171 4700 ιῖιπᾳιιανη
3207 4629 3422 4701 (“Fides
3451 4628 3554 4685 υίυί
3580 4618 3774 4689 θάψω

414 4700 613 4750 tactus.
652 4700 733 4750 An
762 4698 934 4752 etiam
963 4705 1166 4765 praeter
1193 4702 1309 4765 hoc,
1333 4703 1472 4772 quod
1488 4707 1750 4774 tanquam
1767 4705 1826 4760 in
1850 4710 2070 4780 templo,

415 4785 478 4838 in
507 4782 610 4836 illo
641 4801 867 4852 corpore
887 4787 1096 4841 habitat
1116 4788 1296 4842 omnis
1319 4791 1602 4857 plenitudo
1627 4795 1964 4863 divinitatis,
1987 4806 2070 4854 est

417 4871 576 4926 aliud
597 4873 738 4942 quod
759 4875 984 4927 intersit
1003 4876 1148 4927 inter
1168 4875 1310 4929 illud
1329 4887 1493 4944 caput
1513 4883 1561 4933 et
1578 4882 1870 4949 cujuslibet
1904 4903 2071 4942 mem-

423 4963 509 5016 bri
539 4961 976 5017 excellentiam?
1009 4965 1106 5017 Est
1128 4963 1313 5032 plane,
1348 4965 1488 5034 quod
1519 4969 1803 5034 singulari
1831 4975 2071 5042 quadam

411 5054 771 5122 susceptione,
805 5051 1046 5106 hominis
1081 5049 1245 5106 illius
1271 5068 1385 5105 una
1413 5057 1562 5114 lucta
1586 5067 1663 5109 est
1679 5073 1916 5126 persona
1943 5079 2070 5120 cum

416 5143 600 5198 Verbo.
629 5143 701 5197 De
715 5142 868 5196 nullo
890 5157 952 5196 en
963 5143 1039 5195 im
1061 5145 1378 5195 sanctorum
1399 5140 1511 5195 dici
1529 5147 1734 5212 potuit,
1756 5159 1853 5202 aut
1872 5158 2066 5220 potest,

406 5241 506 5286 aut
538 5234 734 5302 poterit
768 5231 1058 5286 :Verbutn
1095 5246 1228 5284 caro
1262 5232 1481 5284 factum
1515 5236 1603 5285 est
1648 5234 1826 5296 (Jonn.
1859 5254 1899 5302 1,
1953 5242 2063 5314 14).

407 5319 614 5375 Nullus
629 5326 952 5377 sanctorum
970 5320 1210 5392 qualibet
1221 5321 1547 5389 prestantia
1568 5332 1772 5388 gratia?
1789 5326 2070 5399 Unigeniti

409 5423 606 5462 nomen
637 5412 881 5479 accepit;
915 5422 974 5464 ut
1003 5409 1144 5480 quod
1195 5415 1274 5465 est
1325 5410 1510 5480 ipsum
1549 5411 1647 5466 Dei
1687 5413 1909 5472 Verbum
1940 5431 2068 5479 ante

408 5497 638 5561 saecula,
671 5500 768 5552 hoc
812 5501 982 5554 simul
1025 5517 1152 5555 cum
1183 5509 1459 5570 assumpto
1509 5501 1737 5558 homine
1764 5505 2062 5568 diceretur.

413 5581 726 5649 Singularis
753 5601 880 5655 ergo
911 5593 987 5643 est
1019 5590 1120 5642 illa
1143 5592 1437 5661 susceptio,
1470 5608 1570 5648 nec
1587 5608 1714 5648 cum
1745 5595 2066 5659 hominibus

2181 4703 2326 4756 mini
2349 4702 2408 4757 in
2433 4704 2652 4763 domum
2681 4712 3022 4784 spiritalem,
3064 4718 3126 4773 in
3154 4721 3513 4775 sacerdotium
3539 4720 3766 4770 sanctum,

2179 4792 2464 4863 oﬂerentes
2473 4798 2754 4867 spiritales
2773 4803 2997 4868 hostias,
3019 4811 3383 4880 acceptabites
3395 4811 3493 4865 Deo
3515 4809 3609 4862 Per
3624 4801 3768 4858 Jesum

2179 4881 2450 4940 Christum
2483 4889 2538 4948 (Ι
2567 4893 2709 4945 Petr.
2735 4907 2794 4960 ιι,
2826 4894 2903 4961 5).
2945 4895 3060 4952 Hac
3094 4897 3274 4970 igitur
3307 4900 3524 4953 ratione
3565 4889 3770 4946 dicimus

2178 4974 2295 5029 Deo
2327 4978 2483 5030 Patri
2517 4981 2624 5033 Per
2650 4980 2833 5036 Iesum
2873 4985 3155 5042 Christum
3203 4988 3491 5042 Dominum
3539 4987 3765 5036 nostrum.

2177 5063 2324 5118 Nam
2359 5066 2504 5122 bene
2537 5071 2688 5125 nosti
2725 5088 3146 5146 nonnunquam
3169 5077 3282 5131 dici
3310 5093 3324 5133 :
3355 5083 3460 5132 Per
3487 5067 3772 5128 Sacerdotem

2176 5161 2450 5210 aeternum
2470 5156 2675 5214 Filium
2698 5164 2850 5216 tuum
2881 5166 3177 5220 Dominum
3199 5175 3448 5220 nostrum
3465 5164 3630 5219 Iesum
3652 5149 3776 5209 Chri-

2175 5248 2344 5299 stum.
2373 5249 2514 5300 Cuin
2559 5264 2695 5320 ergo
2729 5254 3050 5307 sacerdotis
3100 5255 3162 5308 fit
3193 5256 3430 5320 mentio,
3477 5247 3611 5322 quid
3639 5235 3765 5299 aliud

2176 5350 2352 5404 quam
2371 5337 2706 5407 mysterium
2718 5339 3024 5396 dominicae
3043 5341 3462 5398 lncarnationis
3473 5331 3774 5394 ostenditur.

2175 5440 2291 5494 quo
2324 5425 2424 5480 Dei
2452 5425 2655 5492 Filius,
2677 5443 2811 5482 cum
2838 5429 2894 5483 in
2921 5430 3106 5486 forma
3127 5431 3220 5486 Dei
3241 5438 3412 5498 esset,
3433 5423 3766 5493 semetipsum

2175 5511 2514 5585 exinanivit,
2525 5515 2769 5572 formam
2787 5519 2933 5574 servi
2951 5521 3275 5591 accipiens;
3296 5519 3607 5574 secundum
3624 5516 3768 5580 quam

2175 5621 2236 5660 se
2268 5601 2619 5672 humiliavit,
2655 5607 2846 5662 factus
2892 5609 3172 5664 obediens
3205 5624 3393 5682 usque
3423 5607 3490 5663 ad
3525 5605 3774 5659 mortem;

483 5705 554 5772 la)
585 5706 682 5758 Sic
717 5724 821 5761 ms.
846 5710 1000 5763 Tun.
1035 5717 1092 5764 et
1126 5717 1284 5780 Ant.,
1320 5715 1702 5770 conl‘ormiter
1733 5722 1914 5777 textui
1948 5727 2268 5800 apostolico
2297 5751 2310 5795 ε
2344 5725 2440 5780 alii
2473 5728 2668 5796 codd.,
2705 5731 2968 5786 veritatis.
