3878 6350
386 304 519 373 ,ᾂΞΊ

1403 296 1469 356 S.
1515 289 1951 355 FULGENTII
1991 284 2346 349 EPISCOPI
2390 290 2816 354 RUSPENSIS

3633 314 3730 372 428

409 436 663 508 ejusdem
691 434 1036 498 substantiae,
1059 432 1337 488 continuo
1362 429 1690 500 subjunxit,
1723 426 2066 499 Quapropter
2093 424 2147 491 Α
2176 423 2439 495 luerunt,
2462 430 2528 482 ut
2547 443 2663 483 non
2683 428 2833 484 duos
2851 427 3067 484 calices
3088 430 3363 492 aDomino
3386 439 3535 497 datos
3552 460 3735 502 assere.

406 524 653 597 Spiritus
681 528 911 578 sanctus
942 523 1002 576 in
1031 521 1225 576 eadem
1254 521 1466 575 unitate
1493 519 1818 574 substantiae
1855 530 2056 585 aequa-

410 617 566 671 litate
620 613 872 670 consistit
901 611 1002 684 (al.
1052 611 1351 682 subsistit).
1408 610 1537 666 Sive
1574 609 1727 664 enim
1768 605 1839 662 sit
1868 603 2061 661 unitas

408 707 717 774 amborum,
749 706 866 760 sive
892 706 1186 769 sanctitas,
1231 704 1346 757 sive
1372 702 1602 767 caritas,
1633 702 1750 755 sive
1779 699 1902 753 ideo
1932 693 2060 751 uni-

409 802 491 852 tas
520 797 652 867 quia
680 798 907 862 caritas,
937 803 988 850 et
1009 794 1127 849 ideo
1156 795 1368 848 caritas
1397 794 1530 864 quia
1567 788 1867 857 sanctitas,
1886 786 2066 841 mani-

404 889 611 958 festum
634 895 715 941 est
741 884 884 958 quod
914 902 1023 941 non
1075 884 1292 955 aliquis
1325 883 1562 939 duorum
1589 892 1665 937 est
1694 896 1800 952 quo
1831 882 2065 948 uterque

410 977 793 1049 conjungitur,
826 991 932 1047 quo
962 977 1185 1045 genitus
1214 992 1248 1028 a
1274 972 1538 1044 gignente
1565 970 1859 1040 diligatur,
1904 981 2064 1037 gene-

408 1070 756 1139 ratoremque
782 1083 944 1122 suum
961 1066 1164 1135 diligat
1187 1083 1201 1133 ;
1222 1064 1440 1136 sintque
1469 1081 1582 1119 non
1611 1058 2064 1133 participatione,

409 1156 503 1213 sed
540 1158 783 1213 essentia
812 1172 914 1212 sua
938 1171 1151 1226 meque
1179 1155 1318 1209 dono
1342 1154 1647 1225 superioris
1674 1151 1942 1217 alicuius,
1973 1146 2067 1203 sed

406 1264 505 1304 suo
532 1248 789 1318 proprio,
818 1250 1102 1303 sementes
1132 1247 1409 1303 unitatem
1441 1243 1687 1313 Spiritus
1719 1240 1945 1297 vinculo
1963 1255 2067 1309 pa-

406 1338 508 1392 cis.
544 1341 608 1391 Et
640 1335 812 1408 paulo
864 1343 989 1405 post
1031 1335 1286 1405 (Ibidem)
1323 1350 1337 1389 :
1389 1332 1631 1403 Spiritus
1675 1347 1803 1402 ergo
1846 1336 2068 1384 sanctus

406 1442 695 1483 commune
714 1424 931 1496 aliquid
951 1430 1034 1481 est
1059 1423 1246 1480 Patris
1261 1427 1312 1478 et
1335 1422 1486 1487 Filii,
1510 1420 1774 1493 quitquid
1804 1418 1940 1473 illud
1952 1422 2065 1473 est:

413 1522 471 1571 at
498 1513 621 1586 ipsa
649 1513 967 1569 communio
995 1510 1486 1569 consubstantialis
1535 1513 1585 1566 el
1612 1514 1911 1567 coaeterna.
1943 1507 2071 1575 Quae

414 1603 465 1657 si
492 1604 749 1658 amicitia
777 1605 1167 1658 convenienter
1204 1602 1318 1657 dici
1344 1605 1535 1672 potest,
1569 1600 1789 1656 dicatur
1806 1615 1827 1660 ;
1856 1598 1949 1653 sed
1976 1613 2073 1667 ap-

415 1691 529 1747 tius
558 1693 1019 1749 diciturcaritas.
1071 1693 1133 1747 Et
1163 1692 1279 1747 haec
1308 1706 1517 1762 quoque
1558 1687 1894 1750 substantia,
1938 1684 2073 1758 quia

2165 515 2425 580 rent,sed
2452 516 2645 588 potius
2673 535 2775 590 per
2795 520 3274 592 anticipationem
3297 526 3499 584 dictum
3520 548 3629 589 esse
3655 535 3733 590 6r-

2167 608 2394 660 marent
2421 624 2436 674 ;
2469 612 2742 663 caeterum
2781 625 2965 665 unum
3001 627 3129 666 esse
3159 613 3381 670 calicem
3405 617 3493 687 qui
3522 624 3573 674 et
3597 627 3740 678 antea

2171 693 2608 760 dividendus,et
2626 702 2828 770 postea
2840 699 3130 756 bibendus
3142 711 3743 768 commemoraturdatus

2171 799 2301 839 esse
2323 783 2656 857 discipulis.
2673 786 2919 850 Quidam
2937 805 3071 845 vero
3085 792 3331 846 secundo
3345 792 3527 850 datum
3542 797 3743 855 calicem

2173 872 2555 929 firmant.Sed
2577 875 2697 932 sive
2719 876 2846 944 hoc,
2874 876 2994 933 sive
3017 877 3157 933 illud
3180 881 3414 953 quisque
3427 885 3747 955 sentiat,talis

2172 968 2261 1020 est
2287 969 2527 1035 uterque
2544 973 2852 1035 sensus,ut
2878 986 2908 1022 a
2922 985 3056 1025 vera
3078 968 3190 1024 {ide
3206 971 3515 1029 nullatenus
3529 974 3747 1033 invenia-

2173 1058 2270 1109 tur
2316 1060 2647 1113 extraneas.
2681 1057 2748 1113 Hi
2772 1072 2906 1114 vero
2941 1058 3042 1130 qui
3075 1060 3386 1117 secundum
3414 1063 3500 1132 (al.
3528 1068 3749 1137 secundo)

2175 1144 2376 1199 datum
2393 1146 3008 1215 existimantcalicem,
3043 1147 3152 1204 hoc
3184 1148 3391 1205 factum
3423 1151 3474 1206 in
3494 1152 3744 1225 signiﬁca-

2175 1233 2333 1289 tione
2363 1234 2636 1291 dixerunt
2668 1253 2681 1291 :
2714 1237 2814 1291 alii
2865 1243 3194 1293 asserentes
3223 1240 3372 1309 quod
3396 1240 3450 1294 in
3480 1241 3646 1312 primo
3673 1260 3750 1299 ca-

2175 1324 2283 1380 lice
2311 1341 2502 1392 suam,
2538 1325 2595 1380 in
2632 1328 2892 1383 secundo
2919 1344 3050 1382 vero
3075 1326 3332 1383 ﬁdelium
3353 1345 3570 1384 suorum
3593 1330 3753 1387 Domi-

2180 1430 2291 1469 nus
2337 1416 2794 1486 prasﬁguraverit
2828 1419 3177 1488 passionem.
3209 1417 3317 1472 Alii
3363 1435 3486 1473 vero
3528 1420 3757 1477 dixerunt

2179 1503 2236 1559 in
2271 1510 2517 1576 utroque
2545 1506 2722 1561 calice
2750 1506 2895 1562 illud
2931 1507 3183 1576 ostendi,
3214 1509 3359 1579 quod
3388 1509 3443 1564 in
3469 1511 3621 1564 veteri
3649 1511 3755 1566 Tes-

2178 1596 2437 1649 tamento
2468 1600 2818 1666 prmoeptum
2851 1597 3159 1665 est(E:cod.
3191 1616 3289 1665 x11,
3317 1601 3385 1667 5;
3408 1602 3550 1656 Nam.
3581 1604 3754 1674 111,11),

2183 1687 2247 1737 ut
2277 1683 2378 1753 qui
2436 1682 2661 1739 Pascha
2688 1685 2862 1756 primi
2920 1688 3144 1743 mensis
3191 1703 3402 1760 agnum
3455 1690 3756 1747 comedenda

413 1781 558 1837 Deus
586 1783 910 1837 substantia
940 1790 992 1837 et
1024 1786 1167 1837 Deus
1195 1782 1411 1836 caritas
1445 1781 1500 1853 (Ι
1529 1781 1692 1836 Joan.
1726 1794 1803 1845 ιν,
1837 1777 1948 1847 16),
1992 1776 2072 1830 si-
2103 1794 2151 1859 Β
2184 1788 2298 1827 non
2330 1773 2536 1844 egerit,
2568 1772 2627 1827 in
2661 1774 2919 1830 secundo
2951 1792 3155 1833 mense
3188 1777 3244 1831 in
3286 1777 3426 1833 haedi
3454 1780 3752 1836 comestione

412 1874 504 1926 cut
531 1871 809 1941 scriptum
841 1880 945 1926 est.
982 1873 1127 1927 Item
1163 1870 1279 1926 alio
1312 1870 1441 1925 loco
1472 1869 1736 1939 ejusdem
1771 1866 1907 1922 libri
1945 1866 2073 1937 (Eo-

415 1958 537 2015 dem
562 1976 682 2031 cap.
714 1961 771 2032 5)
800 1960 942 2016 dicit
975 1977 988 2016 :
1016 1958 1269 2032 Equalis
1296 1960 1572 2028 estigitur
1608 1957 1783 2014 etiam
1816 1955 2073 2027 Spiritus

414 2053 686 2114 sanctus;
717 2058 769 2105 et
795 2052 847 2105 si
877 2049 1140 2121 aequalis,
1184 2048 1245 2104 in
1298 2051 1559 2105 omnibus
1588 2047 1821 2118 aequalis
1851 2048 2073 2116 propter

418 2155 693 2195 summam
722 2140 1144 2209 simplicitatem
1169 2154 1288 2211 quae
1321 2142 1377 2193 in
1410 2138 1519 2192 illa
1549 2137 1856 2192 substantia
1875 2137 1975 2190 est.
2010 2134 2073 2188 Et

418 2231 545 2287 ideo
575 2247 684 2287 non
709 2231 952 2301 amplius
974 2247 1139 2301 quam
1171 2232 1281 2284 tria
1301 2233 1432 2284 sunt
1465 2244 1479 2282 :
1511 2243 1656 2282 unus
1671 2226 1915 2298 diligens
1944 2240 2072 2280 eum

420 2321 517 2393 qui
545 2320 610 2375 de
638 2321 735 2376 illo
765 2328 862 2389 est,
897 2323 949 2375 et
996 2336 1139 2375 unus
1177 2319 1417 2387 diligens
1464 2334 1591 2373 eum
1640 2316 1705 2372 de
1760 2331 1865 2387 quo
1893 2317 1991 2382 est,
2023 2322 2074 2370 et

418 2411 541 2481 ipsa
571 2410 793 2465 dilectio
821 2428 840 2464 :
874 2424 999 2479 quae
1026 2410 1078 2464 si
1128 2406 1288 2463 nihil
1310 2412 1408 2477 est,
1444 2406 1711 2479 quomodo
1741 2406 1882 2461 Deus
1904 2404 2073 2460 dilec-

424 2500 498 2554 tio
529 2501 607 2553 est
635 2497 663 2551 ‘t
692 2500 743 2552 si
770 2513 880 2552 non
901 2506 983 2553 est
1010 2497 1338 2567 substantia,
1365 2497 1625 2569 quomodo
1645 2497 1786 2551 Deus
1814 2495 2072 2551 substan-

423 2587 504 2642 tia
521 2589 598 2641 est
627 2585 655 2639 ‘t
678 2585 780 2641 His
832 2588 1031 2658 itaque
1056 2586 1250 2642 verbis
1281 2586 1489 2641 beatus
1547 2584 1915 2656 Augustinus
1955 2599 2072 2639 non

429 2674 740 2743 dubitavit,
768 2675 924 2730 sicut
949 2677 1248 2731 caritatem
1284 2681 1341 2731 et
1360 2675 1760 2737 sanctitatem,
1783 2673 1866 2729 sic
1896 2673 2073 2728 etiam

430 2765 715 2820 unitatem
750 2764 939 2820 Patris
969 2770 1027 2820 et
1051 2765 1177 2820 Filii
1208 2765 1493 2835 Spiritum
1527 2768 1801 2819 sanctum
1836 2763 2031 2820 dicere
2058 2781 2072 2831 ;

428 2868 535 2909 nec
591 2853 783 2910 solum
843 2870 1157 2911 commune
1215 2853 1438 2925 aliquid
1495 2869 1715 2921 eorum,
1764 2852 1869 2909 sed
1897 2855 2071 2908 etiam

430 2944 902 2999 communionem
978 2941 1542 2999 consubstantialem
1612 2951 2077 3014 coaeternamque

431 3031 781 3087 fiducialiter
813 3033 1147 3105 praedicare.
1179 3032 1343 3100 Quod
1368 3033 1571 3103 utique
1602 3032 1731 3087 ideo
1764 3048 1798 3087 a
1826 3030 2073 3087 catholi-

428 3123 511 3177 cis
544 3120 781 3188 dicitur,
815 3128 880 3177 ut
907 3138 975 3178 ex
1004 3123 1133 3194 ipso
1168 3122 1411 3178 unitatis
1456 3122 1693 3179 nomine
1723 3138 1841 3177 una
1870 3138 2071 3178 essen-

427 3211 531 3278 tia,
559 3216 616 3267 et
660 3229 731 3269 ex
770 3213 879 3269 hoc
927 3230 1111 3269 unum
1134 3213 1281 3269 261
1338 3229 1612 3283 regnum,
1659 3217 1718 3269 et
1766 3212 1827 3268 in
1868 3213 2072 3268 eodem

432 3322 547 3362 uno
589 3321 767 3377 regno
800 3322 918 3361 una
944 3305 1241 3360 Trinitatis
1275 3309 1560 3376 potestas,
1593 3319 1826 3376 unaque
1859 3304 2075 3375 majes-

430 3401 522 3453 tas
549 3414 580 3452 a
613 3397 884 3452 ﬁdelibus
938 3400 1296 3469 agnoscatur
1320 3413 1343 3459 ;
1372 3412 1446 3451 ne
1482 3400 1717 3467 putetur
1738 3399 1839 3451 aut
1872 3395 2074 3466 Filius,

429 3491 532 3543 aut
561 3487 811 3558 Spiritus
853 3492 1092 3542 sanctus
1142 3486 1466 3542 secundum
1510 3485 1766 3541 divinam
1802 3490 2073 3541 naturam

425 3576 508 3631 ita
536 3577 843 3631 cumPatre
873 3593 1134 3648 regnare,
1161 3575 1660 3647 quemadmodum
1685 3591 1818 3631 cum
1851 3576 2074 3647 potiore

427 3670 635 3737 regnat
682 3664 968 3733 inferior;
1009 3666 1113 3721 sed
1162 3665 1261 3722 illa
1314 3664 1510 3720 unitas
1557 3664 1810 3736 Spiritus
1860 3663 2071 3731 sancti,

428 3771 555 3826 quas
590 3758 677 3809 est
708 3754 1044 3810 communio
1080 3754 1274 3809 Patris
1318 3759 1375 3809 et
1403 3754 1557 3823 Filii,
1588 3754 1730 3808 dum
1758 3753 1859 3809 illo
1893 3771 2072 3826 regno

426 3843 712 3897 unitatem
748 3842 1074 3897 divinitatis
1106 3848 1419 3913 monstrat,
1453 3860 1628 3899 unam
1660 3860 1790 3898 esse
1820 3859 2072 3915 regnan-

424 3931 481 3985 di
515 3931 919 3994 aaternitatem,
953 3947 1131 3986 unam
1167 3937 1536 4002 potestatem,
1570 3949 1747 3987 unam
1782 3933 2069 4004 majesta-

421 4023 563 4088 tem,
609 4035 906 4090 unamque
956 4019 1421 4076 dominationem
1458 4037 1705 4078 summas
1761 4021 2070 4079 Trinitatis

420 4108 681 4165 edoceat.

983 4214 1233 4263 QUBSTIO
1275 4215 1506 4262 QUINTA.

490 4287 579 4343 39.
613 4286 887 4353 Quintam
922 4304 1078 4352 vero,
1108 4288 1269 4343 idest
1290 4288 1961 4355 novissimam,continet
1976 4288 2069 4347 his

416 4378 609 4433 verbis
650 4376 901 4448 epistola
948 4379 1354 4450 quaestionem.
1419 4378 1561 4447 Quid
1609 4382 1681 4434 sit
1726 4380 1868 4451 quod
1899 4381 2070 4435 Lucas

414 4467 751 4535 evangelista
765 4482 974 4522 aenum
994 4470 1216 4523 Domini
1239 4479 1597 4533 narraturus,
1631 4469 1915 4539 priuscum
1934 4470 2068 4525 dicit

413 4557 642 4610 calicem
694 4560 982 4626 accepisse,
1012 4561 1062 4613 et
1111 4559 1400 4629 discipulis
1441 4558 1804 4614 dividendum
1841 4562 1987 4614 inter
2012 4575 2069 4614 se
2097 4540 2146 4605 D

412 4646 672 4698 continuo
695 4647 990 4700 tradidisse
1014 4666 1028 4713 ;
1062 4653 1242 4703 ellum
1268 4648 1466 4703 deinde
1489 4657 1706 4718 accepto
1725 4665 1867 4719 pane
1886 4648 2063 4703 diris-

411 4746 504 4786 se:
539 4756 565 4781 (ι
601 4733 707 4787 Hoc
767 4736 843 4787 est
871 4750 1065 4802 corpus
1122 4753 1303 4790 meum
1354 4757 1369 4804 ;
1418 4760 1443 4786 υ
1475 4742 1525 4793 et
1550 4748 1769 4807 accepto
1798 4738 2065 4793 similiter

409 4823 696 4890 postquam
720 4828 950 4876 ccenavzt
970 4823 1301 4890 calice,tunc
1321 4826 1526 4882 dixisse
1545 4845 1564 4881 :
1590 4848 1613 4879 ο
1641 4830 1751 4883 llic
1776 4829 1933 4884 calix
1954 4829 2056 4883 No-

409 4924 539 4963 vum
572 4909 973 4964 Testamentum
992 4918 1069 4966 est
1094 4915 1153 4967 in
1183 4930 1459 4982 sanguine
1487 4932 1626 4981 meo,
1655 4917 1752 4987 qui
1777 4933 1880 4986 pro
1911 4918 2061 4973 vobis

404 4997 778 5070 funditur[al.
795 5000 1125 5072 eﬂundetur]
1140 5003 1292 5071 (Luc.
1313 5019 1451 5070 xxu,
1470 5004 1709 5076 t7sqq.).
1740 5028 1768 5055 ››
1790 5008 1907 5061 Ista
1925 5022 2060 5063 vero

408 5090 733 5161 quaestione
751 5090 1048 5161 proposita
1062 5109 1128 5146 su
1141 5092 1193 5164 bj
1206 5109 1236 5145 u
1249 5090 1379 5163 ngis
1394 5098 1451 5147 et
1465 5093 2061 5167 dicis:.\'unquidunus

405 5178 559 5233 calix
585 5180 819 5234 secundo
847 5188 927 5235 est
945 5185 1125 5244 datus,
1158 5197 1230 5235 an
1262 5181 1415 5236 alius
1442 5185 1618 5253 prius,
1649 5185 1795 5239 alius
1838 5186 2061 5252 postea?

403 5269 515 5322 etsi
538 5273 620 5323 ita
646 5274 746 5331 est,
767 5269 990 5341 inquis,
1013 5270 1085 5325 ad
1110 5272 1268 5341 cujus
1289 5270 1373 5326 rei
1386 5277 1794 5328 sacramentum
1820 5275 2061 5346 pertinet

403 5356 507 5411 ille
534 5358 598 5412 de
627 5375 731 5429 quo
764 5377 1008 5416 masevme
1033 5363 1224 5416 caeteri
1253 5363 1353 5433 qui
1377 5361 1718 5434 scripserunt
1740 5367 2057 5434 evangelica

403 5444 670 5514 (al.,utsu
679 5466 783 5520 pra
798 5449 857 5505 in
875 5450 1046 5523 epist.
1059 5451 1356 5520 Ferrandi,
1372 5452 2057 5525 Evangelica)lacuerunt?

1060 5557 1395 5598 RESPONSIO.

472 5634 563 5693 40.
593 5635 759 5693 Hunc
787 5638 1091 5711 Evangelii
1113 5641 1306 5698 locum
1336 5640 1574 5713 quidam
1589 5642 1939 5719 sicintelligi
1959 5661 2053 5702 vo-

476 5775 556 5847 (a)
584 5776 746 5846 Ant.,
776 5780 1244 5838 manducantibus
1272 5784 1476 5838 autem.

2183 1866 2439 1932 peragat.
2474 1861 2720 1918 Videtur
2749 1868 2942 1920 autem
2970 1864 3065 1921 hic
3089 1865 3233 1921 mihi
3255 1867 3423 1922 etiam
3452 1867 3592 1924 aliud
3611 1869 3756 1940 quod-

2181 1953 2313 2008 dam
2332 1969 2657 2024 congruum
2678 1954 3009 2011 christiana
3036 1955 3173 2011 fidei
3196 1958 3424 2030 reperiri
3449 1959 3752 2031 mysterium,

2183 2046 2246 2097 ut
2276 2042 2333 2097 in
2368 2048 2616 2115 utroque
2636 2044 2815 2101 calice
2837 2050 3153 2117 utrumque
3180 2046 3417 2116 intelligi
3445 2049 3623 2103 debeat
3638 2048 3757 2103 Tes-

2183 2135 2526 2188 tamentam.
2579 2134 2901 2190 Praesertim
2933 2135 3072 2206 quia
3102 2136 3216 2191 hoc
3247 2137 3410 2192 nobis
3437 2137 3508 2192 sic
3540 2137 3651 2209 ipsa
3675 2139 3757 2192 de-

2184 2222 2531 2277 monstravit
2584 2222 2836 2295 Veritas,
2869 2228 2933 2279 ut
2960 2225 3123 2280 nulla
3156 2230 3473 2282 remaneret
3500 2225 3758 2298 querenti-

2182 2311 2294 2367 bus
2340 2311 2659 2367 dil‘licultas
2686 2329 2699 2368 :
2732 2312 3027 2385 nam‘jpse
3068 2315 3352 2371 Dominus
3372 2313 3589 2371 calicem
3617 2331 3757 2386 quem

2182 2401 2502 2457 bibendum
2550 2401 2730 2469 dedit,
2775 2403 3001 2459 Novum
3059 2403 3355 2476 appellare
3408 2406 3653 2477 dignatus
3696 2408 3764 2458 est

2180 2494 2641 2560 Testamentum,
2691 2493 2847 2564 quod
2897 2492 3218 2567 evangelici
3275 2499 3436 2550 tenor
3464 2495 3764 2549 demonstrat

2185 2581 2419 2653 eloquii.
2456 2582 2554 2638 Sic
2582 2583 2824 2655 quidem
2857 2584 3049 2640 tribus
3100 2585 3491 2658 evangelistis,
3523 2582 3762 2649 Matthao,

2184 2671 2376 2728 Marco
2408 2678 2466 2727 et
2498 2673 2670 2740 Luca,
2705 2673 2813 2728 hoc
2838 2673 3251 2731 indubitanter
3280 2675 3675 2742 altestantibus,
3701 2672 3764 2725 in-

2184 2763 2434 2817 venitur.
2467 2762 2650 2817 Verba
2681 2763 2894 2835 quippe
2926 2764 3182 2821 Mattbaei
3233 2765 3353 2820 haec
3381 2769 3513 2820 sunt
3540 2780 3552 2817 :
3579 2766 3766 2819 Cenan-

2187 2850 2332 2905 tibus
2352 2859 2538 2907 autem
2586 2854 2687 2920 eis,
2741 2852 2950 2925 accepit
2977 2857 3133 2911 Jesus
3185 2872 3382 2925 panem
3410 2870 3430 2915 ;
3457 2863 3504 2908 et
3526 2849 3766 2915 benedixit,

2185 2957 2249 3017 ac
2275 2944 2461 3014 fregit,
2483 2943 2736 3016 deditque
2754 2944 3045 3015 discipulis
3074 2948 3225 3014 suis,
3255 2955 3307 3003 et
3336 2947 3414 3001 ait
3446 2962 3459 3000 :
3487 2942 3714 3013 .lccipite,
3733 2946 3770 2993 et

2186 3032 2478 3089 comedite:
2513 3035 2620 3089 Hoc
2638 3038 2717 3089 est
2744 3051 2940 3105 corpus
2961 3051 3140 3091 meum
3156 3080 3173 3091 .
3201 3040 3271 3093 Et
3291 3034 3550 3099 accipiens
3566 3029 3769 3096 calicem,

2184 3126 2397 3193 gratias
2414 3124 2545 3195 egit,
2560 3134 2609 3180 et
2629 3125 2782 3180 dedit
2806 3127 3136 3193 illis,dicens
3175 3144 3187 3182 :
3212 3126 3386 3182 Bibite
3407 3124 3571 3180 exboc
3595 3133 3770 3177 ontncs:

2186 3218 2237 3269 Η
2244 3215 2295 3269 ic
2311 3213 2464 3270 262
2485 3216 2634 3270 enim
2652 3214 2889 3285 sanguis
2911 3232 3064 3272 meus
3086 3219 3235 3272 Novi
3260 3211 3583 3281 Testamenti,
3599 3208 3682 3282 qui
3693 3221 3773 3277 pro

2182 3304 2375 3358 multis
2390 3303 2703 3376 eﬂundetur
2744 3304 2806 3360 in
2839 3306 3228 3361 remissionem
3245 3314 3575 3379 peccatorum
3592 3295 3770 3370 (Matth.

2182 3410 2332 3461 xxvr,
2364 3396 2477 3466 26).
2503 3394 2732 3451 Marcus
2755 3412 2890 3452 vero
2911 3397 3264 3468 mysterium
3290 3392 3561 3452 Dominici
3584 3388 3719 3457 panis
3733 3391 3775 3439 el

2184 3484 2383 3540 oalicis
2404 3485 2962 3555 explicaturus,baec
2986 3486 3067 3541 ait
3092 3503 3105 3540 :
3133 3489 3203 3541 Et
3217 3474 3768 3547 manducantibus(a)il-

2184 3574 2488 3645 Iis,accepit
2501 3576 2659 3631 Iesus
2678 3592 2875 3646 panem
2893 3593 2915 3638 ,·
2936 3585 2988 3631 et
3007 3576 3339 3632 benedicens
3364 3572 3545 3646 fregit,
3572 3574 3617 3626 et
3662 3564 3774 3620 dedit

2182 3666 2281 3729 eis,
2304 3669 2358 3720 et
2385 3667 2465 3720 ait
2491 3682 2505 3721 :
2531 3664 2763 3734 Sumite,
2794 3666 2900 3721 Hoc
2918 3674 2996 3721 est
3023 3681 3229 3737 corpus
3261 3680 3459 3721 mrum.
3506 3665 3575 3717 Et
3602 3658 3772 3725 accepto

2179 3754 2374 3821 calice,
2412 3758 2624 3825 gratias
2675 3772 2875 3823 agens,
2924 3755 3073 3812 dedit
3131 3760 3238 3825 eis,
3273 3766 3323 3812 et
3352 3754 3674 3811 biberuntes:
3700 3743 3774 3798 illo

2181 3860 2381 3901 omnes.
2393 3846 2455 3900 Et
2467 3845 2551 3902 ait
2568 3848 2646 3903 eis
2672 3864 2685 3902 :
2705 3847 2804 3903 Hic
2821 3856 2902 3902 est
2917 3849 3147 3920 sanguis
3164 3863 3320 3903 meus
3337 3847 3467 3902 Novi
3480 3836 3768 3899 Testamenti.

2180 3938 2279 4007 qui
2293 3952 2400 4007 pro
2454 3934 2651 3991 multis
2679 3936 2987 4009 eﬂunditur
3033 3936 3136 4008 [aL
3176 3931 3686 4010 eﬂundeturﬁttarc.
3713 3939 3770 3989 ιν.

2177 4025 2294 4090 22).
2330 4026 2498 4081 Luem
2526 4041 2685 4095 vero,
2714 4042 2886 4098 quem
2920 4028 3186 4082 secundo
3218 4032 3442 4083 certum
3475 4027 3560 4078 est
3584 4018 3769 4075 calicem

2179 4114 2540 4185 nominasse,
2572 4115 2665 4171 his
2694 4115 2991 4171 invenitur
3018 4117 3217 4171 verbis
3248 4115 3513 4171 ordinata
3530 4116 3680 4180 atque
3700 4120 3771 4158 ex-

2181 4204 2393 4277 plicata
2425 4205 2680 4261 narratio
2730 4222 2743 4260 :
2808 4208 2876 4261 Et
2933 4210 3150 4276 accepto
3180 4207 3356 4261 calice
3379 4203 3586 4277 gratias
3610 4197 3714 4267 egit.
3737 4198 3775 4246 et

2178 4295 2319 4351 dixit
2347 4314 2361 4351 :
2394 4295 2647 4366 Accipite
2664 4304 2715 4352 et
2744 4295 2972 4351 dividite
3006 4296 3155 4351 inter
3184 4311 3293 4350 vos.
3343 4294 3471 4349 Dico
3510 4287 3645 4346 enim
3662 4281 3773 4339 tabis

2179 4385 2318 4457 quod
2339 4403 2449 4441 non
2472 4387 2655 4442 bibam
2674 4385 2740 4440 de
2757 4387 3112 4458 generatione
3131 4386 3265 4440 vitis
3288 4383 3456 4438 donec
3475 4393 3679 4448 regnum
3705 4368 3777 4458 Dei

2176 4456 2382 4531 ueniat.
2405 4479 2471 4532 Et
2502 4484 2713 4547 accepto
2757 4456 2902 4547 pane
2926 4474 3137 4546 gratias
3165 4477 3301 4547 egit,
3328 4479 3380 4529 et
3402 4471 3637 4543 fregit,et
3663 4456 3775 4518 dedit

2177 4568 2281 4630 eis,
2300 4565 2518 4621 dicens:
2536 4566 2645 4619 Hoc
2674 4574 2750 4621 est
2779 4581 2978 4632 corpus
3008 4580 3213 4628 meum,
3241 4564 3391 4635 quod
3428 4575 3528 4631 pro
3550 4556 3676 4612 vobis
3699 4551 3774 4604 da-

2175 4660 2302 4710 tur:
2329 4655 2428 4711 hoc
2441 4656 2613 4719 facile
2642 4657 2699 4709 in
2732 4671 2908 4710 meam
2928 4654 3521 4709 commemorationem.
3554 4640 3779 4701 Similiter

2177 4754 2228 4801 et
2254 4743 2484 4799 calicem
2498 4747 2782 4816 postquam
2809 4743 3265 4808 ca’navit,dicens
3292 4760 3306 4798 :
3334 4746 3383 4797 Η
3392 4742 3440 4796 ic
3453 4738 3597 4815 calix
3616 4739 3779 4790 Novum

2175 4838 2576 4892 Testamentum
2603 4844 2679 4892 est
2703 4835 2764 4891 in
2784 4840 3054 4907 sanguine
3078 4836 3332 4905 meo,qui
3352 4848 3449 4904 pro
3471 4828 3608 4886 vobis
3619 4819 3779 4898 [undi-

2175 4930 2266 4981 tur
2289 4927 2386 4998 [aL
2411 4926 2698 4999 [nudetur]
2729 4928 3033 4997 (Luc.xxu,
3064 4926 3173 4997 t7).
3203 4926 3357 4979 Hinc
3382 4918 3628 4992 estquod
3645 4911 3780 4969 etiam

2175 5019 2384 5072 beatus
2414 5016 2625 5071 Paulus
2657 5032 3128 5072 commemorans
3160 5012 3632 5069 sacratissimum
3658 4999 3783 5057 illius

2172 5124 2340 5162 cannae
2366 5107 2734 5179 mysterium,
2761 5123 2875 5162 non
2897 5107 3053 5161 aliud
3083 5104 3333 5161 calicem
3360 5118 3536 5175 quam
3557 5097 3779 5153 Novumn

2169 5195 2416 5253 Domino
2449 5203 2854 5267 nuncupatum
2893 5195 3151 5250 insinuat
3173 5194 3633 5249 Testamentum.
3665 5183 3782 5237 inter

2171 5285 2288 5341 alia
2317 5303 2569 5358 namque
2619 5286 2705 5340 sic
2759 5284 2896 5341 dicit
2933 5302 2945 5338 :
2980 5285 3083 5353 Ego
3121 5280 3278 5337 enim
3313 5279 3512 5346 accepi
3537 5296 3570 5332 a
3600 5272 3782 5330 Domino

2167 5378 2308 5448 quod
2352 5379 2401 5430 et
2428 5374 2642 5429 tradidi
2662 5373 2833 5437 vobis,
2866 5374 3126 5444 quoniam
3158 5371 3435 5425 Durninus
3463 5369 3608 5423 Jesus
3626 5366 3677 5414 in
3700 5369 3785 5429 qua

2165 5477 2321 5523 nocte
2341 5466 2679 5532 tradebatur,
2696 5467 2903 5535 accepit
2914 5482 3117 5536 panem
3128 5468 3200 5530 ,et
3224 5465 3448 5533 gratias
3461 5476 3618 5533 agens
3634 5458 3675 5526 [ι
3686 5452 3782 5521 egit.

2162 5561 2218 5613 et
2246 5556 2396 5612 dixit
2420 5574 2434 5611 :
2459 5560 2573 5612 Hoc
2595 5564 2677 5612 est
2707 5572 2901 5628 corpus
2921 5571 3103 5611 meum
3123 5569 3233 5625 pro
3255 5551 3493 5623 vobis(b)
3518 5548 3640 5604 :hoc
3655 5541 3784 5616 faciti

2162 5648 2225 5703 in
2244 5662 2422 5702 meum
2453 5642 3358 5703 commemorationem.3imiliter
3377 5649 3430 5699 et
3459 5639 3670 5698 calicem
3680 5631 3787 5704 ροιι·

2157 5786 2336 5860 (b)Sic
2346 5783 2950 5844 mss.Thu.etAnt.Alii
2964 5784 3069 5842 cod
3079 5824 3091 5840 .
3102 5780 3270 5856 ,quod
3274 5797 3383 5857 pro
3393 5780 3542 5839 vobis
3551 5772 3778 5836 traditur.
