3900 6214
85 397 168 456 με»

1463 387 1847 454 EPISTOLA
1887 394 2020 456 XV]
2032 440 2047 455 .

3364 395 3483 454 446

94 527 610 598 Dnvid,unusfaetus
645 522 1411 596 est,nequaquamulterius
1433 523 1715 582 divisione
1745 529 1798 594 Α
1829 527 2012 583 Deum
2044 529 2300 584 Verbum
2334 543 2575 600 passum
2599 543 2790 595 carne,
2815 526 3157 582 cruciﬁxum
3192 543 3386 594 carne,
3425 530 3483 582 et

101 621 260 692 aliqua,
284 618 378 674 sed
407 617 650 671 unitate
685 613 1062 669 subsistens.
1085 615 1164 667 Tu
1189 629 1319 669 vero
1339 614 1551 668 videris
1571 615 1718 670 mihi

101 710 358 764 secundum
391 705 506 760 hoc
538 702 709 758 nolle
759 702 1246 771 compositionem
1280 702 1468 770 fateri,
1514 708 1578 758 ut
1609 721 1716 758 non

103 797 365 852 substantia
397 797 477 849 sit
512 794 576 847 in
603 809 674 848 eo
709 791 904 847 Filius
939 791 1058 860 Dei,
1088 791 1184 845 sed
1209 791 1497 862 sapientia
1521 810 1721 848 secun-

104 891 198 943 dum
212 884 742 959 participationem.
768 883 891 938 Hoc
916 883 1068 937 enim
1094 882 1313 953 dixisti,
1331 887 1470 955 quia
1484 885 1715 954 sapien-

103 978 159 1032 tia
184 975 530 1046 dispendium
567 973 931 1043 patiatur,et
953 972 1078 1026 ideo
1102 971 1426 1044 composita
1446 990 1573 1028 esse
1599 989 1715 1028 non

101 1073 268 1138 possit,
290 1079 383 1118 nec
402 1061 629 1134 cogitas
655 1061 818 1132 quod
846 1061 1044 1115 divina
1067 1062 1353 1132 sapientia
1379 1063 1532 1117 sicut
1553 1068 1714 1117 ante-

102 1172 241 1226 quam
269 1170 324 1208 se
352 1152 739 1218 exinanisset,
776 1149 1136 1205 indiminuta
1163 1153 1506 1223 permansit;
1550 1152 1629 1206 ita
1661 1157 1718 1208 et

105 1247 146 1299 in
173 1244 263 1298 hac
299 1241 699 1298 exinanitione
723 1257 900 1310 quam
928 1240 1107 1313 gessit
1133 1241 1608 1312 misericorditer,
1633 1241 1717 1296 in-

105 1334 346 1388 diminuta
375 1337 552 1402 atque
574 1328 1026 1385 indemutabilis
1048 1330 1288 1386 exstitit.
1318 1335 1384 1386 Et
1406 1331 1513 1387 hoc
1536 1331 1712 1388 etiam

112 1425 378 1495 dicis,quod
396 1421 695 1494 sapientia
723 1419 1020 1475 habitaret
1038 1419 1095 1475 in
1124 1437 1189 1475 eo
1211 1421 1714 1492 sicuthabitamus

120 1519 156 1568 et
173 1531 254 1570 nos
283 1514 336 1568 in
368 1513 670 1578 domibus,
711 1515 778 1564 ut
813 1509 959 1564 alter
987 1510 1046 1564 in
1071 1510 1250 1565 altero
1273 1511 1371 1582 (a),
1397 1513 1496 1566 sed
1528 1529 1715 1584 neque

119 1620 210 1674 pars
225 1604 420 1658 domus
443 1619 550 1656 nos
573 1617 808 1668 sumus,
835 1615 940 1654 nec
964 1600 1145 1654 nostri
1170 1617 1304 1670 pars
1330 1601 1543 1656 domus
1567 1610 1710 1657 est.»

115 1692 338 1747 Similiter
350 1693 524 1748 etiam
539 1691 752 1746 beatus
769 1689 1127 1745 Athanasius
1150 1689 1206 1744 in
1229 1690 1426 1746 libello
1442 1693 1614 1763 cujus
1629 1698 1718 1749 est

117 1782 304 1852 titulus,
325 1782 476 1854 Quod
496 1797 647 1836 unus
666 1781 744 1834 sit
771 1779 1038 1846 Christus,
1067 1779 1473 1836 haereticorum
1500 1783 1718 1838 vanita-

1831 623 2079 673 mortem
2099 636 2271 674 carne
2290 619 2926 690 gustasse,f.ictumque
2942 617 3398 687 primogenitum
3414 633 3482 671 ex

1828 709 2098 775 mortuis,
2135 710 2459 764 secundum
2494 709 2648 778 quod
2683 711 2773 762 est
2796 707 2912 761 vita
2931 711 2989 760 et
3010 705 3332 760 vivificator
3353 710 3479 760 tau-

1829 813 2006 868 quam
2041 797 2216 865 Deus,
2245 799 2555 853 anathema
2587 797 2683 852 sit.

1895 888 2427 944 9.Similiteretiam
2448 887 2744 941 hominem
2759 884 3058 939 Christum
3076 884 3327 939 dicimus
3343 887 3476 938 Ver-

1825 975 1989 1046 bum,
2025 978 2349 1032 secundum
2383 976 2525 1030 illud
2561 975 2709 1029 beati
2753 973 3040 1030 Joannis:
3095 975 3245 1040 Quod
3272 975 3378 1043 [uit
3410 972 3475 1026 ab

1825 1064 2007 1134 initio,
2040 1066 2181 1136 quod
2221 1067 2561 1130 audivimus,
2584 1063 2725 1136 quod
2756 1062 3006 1118 vidimus
3037 1065 3208 1117 oculis
3253 1064 3476 1130 nostris,

1821 1156 1969 1223 quod
1993 1157 2396 1224 perspeximus,
2420 1161 2469 1208 et
2501 1169 2698 1208 manus
2735 1161 2944 1208 nostra?
2993 1156 3370 1206 tractaverunt
3415 1150 3480 1204 de

1829 1242 1990 1296 Verbo
2021 1243 2146 1296 vitae
2167 1243 2214 1310 (I
2234 1245 2392 1298 Joan.
2419 1259 2458 1311 1,
2488 1242 2561 1312 4).
2587 1241 2786 1312 Neque
2808 1241 2964 1295 enim
2989 1239 3247 1294 Verbum
3269 1255 3474 1294 secun-

1822 1330 1962 1384 dum
1995 1331 2231 1386 deitatis
2263 1349 2379 1386 suae
2409 1337 2676 1386 naturam
2709 1329 2946 1385 tractari
2974 1329 3161 1401 potuit
3192 1329 3468 1383 manibus

1821 1419 2122 1490 humanis,
2155 1422 2268 1477 nisi
2297 1423 2458 1477 ﬁeret
2489 1422 2684 1477 homo.
2721 1421 2819 1476 Est
2849 1421 3021 1475 etiam
3057 1419 3258 1491 procul
3289 1418 3467 1474 dubio

1822 1529 1967 1584 puer
1998 1513 2094 1570 ille
2125 1531 2297 1584 quem
2329 1515 2498 1569 beata
2531 1514 2706 1585 Virgo
2741 1514 2965 1584 genuit,
2991 1529 3165 1584 quem
3197 1512 3365 1584 panis
3387 1509 3472 1565 in-

1820 1602 2200 1675 volvit,quem
2220 1605 2280 1659 in
2305 1603 2603 1676 przeseipio
2627 1603 2948 1670 collocavit,
2966 1620 3137 1674 quem
3166 1608 3365 1657 octavo
3389 1601 3472 1656 in-

1823 1693 2208 1761 circumcidit,
2244 1710 2416 1764 quem
2449 1694 2680 1747 Simeon
2713 1692 3019 1765 virjustus
3054 1691 3306 1762 prepriis
3341 1707 3467 1745 am-

1825 1780 2091 1852 plexatus
2123 1789 2212 1836 est
2241 1781 2504 1852 gremiis,
2536 1797 2708 1851 quem
2744 1781 3076 1849 subjectum
3127 1780 3470 1851 parentibus

113 1872 470 1935 temreiutans,
500 1873 825 1941 postquam
842 1869 914 1922 de
929 1867 1170 1924 FiliiDei
1196 1869 1501 1926 divinitate
1523 1871 1712 1940 inqui-
1748 1893 1793 1956 Β
1822 1870 2190 1942 evangelista
2224 1871 2504 1937 referunt,
2541 1885 2712 1942 quem
2750 1868 3064 1939 profecisse
3096 1872 3258 1921 aelate
3289 1872 3345 1921 et
3374 1885 3466 1922 sa-

111 1958 319 2012 sitiones
341 1975 523 2013 eorum
544 1957 882 2029 superﬂuas
895 1958 1299 2028 approbasset,
1319 1959 1398 2014 ita
1420 1961 1719 2033 prosequi-

116 2051 202 2101 tur:
234 2049 362 2112 «Sie,
393 2048 606 2120 inquit,
640 2047 822 2102 etiam
847 2048 918 2101 de
943 2047 1348 2104 lncarnatione
1370 2049 1712 2122 inquirunt:

116 2138 390 2202 Quomodo,
419 2137 724 2207 inquiunt,
746 2135 1094 2192 incernatur
1114 2137 1298 2193 Deus?
1317 2141 1610 2210 quomodo
1634 2140 1715 2196 in-

111 2225 434 2296 corporatur?
447 2225 744 2297 quomodo
759 2226 1121 2297 componitur
1133 2227 1201 2281 ad
1218 2245 1457 2298 parvum
1473 2245 1715 2300 corpus-

105 2315 652 2388 culumiucapabilis‘.’
667 2316 959 2386 quomodo
976 2317 1480 2373 uniturincreatus
1499 2324 1714 2386 creato,

101 2404 615 2477 incircumscriptus
647 2405 1096 2478 circumscripto
1118 2407 1146 2460 ‘l
1203 2413 1303 2461 aut
1335 2409 1628 2480 quomodo
1653 2410 1712 2465 in

102 2501 261 2564 partes
290 2513 536 2566 magnus
572 2495 690 2562 ille,
720 2499 778 2550 et
807 2495 1219 2562 immensus,et
1242 2497 1584 2553 individuus
1605 2499 1632 2554 ?
1655 2500 1714 2555 Si

105 2589 262 2638 autem
283 2584 628 2656 magnitudo
645 2583 812 2640 illain
837 2584 1152 2656 parvoloco
1175 2591 1475 2642 contracta
1488 2594 1596 2657 est,
1613 2595 1716 2644 aut

101 2687 310 2741 parvum
344 2673 484 2728 illud
519 2674 738 2728 factum
765 2678 851 2728 est
885 2690 1181 2746 magnum,
1207 2685 1303 2729 aut
1333 2693 1487 2746 pars,
1521 2681 1573 2732 et
1598 2695 1713 2732 non

103 2763 725 2818 omnisdivinitasearni
747 2765 911 2818 unita
924 2767 1028 2829 est,
1052 2765 1204 2836 quod
1228 2770 1317 2820 est
1334 2765 1582 2837 impium
1601 2783 1719 2823 cre-

101 2849 232 2904 dere.
265 2856 328 2906 Et
357 2852 611 2924 prolapsi
641 2856 783 2906 sunt
814 2868 881 2907 ex
923 2852 1033 2907 hoc
1063 2855 1214 2923 quod
1274 2854 1512 2911 dicunt:
1562 2856 1710 2919 Quo-

103 2940 270 3006 modo,
303 2947 354 2996 et
383 2941 538 3013 quali
574 2942 746 2996 modo
767 2941 795 2996 ‘l
825 2946 881 2996 et
910 2959 1023 3013 qua
1050 2945 1336 2998 sententia
1369 2948 1426 2999 et
1474 2945 1716 3016 perfidia

101 3027 257 3084 etiam
287 3031 379 3086 isti
401 3038 458 3086 et
486 3031 916 3086 inhabitionem
945 3048 1047 3103 pro
1070 3033 1466 3089 incarnatione
1491 3035 1711 3107 Opinati

99 3117 508 3192 {operati)sunt,
544 3125 600 3176 et
616 3138 719 3192 pro
743 3121 1053 3188 unitate,et
1073 3125 1491 3194 compositione
1515 3125 1714 3198 inope-

99 3209 349 3266 rationem
381 3211 731 3278 humanam,
765 3216 822 3266 et
845 3228 947 3283 pro
971 3229 1087 3267 una
1117 3213 1449 3268 substantia
1479 3215 1710 3270 Domini
1742 3246 1786 3313 Ε

95 3299 250 3354 nostri
280 3301 413 3356 Jesu
447 3301 852 3370 Christi,duas
885 3302 1302 3358 subsistentias
1333 3307 1391 3358 et
1419 3305 1566 3359 duas
1589 3322 1714 3377 per-

93 3400 264 3457 sonas,
292 3395 348 3444 et
377 3407 476 3461 pro
510 3396 715 3445 sancta
746 3395 801 3445 et
828 3390 1108 3445 ineffabili
1143 3392 1450 3459 Trinitate,
1486 3399 1716 3465 quater-

93 3475 310 3534 nitatem
341 3480 678 3535 indecenter
698 3481 1183 3552 dogmatizantes,
1220 3486 1277 3536 et
1300 3481 1510 3554 impie?
1542 3505 1570 3534 »

144 3566 198 3619 7.
231 3566 445 3624 Rursus
475 3569 685 3624 beatus
717 3569 1036 3641 Gregorius
1068 3570 1126 3626 in
1160 3587 1431 3627 sermone
1452 3572 1521 3627 de
1547 3572 1710 3629 Filio:

91 3652 244 3709 «Uno
269 3664 480 3724 autem,
500 3657 715 3730 inquit,
737 3657 995 3729 capitulo
1018 3675 1166 3726 meo,
1192 3659 1710 3729 utaltioraquidem

92 3745 327 3800 aseribas
348 3747 660 3816 divinitati,
687 3752 744 3802 et
768 3746 847 3800 illi
871 3751 1092 3802 natura:
1119 3766 1245 3820 qua:
1269 3751 1714 3821 passionibuset

97 3845 310 3901 corpore
359 3837 638 3906 probatur
689 3853 818 3892 esse
868 3837 1178 3908 superior:
1231 3838 1544 3895 humiliora
1580 3857 1711 3897 vero

95 3924 408 3991 compositio
425 3925 785 3997 tribuas,qui
807 3931 1109 3996 prepterte
1125 3929 1503 3998 semetipsum
1523 3929 1716 3986 exina-

97 4009 243 4080 nivit,
270 4020 324 4069 et
352 4015 688 4070 incarnatus
713 4022 821 4071 est.
852 4035 877 4066 ι
912 4015 1057 4071 Hinc
1080 4033 1216 4087 ergo
1249 4018 1575 4075 rectissime
1595 4037 1714 4075 ere-

96 4094 440 4174 dimus,quod
460 4105 668 4174 plenus
684 4110 742 4159 et
767 4105 1056 4176 perfectus
1078 4112 1233 4162 Deus
1253 4105 1709 4176 Verbum,etiam

98 4194 209 4252 post
236 4199 589 4266 assumptam
626 4211 860 4250 carnem
883 4195 1112 4250 nullum
1135 4201 1517 4269 augmentum
1542 4199 1712 4255 detri-

97 4283 1076 4356 mentumque280pertulerit,imo
1099 4287 1363 4342 unitione
1387 4304 1494 4343 sua
1515 4287 1715 4346 ineffa-

97 4363 251 4422 bilem
284 4371 522 4443 gloriam
555 4373 871 4429 contulerit
901 4380 1221 4448 assumpta!
1253 4381 1497 4432 naturae.

152 4454 272 4512 Car.
305 4479 375 4517 iv.
407 4464 520 4518 Non
542 4473 617 4520 est
635 4467 794 4536 facta
823 4469 1164 4536 quaternitas
1198 4467 1254 4521 in
1281 4466 1482 4523 deitate
1500 4484 1599 4538 per
1619 4467 1709 4522 In-

97 4551 402 4607 carnationis
433 4553 782 4626 mysterium.
816 4583 882 4595 —
911 4555 964 4608 8.
999 4555 1118 4610 Hac
1149 4556 1220 4610 de
1251 4573 1428 4613 causa
1456 4556 1710 4614 Trinitas

98 4633 246 4692 etiam
262 4649 383 4709 post
397 4642 822 4699 incarnationis
840 4645 1114 4716 mysterio
1127 4661 1179 4698 m
1195 4645 1455 4701 Trinitas
1471 4646 1707 4716 mansit,
1741 4618 1787 4682 D

100 4722 214 4790 quia
243 4727 387 4786 idem
424 4737 574 4787 Deus
595 4733 878 4800 Verbum,
911 4733 1085 4788 etiam
1114 4751 1248 4789 cum
1277 4734 1512 4806 propria
1534 4752 1707 4792 carne

102 4826 230 4874 unus
247 4827 420 4880 estex
437 4824 746 4880 Trinitate:
774 4843 885 4880 non
911 4825 1211 4898 quodcaro
1235 4829 1363 4897 ejus
1385 4826 1462 4882 sit
1483 4827 1552 4882 de
1573 4829 1709 4883 sub-

103 4906 286 4964 !tantia
311 4912 636 4982 Trinitatis,
665 4914 764 4969 sed
794 4913 933 4985 quia
963 4931 1096 4970 caro
1130 4915 1226 4970 Dei
1257 4916 1428 4970 Verbi
1463 4920 1570 4984 est,
1604 4915 1706 4988 qui

102 4996 168 5045 εει
186 5011 324 5053 unus
340 5017 406 5056 ex
421 5003 853 5073 Trinitaterse
870 5004 1027 5059 enim
1051 5003 1406 5071 omnino,est
1422 5021 1534 5060 non
1555 5003 1707 5061 alius

102 5086 302 5142 meridi!
325 5092 380 5144 in
409 5093 630 5159 caelum,
662 5094 761 5164 qui
780 5092 1053 5148 descendit
1074 5094 1140 5148 de
1167 5094 1317 5161 caelo,
1340 5093 1510 5149 Filius
1534 5095 1709 5150 homi-

105 5168 169 5254 ξιὶι
194 5179 365 5245 quiest
384 5183 440 5235 in
465 5182 599 5236 εωιο
621 5182 798 5254 (Joan.
824 5198 906 5249 ιιι,
935 5183 1042 5252 13).
1067 5181 1429 5254 Quapropter
1445 5186 1501 5238 et
1518 5188 1702 5238 Deum

103 5251 311 5323 Verbum
327 5287 570 5340 passum
589 5287 784 5336 carne,
804 5275 860 5326 et
875 5271 1222 5326 cruciﬁxum
1243 5277 1502 5340 carne,et
1518 5289 1618 5344 sep
1629 5270 1710 5326 ul-

103 5349 196 5407 tum
226 5371 386 5414 carne
408 5360 740 5415 secundum
769 5361 1003 5416 beatum
1050 5359 1330 5432 Cyrillum
1365 5361 1710 5432 profitemur

102 5435 346 5504 dicentem
390 5449 614 5520 (Anath.
665 5451 827 5520 xm):
885 5451 1000 5504 «Si
1046 5449 1180 5520 quis
1230 5465 1344 5505 non
1396 5449 1711 5505 conﬁtetur

153 5587 363 5659 (aiEditi
402 5597 536 5648 [λον.
569 5595 626 5646 et
657 5592 855 5659 Basil.,
884 5602 944 5650 ut
971 5593 1117 5648 alter
1145 5593 1205 5646 in
1224 5592 1421 5647 altera.

155 5657 430 5735 (blLOcum
448 5664 610 5719 hunc
625 5663 683 5718 in
696 5657 921 5722 excusis
938 5664 1204 5721 mutilum
1222 5664 1589 5720 restituimus
1605 5679 1712 5735 ope

104 5736 189 5783 tus.
201 5733 502 5792 Portarum
523 5737 597 5792 ab
613 5735 702 5792 his
717 5737 993 5807 verbis,in
1007 5737 1269 5796 secutum
1297 5735 1508 5804 seculi,
1523 5733 1714 5808 usque

1827 1961 2044 2032 pientia
2077 1961 2225 2030 (Luc.
2261 1976 2321 2026 ιι,
2355 1959 2446 2030 52)
2475 1962 2892 2030 protestantur,
2926 1961 3139 2011 natura
3168 1956 3344 2025 Deus,
3367 1972 3468 2026 per

1823 2066 1998 2121 quem
2023 2050 2172 2104 facta
2191 2055 2330 2104 sunt
2352 2049 2549 2104 omnia
2567 2046 2818 2102 visibilia
2840 2054 2892 2100 et
2916 2044 3256 2112 invisibilia,
3273 2043 3472 2115 unige-

1822 2141 1983 2194 nitus
1997 2143 2051 2194 et
2067 2139 2510 2210 primogenitus,
2532 2138 2590 2191 in
2616 2153 2730 2208 quo
2746 2136 3227 2190 omniaconstant
3245 2133 3465 2203 (Coloss.

1821 2245 1860 2298 1,
1895 2230 1980 2296 16,
2011 2229 2122 2299 17),
2155 2229 2480 2284 secundum
2514 2225 2844 2298 apostolum
2866 2222 3134 2279 Paulum.
3157 2228 3223 2276 Et
3245 2223 3351 2277 hoc
3379 2221 3465 2294 ip-

1820 2334 1953 2373 sum
1984 2318 2158 2373 claris
2186 2318 2430 2374 vocibus
2461 2317 2634 2373 etiam
2663 2317 2841 2371 Isaias
2869 2315 3151 2386 prepheta
3179 2316 3462 2386 protesta-

1819 2411 1916 2460 tur
1945 2408 2165 2462 dicens:
2197 2409 2343 2462 Puer
2371 2411 2534 2461 natus
2562 2415 2638 2462 est
2668 2405 2848 2470 nobis,
2876 2414 2926 2459 et
2971 2404 3129 2473 ﬁlius
3177 2403 3333 2458 datus
3382 2404 3463 2456 est

1818 2495 1996 2564 nobis,
2041 2499 2200 2568 cujus
2228 2503 2460 2567 potestas
2502 2499 2562 2552 in
2601 2496 2826 2551 humero
2877 2495 3019 2564 ejus,
3076 2503 3126 2549 et
3186 2493 3466 2549 vocabitur

1818 2587 2010 2656 magni
2055 2587 2279 2642 consilii
2325 2588 2581 2658 Angelus,
2630 2585 3013 2652 Admirabilis,
3067 2584 3463 2654 Consiliarius,

1816 2680 1962 2733 Deus
1991 2677 2168 2747 fortis,
2208 2679 2551 2746 Dominator,
2583 2678 2750 2731 Pater
2776 2678 2958 2747 futuri
2988 2675 3178 2730 saeculi
3201 2677 3466 2745 Princeps

1812 2768 1967 2838 pacis
1997 2767 2122 2836 (Isa.
2159 2783 2234 2829 ix,
2267 2767 2346 2837 6).

1886 2855 1972 2910 lO.
2001 2855 2060 2910 Et
2086 2855 2299 2910 idcirco
2327 2855 2822 2927 acquiescendum
2845 2853 2964 2909 illis
2989 2853 3330 2910 nullatenus
3352 2869 3470 2908 ere-

1817 2944 2144 3017 dimus,qui
2167 2963 2344 3016 puero
2370 2945 2454 3000 illi
2477 2944 2656 3000 Deum
2683 2946 2884 3000 fortem
2913 2944 3144 2998 unitum
3168 2948 3464 3009 asserunt,

1815 3051 1921 3090 nec
1945 3035 2130 3090 Deum
2157 3037 2363 3090 fortem
2389 3035 2586 3105 ipsum
2617 3051 2748 3090 esse
2772 3049 3013 3104 puerum
3043 3034 3308 3095 credunt,
3330 3047 3468 3100 prae-

1815 3123 2016 3178 sertim
2043 3140 2177 3178 cum
2197 3140 2312 3178 non
2331 3122 2572 3177 alterius
2595 3122 2931 3192 cujuslibet,
2953 3121 3050 3175 sed
3077 3121 3207 3187 ejus
3229 3119 3465 3172 omnino

1824 3213 2128 3280 thronum,
2156 3213 2254 3284 qui
2275 3213 2346 3268 de
2361 3211 2576 3283 Spiritu
2603 3216 2802 3266 sancto
2819 3216 2874 3264 et
2897 3208 3077 3264 Maria
3098 3208 3338 3278 Virgine
3359 3223 3467 3261 na-

1823 3308 1920 3358 tus
1937 3307 2044 3367 est,
2065 3307 2235 3371 atque
2256 3301 2314 3355 in
2333 3301 2589 3356 Jordane
2606 3317 2638 3353 a
2660 3300 2903 3364 Joanne,
2931 3303 2994 3351 ut
3011 3314 3192 3367 aquas
3215 3296 3470 3351 sanctifi-

1817 3391 2324 3462 caretbaptizatus
2347 3393 2434 3444 est
2456 3388 2511 3442 in
2539 3388 2822 3443 saeculum
2843 3385 3038 3441 saeculi
3066 3386 3141 3458 (ὑ)
3161 3385 3472 3440 Psalmista

1815 3485 2087 3540 testetur,
2123 3479 2323 3534 dicens
2359 3494 2372 3531 :
2427 3479 2670 3532 Thronus
2722 3483 2870 3542 tuus,
2925 3477 3086 3540 Deus,
3117 3474 3175 3529 in
3206 3475 3467 3529 saeculum

1814 3572 2022 3636 saeculi,
2053 3569 2208 3637 virga
2227 3569 2695 3638 mquitatismirga
2716 3567 2873 3637 regni
2893 3566 2997 3627 tui;
3018 3564 3274 3620 dilexisti
3293 3565 3463 3636 justi-

1817 3665 1972 3726 tiam,
2006 3665 2056 3716 et
2087 3658 2252 3715 odisti
2277 3657 2664 3728 iniquitatem;
2697 3666 2991 3726 propterea
3023 3658 3189 3710 unxit
3235 3659 3286 3711 te
3326 3658 3465 3710 Deus

1817 3762 1943 3809 tuus
1973 3751 2088 3808 oleo
2138 3749 2531 3804 exsultationis
2576 3763 2699 3818 prae
2742 3745 3103 3819 participibus
3150 3744 3461 3814 tuis(Psal.

1816 3859 1963 3909 XLIV,
1994 3841 2050 3910 7,
2082 3839 2161 3913 8).
2195 3838 2496 3904 Quomodo
2529 3844 2725 3892 autem
2752 3837 2890 3908 ungi
2925 3841 3150 3908 poterat
3173 3835 3346 3904 Deus,
3373 3852 3467 3890 cu-

1813 3933 1914 4004 jus
1935 3933 2181 3986 thronus
2205 3935 2294 3984 est
2315 3928 2374 3982 in
2399 3929 2678 3982 saculum
2705 3927 2922 3993 saeculi,
2943 3927 3052 3981 nisi
3081 3927 3244 3980 ﬁeret
3265 3925 3469 3981 homo?

1888 4025 2020 4076 CAP.
2055 4037 2108 4074 v.
2142 4019 2278 4073 Deus
2301 4020 2480 4090 factus
2511 4027 2588 4074 est
2615 4018 2796 4082 homo,
2829 4034 2941 4070 non
2983 4016 3141 4071 homo
3169 4018 3349 4085 factus
3389 4019 3468 4070 est

1819 4116 1984 4168 Deus.
2013 4140 2080 4149 ——
2107 4109 2543 4165 lt.Secundum
2571 4107 2722 4161 hanc
2747 4123 2882 4177 ergo
2917 4105 3211 4176 prephetaa
3239 4110 3467 4158 senten-

1816 4202 1979 4267 tiam,
2012 4199 2166 4254 Deus
2193 4201 2382 4253 factus
2405 4201 2489 4251 est
2514 4195 2808 4260 Christus,
2835 4211 2949 4247 non
2976 4199 3171 4247 autem
3194 4192 3463 4246 Christus

1818 4290 2006 4344 factus
2037 4294 2127 4342 est
2156 4287 2332 4352 Deus,
2363 4285 2515 4339 sicut
2546 4284 2749 4336 dicunt
2780 4281 3058 4344 haeretici,
3091 4279 3192 4349 qui
3227 4295 3328 4349 per
3357 4295 3460 4350 pro

1815 4383 2060 4434 vectum.
2077 4393 2191 4432 non
2208 4379 2593 4447 pernaturam
2616 4371 2915 4427 Christum
2945 4373 3121 4422 Deum
3143 4368 3360 4422 audent
3378 4384 3462 4423 as-

1817 4483 2028 4524 serere:
2061 4466 2216 4520 Deus
2247 4464 2402 4518 enim
2447 4465 2660 4514 unctus
2692 4463 2800 4521 est,
2833 4457 2972 4528 quia
3003 4457 3126 4528 ipse
3159 4456 3344 4510 factus
3377 4460 3464 4511 est

1818 4557 2016 4622 homo;
2053 4569 2168 4608 non
2202 4553 2357 4606 enim
2411 4548 2555 4602 alter
2585 4548 2730 4604 28]
2764 4551 2852 4601 est
2882 4545 3057 4613 Deus,
3091 4546 3239 4600 alter
3269 4546 3464 4618 homo,

1820 4645 1921 4700 sed
1945 4643 2098 4696 idem
2135 4645 2303 4703 Deus,
2337 4637 2491 4691 idem
2523 4636 2716 4691 homo.
2751 4634 2858 4700 Qui
2891 4633 3046 4689 enim
3072 4634 3355 4690 naturalis
3378 4639 3467 4691 est

1819 4733 1977 4788 ﬁlius
2010 4727 2290 4798 Virginis,
2321 4725 2476 4780 idem
2509 4725 2794 4780 naturalis
2838 4729 2926 4780 est
2959 4723 3143 4779 Filius
3175 4725 3292 4781 Dei.
3329 4726 3459 4782 Pro-

1821 4827 1979 4877 terea
2007 4825 2063 4874 et
2093 4819 2240 4872 duas
2273 4815 2602 4872 nativitates
2634 4815 2728 4870 [)ei
2753 4815 2917 4872 Verbi
2943 4814 3238 4870 credimus
3259 4821 3315 4871 et
3337 4833 3464 4871 con-

1821 4912 2074 4976 ﬁtemur,
2109 4907 2162 4961 id
2199 4910 2305 4976 est,
2342 4923 2516 4960 unam
2553 4911 2686 4960 ante
2720 4903 2931 4961 saecula
2982 4921 3016 4960 a
3061 4908 3231 4961 Patre
3278 4907 3374 4976 (at.
3402 4906 3460 4960 in

1819 4996 2360 5068 Patre),secundum
2382 4996 2772 5062 divinitatem;
2791 4995 3034 5050 alteram
3051 4994 3107 5047 in
3129 4994 3462 5048 novissimis

1819 5091 2051 5158 diebus,
2084 5104 2116 5143 a
2144 5086 2383 5159 Virgine
2414 5091 2636 5153 sancta,
2665 5084 2989 5140 secundum
3025 5099 3275 5149 carnem;
3310 5096 3467 5135 exse-

1817 5185 2050 5236 crantes
2070 5194 2168 5233 eos
2187 5177 2283 5248 qui
2310 5181 2526 5247 negant
2549 5175 2873 5230 secundum
2899 5185 3134 5224 carnem
3168 5169 3340 5222 Verbi
3362 5169 3465 5223 Dei

1819 5270 2207 5334 nativitatem,
2232 5265 2333 5338 qui
2362 5267 2537 5320 etiam
2565 5264 2862 5334 refugiunt
2885 5258 3060 5312 unius
3081 5258 3467 5328 ejusdemque

1817 5359 1944 5414 Filii
1977 5357 2079 5413 Dei
2116 5355 2282 5410 fateri
2316 5353 2614 5408 mirabilia
2643 5357 2700 5406 et
2730 5347 3053 5421 passiones,
3085 5346 3242 5416 quod
3272 5346 3464 5404 omnis

1817 5449 1913 5504 Dei
1937 5445 2200 5502 Ecclesia
2235 5442 2566 5497 conﬁtetur.

1816 5591 1886 5646 ad
1921 5589 2063 5652 haec,
2099 5587 2236 5640 Deus
2267 5585 2322 5637 in
2349 5581 2630 5638 saeculum.
2667 5581 2732 5636 In
2765 5577 3080 5636 Basil.vero
3110 5580 3342 5653 ligetur,
3367 5583 3463 5640 sed

1813 5664 1933 5733 ejus
1960 5659 2183 5733 omnino
2214 5655 2512 5709 thronus...
2543 5657 2615 5709 sit
2645 5656 2704 5710 in
2728 5653 2990 5711 saeculum
3039 5660 3250 5727 swculi,
3301 5659 3458 5728 virga

1812 5731 2113 5806 aequitatis,
2147 5733 2258 5784 etc.
