  <div class='ocr_page' id='page_1' title='image "/cluster/home/n/w/nwhite01/storage/ocr_20150623/65-66/uva.x000827080/231.png"; bbox 0 0 3900 6214; ppageno 0'>
   <div class='ocr_carea' id='block_1_1' title="bbox 423 441 540 501">
    <p class='ocr_par' dir='ltr' id='par_1_1' title="bbox 423 441 540 501">
     <span class='ocr_line' id='line_1_1' title="bbox 423 441 540 501; baseline -0.043 0"><span class='ocrx_word' id='word_1_1' title='bbox 423 441 540 501; x_wconf 70' lang='grc'>447</span> 
     </span>
    </p>
   </div>
   <div class='ocr_carea' id='block_1_2' title="bbox 1428 440 2836 511">
    <p class='ocr_par' dir='ltr' id='par_1_2' title="bbox 1428 440 2836 511">
     <span class='ocr_line' id='line_1_2' title="bbox 1428 440 2836 511; baseline 0.008 -11"><span class='ocrx_word' id='word_1_2' title='bbox 1428 440 1493 501; x_wconf 94' lang='lat' dir='ltr'>S.</span> <span class='ocrx_word' id='word_1_3' title='bbox 1539 440 1962 503; x_wconf 83' lang='lat' dir='ltr'>FULGENTII</span> <span class='ocrx_word' id='word_1_4' title='bbox 2005 441 2357 506; x_wconf 81' lang='lat' dir='ltr'>EPISGOPI</span> <span class='ocrx_word' id='word_1_5' title='bbox 2403 447 2836 511; x_wconf 83' lang='lat' dir='ltr'>RUSPENSIS</span> 
     </span>
    </p>
   </div>
   <div class='ocr_carea' id='block_1_3' title="bbox 3695 448 3794 510">
    <p class='ocr_par' dir='ltr' id='par_1_3' title="bbox 3695 448 3794 510">
     <span class='ocr_line' id='line_1_3' title="bbox 3695 448 3794 510; baseline 0.02 -2"><span class='ocrx_word' id='word_1_6' title='bbox 3695 448 3794 510; x_wconf 69' lang='grc'>448</span> 
     </span>
    </p>
   </div>
   <div class='ocr_carea' id='block_1_4' title="bbox 497 573 3804 657">
    <p class='ocr_par' dir='ltr' id='par_1_4' title="bbox 497 573 3804 657">
     <span class='ocr_line' id='line_1_4' title="bbox 497 573 3804 657; baseline 0.003 -28"><span class='ocrx_word' id='word_1_7' title='bbox 497 573 1134 646; x_wconf 86' lang='lat' dir='ltr'>12.Accipimusautem</span> <span class='ocrx_word' id='word_1_8' title='bbox 1152 575 1737 646; x_wconf 88' lang='lat' dir='ltr'>etquatuorconcilia</span> <span class='ocrx_word' id='word_1_9' title='bbox 1755 579 2079 633; x_wconf 89' lang='lat' dir='ltr'>secundum</span> <span class='ocrx_word' id='word_1_10' title='bbox 2113 581 2162 646; x_wconf 81' lang='grc' dir='ltr'><strong>Α</strong></span> <span class='ocrx_word' id='word_1_11' title='bbox 2194 579 2388 652; x_wconf 79' lang='lat' dir='ltr'>(Ibid,</span> <span class='ocrx_word' id='word_1_12' title='bbox 2414 585 2546 650; x_wconf 89' lang='lat'>12.).</span> <span class='ocrx_word' id='word_1_13' title='bbox 2579 584 2886 641; x_wconf 89' lang='lat' dir='ltr'>Falluntur</span> <span class='ocrx_word' id='word_1_14' title='bbox 2913 601 3048 657; x_wconf 83' lang='lat' dir='ltr'>ergo</span> <span class='ocrx_word' id='word_1_15' title='bbox 3101 584 3439 640; x_wconf 86' lang='lat' dir='ltr'>omnimodo</span> <span class='ocrx_word' id='word_1_16' title='bbox 3478 585 3574 655; x_wconf 87' lang='lat' dir='ltr'>qui</span> <span class='ocrx_word' id='word_1_17' title='bbox 3624 584 3804 639; x_wconf 88' lang='lat' dir='ltr'>dicunt</span> 
     </span>
    </p>
   </div>
   <div class='ocr_carea' id='block_1_5' title="bbox 423 663 2078 734">
    <p class='ocr_par' dir='ltr' id='par_1_5' title="bbox 423 663 2078 734">
     <span class='ocr_line' id='line_1_5' title="bbox 423 663 2078 734; baseline 0.002 -15"><span class='ocrx_word' id='word_1_18' title='bbox 423 663 583 720; x_wconf 91' lang='lat' dir='ltr'>hunc</span> <span class='ocrx_word' id='word_1_19' title='bbox 597 663 980 734; x_wconf 84' lang='lat' dir='ltr'>expositionis</span> <span class='ocrx_word' id='word_1_20' title='bbox 1007 671 1218 718; x_wconf 60' lang='lat' dir='ltr'>nostras</span> <span class='ocrx_word' id='word_1_21' title='bbox 1243 665 2078 726; x_wconf 73' lang='lat' dir='ltr'>sensum:Nica3num.trecen-</span> 
     </span>
    </p>
   </div>
   <div class='ocr_carea' id='block_1_6' title="bbox 422 753 2080 828">
    <p class='ocr_par' dir='ltr' id='par_1_6' title="bbox 422 753 2080 828">
     <span class='ocr_line' id='line_1_6' title="bbox 422 753 2080 828; baseline 0 -18"><span class='ocrx_word' id='word_1_22' title='bbox 422 759 614 810; x_wconf 88' lang='lat' dir='ltr'>torum</span> <span class='ocrx_word' id='word_1_23' title='bbox 637 755 834 808; x_wconf 86' lang='lat' dir='ltr'>decem</span> <span class='ocrx_word' id='word_1_24' title='bbox 859 758 917 807; x_wconf 91' lang='lat' dir='ltr'>et</span> <span class='ocrx_word' id='word_1_25' title='bbox 943 759 1070 808; x_wconf 90' lang='lat' dir='ltr'>octo</span> <span class='ocrx_word' id='word_1_26' title='bbox 1092 753 1526 825; x_wconf 87' lang='lat' dir='ltr'>episcoporum;</span> <span class='ocrx_word' id='word_1_27' title='bbox 1553 755 2080 828; x_wconf 81' lang='lat' dir='ltr'>Constantinopoli-</span> 
     </span>
    </p>
   </div>
   <div class='ocr_carea' id='block_1_7' title="bbox 424 842 2079 914">
    <p class='ocr_par' dir='ltr' id='par_1_7' title="bbox 424 842 2079 914">
     <span class='ocr_line' id='line_1_7' title="bbox 424 842 2079 914; baseline 0 -15"><span class='ocrx_word' id='word_1_28' title='bbox 424 847 650 908; x_wconf 88' lang='lat' dir='ltr'>tanum,</span> <span class='ocrx_word' id='word_1_29' title='bbox 686 847 918 897; x_wconf 84' lang='lat' dir='ltr'>centum</span> <span class='ocrx_word' id='word_1_30' title='bbox 951 842 1482 914; x_wconf 77' lang='lat' dir='ltr'>etquinquaginta,</span> <span class='ocrx_word' id='word_1_31' title='bbox 1515 843 1616 914; x_wconf 87' lang='lat' dir='ltr'>qui</span> <span class='ocrx_word' id='word_1_32' title='bbox 1648 845 2079 900; x_wconf 90' lang='lat' dir='ltr'>damnaverunt</span> 
     </span>
    </p>
   </div>
   <div class='ocr_carea' id='block_1_8' title="bbox 2190 673 3804 744">
    <p class='ocr_par' dir='ltr' id='par_1_8' title="bbox 2190 673 3804 744">
     <span class='ocr_line' id='line_1_8' title="bbox 2190 673 3804 744; baseline 0.002 -20"><span class='ocrx_word' id='word_1_33' title='bbox 2190 677 2434 726; x_wconf 91' lang='lat' dir='ltr'>mortem</span> <span class='ocrx_word' id='word_1_34' title='bbox 2461 673 2666 744; x_wconf 86' lang='lat' dir='ltr'>solam,</span> <span class='ocrx_word' id='word_1_35' title='bbox 2684 691 2798 729; x_wconf 92' lang='lat' dir='ltr'>non</span> <span class='ocrx_word' id='word_1_36' title='bbox 2819 675 2994 729; x_wconf 89' lang='lat' dir='ltr'>etiam</span> <span class='ocrx_word' id='word_1_37' title='bbox 3023 681 3321 743; x_wconf 90' lang='lat' dir='ltr'>peccatum</span> <span class='ocrx_word' id='word_1_38' title='bbox 3337 674 3637 729; x_wconf 88' lang='lat' dir='ltr'>transiisse</span> <span class='ocrx_word' id='word_1_39' title='bbox 3659 675 3708 727; x_wconf 85' lang='lat' dir='ltr'>in</span> <span class='ocrx_word' id='word_1_40' title='bbox 3727 691 3804 743; x_wconf 84' lang='lat' dir='ltr'>ge-</span> 
     </span>
    </p>
   </div>
   <div class='ocr_carea' id='block_1_9' title="bbox 2189 753 3804 827">
    <p class='ocr_par' dir='ltr' id='par_1_9' title="bbox 2189 753 3804 827">
     <span class='ocr_line' id='line_1_9' title="bbox 2189 753 3804 827; baseline 0.001 -22"><span class='ocrx_word' id='word_1_41' title='bbox 2189 766 2300 806; x_wconf 90' lang='lat' dir='ltr'>nus</span> <span class='ocrx_word' id='word_1_42' title='bbox 2319 753 2666 822; x_wconf 88' lang='lat' dir='ltr'>humanum,</span> <span class='ocrx_word' id='word_1_43' title='bbox 2699 772 2829 810; x_wconf 92' lang='lat' dir='ltr'>cum</span> <span class='ocrx_word' id='word_1_44' title='bbox 2864 755 3657 827; x_wconf 77' lang='lat' dir='ltr'>Apostolus.etpeccatum,et</span> <span class='ocrx_word' id='word_1_45' title='bbox 3671 770 3804 808; x_wconf 85' lang='lat' dir='ltr'>mor-</span> 
     </span>
    </p>
   </div>
   <div class='ocr_carea' id='block_1_10' title="bbox 2189 843 3413 915">
    <p class='ocr_par' dir='ltr' id='par_1_10' title="bbox 2189 843 3413 915">
     <span class='ocr_line' id='line_1_10' title="bbox 2189 843 3413 915; baseline 0.002 -21"><span class='ocrx_word' id='word_1_46' title='bbox 2189 843 2303 896; x_wconf 89' lang='lat' dir='ltr'>tem</span> <span class='ocrx_word' id='word_1_47' title='bbox 2334 844 2557 898; x_wconf 91' lang='lat' dir='ltr'>mundo</span> <span class='ocrx_word' id='word_1_48' title='bbox 2591 861 2694 915; x_wconf 88' lang='lat' dir='ltr'>per</span> <span class='ocrx_word' id='word_1_49' title='bbox 2721 860 2855 899; x_wconf 89' lang='lat' dir='ltr'>eum</span> <span class='ocrx_word' id='word_1_50' title='bbox 2892 851 3135 900; x_wconf 88' lang='lat' dir='ltr'>testetur</span> <span class='ocrx_word' id='word_1_51' title='bbox 3166 843 3413 898; x_wconf 80' lang='lat' dir='ltr'>illatam.</span> 
     </span>
    </p>
   </div>
   <div class='ocr_carea' id='block_1_11' title="bbox 2261 931 3799 1004">
    <p class='ocr_par' dir='ltr' id='par_1_11' title="bbox 2261 931 3799 1004">
     <span class='ocr_line' id='line_1_11' title="bbox 2261 931 3799 1004; baseline 0.001 -20"><span class='ocrx_word' id='word_1_52' title='bbox 2261 931 2347 985; x_wconf 89' lang='grc'>17.</span> <span class='ocrx_word' id='word_1_53' title='bbox 2381 933 2465 986; x_wconf 91' lang='lat' dir='ltr'>Ab</span> <span class='ocrx_word' id='word_1_54' title='bbox 2481 932 2589 988; x_wconf 86' lang='lat' dir='ltr'>hac</span> <span class='ocrx_word' id='word_1_55' title='bbox 2606 934 2786 1004; x_wconf 82' lang='lat' dir='ltr'>igitur</span> <span class='ocrx_word' id='word_1_56' title='bbox 2803 934 3180 988; x_wconf 83' lang='lat' dir='ltr'>damnatione</span> <span class='ocrx_word' id='word_1_57' title='bbox 3199 938 3256 987; x_wconf 89' lang='lat' dir='ltr'>et</span> <span class='ocrx_word' id='word_1_58' title='bbox 3276 937 3461 987; x_wconf 90' lang='lat' dir='ltr'>morte</span> <span class='ocrx_word' id='word_1_59' title='bbox 3483 932 3677 988; x_wconf 90' lang='lat' dir='ltr'>nullus</span> <span class='ocrx_word' id='word_1_60' title='bbox 3698 950 3799 986; x_wconf 86' lang='lat' dir='ltr'>om-</span> 
     </span>
    </p>
   </div>
   <div class='ocr_carea' id='block_1_12' title="bbox 2188 1020 3801 1094">
    <p class='ocr_par' dir='ltr' id='par_1_12' title="bbox 2188 1020 3801 1094">
     <span class='ocr_line' id='line_1_12' title="bbox 2188 1020 3801 1094; baseline 0.001 -21"><span class='ocrx_word' id='word_1_61' title='bbox 2188 1020 2327 1075; x_wconf 88' lang='lat' dir='ltr'>nino</span> <span class='ocrx_word' id='word_1_62' title='bbox 2358 1021 2658 1089; x_wconf 81' lang='lat' dir='ltr'>liberatur,</span> <span class='ocrx_word' id='word_1_63' title='bbox 2695 1023 2805 1078; x_wconf 90' lang='lat' dir='ltr'>nisi</span> <span class='ocrx_word' id='word_1_64' title='bbox 2839 1022 3029 1094; x_wconf 88' lang='lat' dir='ltr'>gratia</span> <span class='ocrx_word' id='word_1_65' title='bbox 3069 1023 3512 1092; x_wconf 77' lang='lat' dir='ltr'>Redemptoris:</span> <span class='ocrx_word' id='word_1_66' title='bbox 3547 1022 3646 1093; x_wconf 90' lang='lat' dir='ltr'>qui</span> <span class='ocrx_word' id='word_1_67' title='bbox 3689 1040 3801 1077; x_wconf 87' lang='lat' dir='ltr'>cum</span> 
     </span>
    </p>
   </div>
   <div class='ocr_carea' id='block_1_13' title="bbox 2187 1111 3805 1182">
    <p class='ocr_par' dir='ltr' id='par_1_13' title="bbox 2187 1111 3805 1182">
     <span class='ocr_line' id='line_1_13' title="bbox 2187 1111 3805 1182; baseline 0 -18"><span class='ocrx_word' id='word_1_68' title='bbox 2187 1114 2342 1164; x_wconf 91' lang='lat' dir='ltr'>esset</span> <span class='ocrx_word' id='word_1_69' title='bbox 2373 1111 2654 1166; x_wconf 85' lang='lat' dir='ltr'>Dominus</span> <span class='ocrx_word' id='word_1_70' title='bbox 2689 1118 2886 1182; x_wconf 85' lang='lat' dir='ltr'>utpote</span> <span class='ocrx_word' id='word_1_71' title='bbox 2917 1112 3094 1178; x_wconf 89' lang='lat' dir='ltr'>Deus,</span> <span class='ocrx_word' id='word_1_72' title='bbox 3131 1119 3195 1165; x_wconf 87' lang='lat' dir='ltr'>ut</span> <span class='ocrx_word' id='word_1_73' title='bbox 3224 1128 3330 1165; x_wconf 90' lang='lat' dir='ltr'>nos</span> <span class='ocrx_word' id='word_1_74' title='bbox 3355 1128 3388 1165; x_wconf 91' lang='lat' dir='ltr'>a</span> <span class='ocrx_word' id='word_1_75' title='bbox 3410 1111 3684 1166; x_wconf 84' lang='lat' dir='ltr'>servitute</span> <span class='ocrx_word' id='word_1_76' title='bbox 3705 1128 3805 1182; x_wconf 87' lang='lat' dir='ltr'>per-</span> 
     </span>
    </p>
   </div>
   <div class='ocr_carea' id='block_1_14' title="bbox 2183 1200 3802 1271">
    <p class='ocr_par' dir='ltr' id='par_1_14' title="bbox 2183 1200 3802 1271">
     <span class='ocr_line' id='line_1_14' title="bbox 2183 1200 3802 1271; baseline -0.001 -18"><span class='ocrx_word' id='word_1_77' title='bbox 2183 1203 2360 1268; x_wconf 89' lang='lat' dir='ltr'>petua</span> <span class='ocrx_word' id='word_1_78' title='bbox 2391 1205 2449 1254; x_wconf 91' lang='lat' dir='ltr'>et</span> <span class='ocrx_word' id='word_1_79' title='bbox 2477 1206 2758 1271; x_wconf 83' lang='lat' dir='ltr'>potestate</span> <span class='ocrx_word' id='word_1_80' title='bbox 2781 1200 2997 1256; x_wconf 90' lang='lat' dir='ltr'>diaboli</span> <span class='ocrx_word' id='word_1_81' title='bbox 3023 1200 3317 1260; x_wconf 85' lang='lat' dir='ltr'>liberaret.</span> <span class='ocrx_word' id='word_1_82' title='bbox 3342 1205 3516 1270; x_wconf 90' lang='lat' dir='ltr'>atque</span> <span class='ocrx_word' id='word_1_83' title='bbox 3539 1201 3609 1254; x_wconf 90' lang='lat' dir='ltr'>ad</span> <span class='ocrx_word' id='word_1_84' title='bbox 3635 1217 3802 1254; x_wconf 84' lang='lat' dir='ltr'>veram</span> 
     </span>
    </p>
   </div>
   <div class='ocr_carea' id='block_1_15' title="bbox 2186 1287 3806 1358">
    <p class='ocr_par' dir='ltr' id='par_1_15' title="bbox 2186 1287 3806 1358">
     <span class='ocr_line' id='line_1_15' title="bbox 2186 1287 3806 1358; baseline -0.001 -15"><span class='ocrx_word' id='word_1_85' title='bbox 2186 1287 2513 1344; x_wconf 86' lang='lat' dir='ltr'>libertatem</span> <span class='ocrx_word' id='word_1_86' title='bbox 2548 1290 2868 1356; x_wconf 88' lang='lat' dir='ltr'>reduceret,</span> <span class='ocrx_word' id='word_1_87' title='bbox 2903 1291 3094 1346; x_wconf 80' lang='lat' dir='ltr'>factus</span> <span class='ocrx_word' id='word_1_88' title='bbox 3124 1294 3213 1344; x_wconf 91' lang='lat' dir='ltr'>est</span> <span class='ocrx_word' id='word_1_89' title='bbox 3263 1305 3489 1356; x_wconf 87' lang='lat' dir='ltr'>servus,</span> <span class='ocrx_word' id='word_1_90' title='bbox 3543 1288 3806 1358; x_wconf 85' lang='lat' dir='ltr'>accipiens</span> 
     </span>
    </p>
   </div>
   <div class='ocr_carea' id='block_1_16' title="bbox 2185 1377 3796 1449">
    <p class='ocr_par' dir='ltr' id='par_1_16' title="bbox 2185 1377 3796 1449">
     <span class='ocr_line' id='line_1_16' title="bbox 2185 1377 3796 1449; baseline 0.001 -17"><span class='ocrx_word' id='word_1_91' title='bbox 2185 1377 2434 1432; x_wconf 83' lang='lat' dir='ltr'>formam</span> <span class='ocrx_word' id='word_1_92' title='bbox 2468 1380 2618 1434; x_wconf 84' lang='lat' dir='ltr'>servi</span> <span class='ocrx_word' id='word_1_93' title='bbox 2651 1378 2884 1449; x_wconf 82' lang='lat' dir='ltr'>(Philip.</span> <span class='ocrx_word' id='word_1_94' title='bbox 2920 1396 2982 1445; x_wconf 90' lang='grc' dir='ltr'><strong>ιι,</strong></span> <span class='ocrx_word' id='word_1_95' title='bbox 3013 1379 3092 1446; x_wconf 87' lang='lat'>7).</span> <span class='ocrx_word' id='word_1_96' title='bbox 3130 1380 3270 1433; x_wconf 80' lang='lat' dir='ltr'>Hinc</span> <span class='ocrx_word' id='word_1_97' title='bbox 3293 1383 3384 1433; x_wconf 90' lang='lat' dir='ltr'>est</span> <span class='ocrx_word' id='word_1_98' title='bbox 3407 1379 3562 1449; x_wconf 90' lang='lat' dir='ltr'>quod</span> <span class='ocrx_word' id='word_1_99' title='bbox 3588 1379 3796 1433; x_wconf 75' lang='lat' dir='ltr'>dicitad</span> 
     </span>
    </p>
   </div>
   <div class='ocr_carea' id='block_1_17' title="bbox 2181 1465 3810 1536">
    <p class='ocr_par' dir='ltr' id='par_1_17' title="bbox 2181 1465 3810 1536">
     <span class='ocr_line' id='line_1_17' title="bbox 2181 1465 3810 1536; baseline 0.001 -16"><span class='ocrx_word' id='word_1_100' title='bbox 2181 1465 2439 1522; x_wconf 72' lang='lat' dir='ltr'>Judaaos:</span> <span class='ocrx_word' id='word_1_101' title='bbox 2475 1468 2618 1524; x_wconf 88' lang='lat' dir='ltr'>Tunc</span> <span class='ocrx_word' id='word_1_102' title='bbox 2646 1485 2772 1524; x_wconf 88' lang='lat' dir='ltr'>vere</span> <span class='ocrx_word' id='word_1_103' title='bbox 2796 1468 2962 1524; x_wconf 80' lang='lat' dir='ltr'>liberi</span> <span class='ocrx_word' id='word_1_104' title='bbox 2989 1470 3171 1536; x_wconf 89' lang='lat' dir='ltr'>eritis,</span> <span class='ocrx_word' id='word_1_105' title='bbox 3193 1467 3242 1522; x_wconf 83' lang='lat' dir='ltr'>si</span> <span class='ocrx_word' id='word_1_106' title='bbox 3265 1484 3358 1523; x_wconf 84' lang='lat' dir='ltr'>vos</span> <span class='ocrx_word' id='word_1_107' title='bbox 3381 1468 3554 1522; x_wconf 80' lang='lat' dir='ltr'>Filius</span> <span class='ocrx_word' id='word_1_108' title='bbox 3577 1466 3810 1522; x_wconf 77' lang='lat' dir='ltr'>liberare-</span> 
     </span>
    </p>
   </div>
   <div class='ocr_carea' id='block_1_18' title="bbox 2181 1556 3802 1628">
    <p class='ocr_par' dir='ltr' id='par_1_18' title="bbox 2181 1556 3802 1628">
     <span class='ocr_line' id='line_1_18' title="bbox 2181 1556 3802 1628; baseline -0.001 -19"><span class='ocrx_word' id='word_1_109' title='bbox 2181 1557 2259 1610; x_wconf 88' lang='lat' dir='ltr'>rit</span> <span class='ocrx_word' id='word_1_110' title='bbox 2272 1557 2450 1624; x_wconf 87' lang='lat' dir='ltr'>(Joan.</span> <span class='ocrx_word' id='word_1_111' title='bbox 2473 1573 2594 1625; x_wconf 82' lang='lat' dir='ltr'>VIII,</span> <span class='ocrx_word' id='word_1_112' title='bbox 2610 1558 2719 1628; x_wconf 85' lang='lat'>36).</span> <span class='ocrx_word' id='word_1_113' title='bbox 2745 1558 3042 1612; x_wconf 80' lang='lat' dir='ltr'>Putabant</span> <span class='ocrx_word' id='word_1_114' title='bbox 3063 1557 3217 1612; x_wconf 91' lang='lat' dir='ltr'>enim</span> <span class='ocrx_word' id='word_1_115' title='bbox 3243 1573 3303 1610; x_wconf 86' lang='lat' dir='ltr'>se</span> <span class='ocrx_word' id='word_1_116' title='bbox 3324 1572 3459 1612; x_wconf 85' lang='lat' dir='ltr'>vere</span> <span class='ocrx_word' id='word_1_117' title='bbox 3481 1556 3802 1626; x_wconf 90' lang='lat' dir='ltr'>liberos,qui</span> 
     </span>
    </p>
   </div>
   <div class='ocr_carea' id='block_1_19' title="bbox 2183 1643 3804 1718">
    <p class='ocr_par' dir='ltr' id='par_1_19' title="bbox 2183 1643 3804 1718">
     <span class='ocr_line' id='line_1_19' title="bbox 2183 1643 3804 1718; baseline 0.001 -20"><span class='ocrx_word' id='word_1_118' title='bbox 2183 1643 2461 1701; x_wconf 85' lang='lat' dir='ltr'>humanis</span> <span class='ocrx_word' id='word_1_119' title='bbox 2491 1647 2894 1718; x_wconf 87' lang='lat' dir='ltr'>occupationis</span> <span class='ocrx_word' id='word_1_120' title='bbox 2925 1647 3251 1702; x_wconf 90' lang='lat' dir='ltr'>intentione</span> <span class='ocrx_word' id='word_1_121' title='bbox 3283 1645 3605 1700; x_wconf 88' lang='lat' dir='ltr'>vanissima</span> <span class='ocrx_word' id='word_1_122' title='bbox 3625 1647 3804 1700; x_wconf 88' lang='lat' dir='ltr'>servie-</span> 
     </span>
    </p>
   </div>
   <div class='ocr_carea' id='block_1_20' title="bbox 427 933 2074 1008">
    <p class='ocr_par' dir='ltr' id='par_1_20' title="bbox 427 933 2074 1008">
     <span class='ocr_line' id='line_1_20' title="bbox 427 933 2074 1008; baseline -0.001 -17"><span class='ocrx_word' id='word_1_123' title='bbox 427 936 640 1008; x_wconf 88' lang='lat' dir='ltr'>impios</span> <span class='ocrx_word' id='word_1_124' title='bbox 661 933 1249 1002; x_wconf 87' lang='lat' dir='ltr'>Pneumatemachos,</span> <span class='ocrx_word' id='word_1_125' title='bbox 1269 951 1372 989; x_wconf 91' lang='lat' dir='ltr'>nec</span> <span class='ocrx_word' id='word_1_126' title='bbox 1389 951 1503 990; x_wconf 91' lang='lat' dir='ltr'>non</span> <span class='ocrx_word' id='word_1_127' title='bbox 1524 935 1696 989; x_wconf 80' lang='lat' dir='ltr'>etiam</span> <span class='ocrx_word' id='word_1_128' title='bbox 1717 935 2074 1007; x_wconf 82' lang='lat' dir='ltr'>Ephesinum</span> 
     </span>
    </p>
   </div>
   <div class='ocr_carea' id='block_1_21' title="bbox 422 1024 2078 1098">
    <p class='ocr_par' dir='ltr' id='par_1_21' title="bbox 422 1024 2078 1098">
     <span class='ocr_line' id='line_1_21' title="bbox 422 1024 2078 1098; baseline 0.001 -19"><span class='ocrx_word' id='word_1_129' title='bbox 422 1027 705 1098; x_wconf 88' lang='lat' dir='ltr'>primum,</span> <span class='ocrx_word' id='word_1_130' title='bbox 734 1025 825 1078; x_wconf 89' lang='lat' dir='ltr'>cui</span> <span class='ocrx_word' id='word_1_131' title='bbox 860 1024 1565 1095; x_wconf 63' lang='lat' dir='ltr'>prafueruntbeatissimi</span> <span class='ocrx_word' id='word_1_132' title='bbox 1589 1024 1938 1080; x_wconf 72' lang='lat' dir='ltr'>leestinus</span> <span class='ocrx_word' id='word_1_133' title='bbox 1963 1026 2078 1080; x_wconf 85' lang='lat' dir='ltr'>Ro-</span> 
     </span>
    </p>
   </div>
   <div class='ocr_carea' id='block_1_22' title="bbox 423 1111 2078 1184">
    <p class='ocr_par' dir='ltr' id='par_1_22' title="bbox 423 1111 2078 1184">
     <span class='ocr_line' id='line_1_22' title="bbox 423 1111 2078 1184; baseline -0.001 -14"><span class='ocrx_word' id='word_1_134' title='bbox 423 1131 660 1179; x_wconf 89' lang='lat' dir='ltr'>manus,</span> <span class='ocrx_word' id='word_1_135' title='bbox 692 1118 748 1168; x_wconf 92' lang='lat' dir='ltr'>et</span> <span class='ocrx_word' id='word_1_136' title='bbox 770 1111 1022 1184; x_wconf 69' lang='lat' dir='ltr'>Cyrillus</span> <span class='ocrx_word' id='word_1_137' title='bbox 1055 1111 1486 1168; x_wconf 79' lang='lat' dir='ltr'>Alexandrinus</span> <span class='ocrx_word' id='word_1_138' title='bbox 1519 1114 1836 1181; x_wconf 84' lang='lat' dir='ltr'>antistites;</span> <span class='ocrx_word' id='word_1_139' title='bbox 1861 1119 1917 1169; x_wconf 90' lang='lat' dir='ltr'>et</span> <span class='ocrx_word' id='word_1_140' title='bbox 1939 1131 2078 1170; x_wconf 90' lang='lat' dir='ltr'>san-</span> 
     </span>
    </p>
   </div>
   <div class='ocr_carea' id='block_1_23' title="bbox 423 1201 2072 1274">
    <p class='ocr_par' dir='ltr' id='par_1_23' title="bbox 423 1201 2072 1274">
     <span class='ocr_line' id='line_1_23' title="bbox 423 1201 2072 1274; baseline 0.001 -15"><span class='ocrx_word' id='word_1_141' title='bbox 423 1208 583 1260; x_wconf 88' lang='lat' dir='ltr'>ctum</span> <span class='ocrx_word' id='word_1_142' title='bbox 617 1219 682 1257; x_wconf 92' lang='lat' dir='ltr'>ac</span> <span class='ocrx_word' id='word_1_143' title='bbox 715 1201 1046 1257; x_wconf 88' lang='lat' dir='ltr'>venerabile</span> <span class='ocrx_word' id='word_1_144' title='bbox 1076 1202 1234 1272; x_wconf 89' lang='lat' dir='ltr'>quod</span> <span class='ocrx_word' id='word_1_145' title='bbox 1267 1203 1421 1274; x_wconf 90' lang='lat' dir='ltr'>apud</span> <span class='ocrx_word' id='word_1_146' title='bbox 1454 1203 1882 1259; x_wconf 89' lang='lat' dir='ltr'>Chalcedonem</span> <span class='ocrx_word' id='word_1_147' title='bbox 1925 1204 2072 1260; x_wconf 88' lang='lat' dir='ltr'>cele-</span> 
     </span>
    </p>
   </div>
   <div class='ocr_carea' id='block_1_24' title="bbox 420 1293 803 1348">
    <p class='ocr_par' dir='ltr' id='par_1_24' title="bbox 420 1293 803 1348">
     <span class='ocr_line' id='line_1_24' title="bbox 420 1293 803 1348; baseline -0.013 0"><span class='ocrx_word' id='word_1_148' title='bbox 420 1293 658 1348; x_wconf 88' lang='lat' dir='ltr'>bratum</span> <span class='ocrx_word' id='word_1_149' title='bbox 691 1295 803 1347; x_wconf 90' lang='lat' dir='ltr'>est.</span> 
     </span>
    </p>
   </div>
   <div class='ocr_carea' id='block_1_25' title="bbox 494 1377 2052 1450">
    <p class='ocr_par' dir='ltr' id='par_1_25' title="bbox 494 1377 2052 1450">
     <span class='ocr_line' id='line_1_25' title="bbox 494 1377 2052 1450; baseline 0.001 -16"><span class='ocrx_word' id='word_1_150' title='bbox 494 1381 580 1434; x_wconf 89' lang='lat'>13.</span> <span class='ocrx_word' id='word_1_151' title='bbox 615 1377 905 1450; x_wconf 85' lang='lat' dir='ltr'>Epistolas</span> <span class='ocrx_word' id='word_1_152' title='bbox 937 1394 1168 1448; x_wconf 91' lang='lat' dir='ltr'>quoque</span> <span class='ocrx_word' id='word_1_153' title='bbox 1198 1379 1353 1433; x_wconf 84' lang='lat' dir='ltr'>beati</span> <span class='ocrx_word' id='word_1_154' title='bbox 1389 1379 1593 1434; x_wconf 89' lang='lat' dir='ltr'>Leonis</span> <span class='ocrx_word' id='word_1_155' title='bbox 1640 1379 2052 1450; x_wconf 87' lang='lat' dir='ltr'>amplectimur</span> 
     </span>
    </p>
   </div>
   <div class='ocr_carea' id='block_1_26' title="bbox 421 1467 2075 1541">
    <p class='ocr_par' dir='ltr' id='par_1_26' title="bbox 421 1467 2075 1541">
     <span class='ocr_line' id='line_1_26' title="bbox 421 1467 2075 1541; baseline 0.001 -17"><span class='ocrx_word' id='word_1_156' title='bbox 421 1467 987 1524; x_wconf 88' lang='lat' dir='ltr'>anathematizantes</span> <span class='ocrx_word' id='word_1_157' title='bbox 1021 1467 1327 1523; x_wconf 83' lang='lat' dir='ltr'>universos</span> <span class='ocrx_word' id='word_1_158' title='bbox 1359 1469 1652 1523; x_wconf 86' lang='lat' dir='ltr'>contraria</span> <span class='ocrx_word' id='word_1_159' title='bbox 1699 1469 2075 1541; x_wconf 85' lang='lat' dir='ltr'>dogmatibus</span> 
     </span>
    </p>
   </div>
   <div class='ocr_carea' id='block_1_27' title="bbox 420 1555 2074 1628">
    <p class='ocr_par' dir='ltr' id='par_1_27' title="bbox 420 1555 2074 1628">
     <span class='ocr_line' id='line_1_27' title="bbox 420 1555 2074 1628; baseline 0.002 -16"><span class='ocrx_word' id='word_1_160' title='bbox 420 1557 689 1613; x_wconf 71' lang='lat' dir='ltr'>Ecclesiae</span> <span class='ocrx_word' id='word_1_161' title='bbox 711 1555 1171 1621; x_wconf 88' lang='lat' dir='ltr'>sentientes,sim</span> <span class='ocrx_word' id='word_1_162' title='bbox 1185 1556 1240 1610; x_wconf 93' lang='lat' dir='ltr'>ul</span> <span class='ocrx_word' id='word_1_163' title='bbox 1255 1561 1312 1612; x_wconf 91' lang='lat' dir='ltr'>et</span> <span class='ocrx_word' id='word_1_164' title='bbox 1328 1556 1524 1612; x_wconf 74' lang='lat' dir='ltr'>omnia</span> <span class='ocrx_word' id='word_1_165' title='bbox 1547 1557 1768 1628; x_wconf 92' lang='lat' dir='ltr'>scripta</span> <span class='ocrx_word' id='word_1_166' title='bbox 1785 1558 2074 1615; x_wconf 90' lang='lat' dir='ltr'>Theodori</span> 
     </span>
    </p>
   </div>
   <div class='ocr_carea' id='block_1_28' title="bbox 337 1644 2073 1720">
    <p class='ocr_par' dir='ltr' id='par_1_28' title="bbox 337 1644 2073 1720">
     <span class='ocr_line' id='line_1_28' title="bbox 337 1644 2073 1720; baseline 0 -17"><span class='ocrx_word' id='word_1_167' title='bbox 337 1645 340 1649; x_wconf 79' lang='grc'><strong>’</strong></span> <span class='ocrx_word' id='word_1_168' title='bbox 419 1644 1441 1718; x_wconf 85' lang='lat' dir='ltr'>Mopsuestini,etNestoriidiscipuli</span> <span class='ocrx_word' id='word_1_169' title='bbox 1458 1645 1608 1717; x_wconf 87' lang='lat' dir='ltr'>ejus,</span> <span class='ocrx_word' id='word_1_170' title='bbox 1633 1662 1956 1719; x_wconf 86' lang='lat' dir='ltr'>omnesque</span> <span class='ocrx_word' id='word_1_171' title='bbox 1973 1648 2073 1720; x_wconf 87' lang='lat' dir='ltr'>qui</span> 
     </span>
    </p>
   </div>
   <div class='ocr_carea' id='block_1_29' title="bbox 418 1733 3800 1807">
    <p class='ocr_par' dir='ltr' id='par_1_29' title="bbox 418 1733 3800 1807">
     <span class='ocr_line' id='line_1_29' title="bbox 418 1733 3800 1807; baseline -0 -18"><span class='ocrx_word' id='word_1_172' title='bbox 418 1733 535 1790; x_wconf 89' lang='lat' dir='ltr'>illis</span> <span class='ocrx_word' id='word_1_173' title='bbox 567 1734 783 1790; x_wconf 85' lang='lat' dir='ltr'>similia</span> <span class='ocrx_word' id='word_1_174' title='bbox 812 1735 1049 1806; x_wconf 85' lang='lat' dir='ltr'>sapiunt</span> <span class='ocrx_word' id='word_1_175' title='bbox 1078 1751 1211 1789; x_wconf 91' lang='lat' dir='ltr'>cum</span> <span class='ocrx_word' id='word_1_176' title='bbox 1243 1735 1447 1790; x_wconf 89' lang='lat' dir='ltr'>eodem</span> <span class='ocrx_word' id='word_1_177' title='bbox 1479 1736 1768 1803; x_wconf 90' lang='lat' dir='ltr'>Nestorio,</span> <span class='ocrx_word' id='word_1_178' title='bbox 1819 1753 1923 1792; x_wconf 92' lang='lat' dir='ltr'>nec</span> <span class='ocrx_word' id='word_1_179' title='bbox 1957 1754 2072 1793; x_wconf 91' lang='lat' dir='ltr'>non</span> <span class='ocrx_word' id='word_1_180' title='bbox 2183 1735 2342 1788; x_wconf 88' lang='lat' dir='ltr'>bant.</span> <span class='ocrx_word' id='word_1_181' title='bbox 2367 1733 2438 1790; x_wconf 88' lang='lat' dir='ltr'>Ut</span> <span class='ocrx_word' id='word_1_182' title='bbox 2467 1751 2604 1807; x_wconf 89' lang='lat' dir='ltr'>ergo</span> <span class='ocrx_word' id='word_1_183' title='bbox 2625 1735 2770 1790; x_wconf 82' lang='lat' dir='ltr'>talea</span> <span class='ocrx_word' id='word_1_184' title='bbox 2795 1735 3037 1791; x_wconf 84' lang='lat' dir='ltr'>libertas</span> <span class='ocrx_word' id='word_1_185' title='bbox 3062 1736 3225 1789; x_wconf 81' lang='lat' dir='ltr'>fleret</span> <span class='ocrx_word' id='word_1_186' title='bbox 3249 1752 3378 1789; x_wconf 86' lang='lat' dir='ltr'>vera</span> <span class='ocrx_word' id='word_1_187' title='bbox 3399 1735 3639 1789; x_wconf 88' lang='lat' dir='ltr'>libertas</span> <span class='ocrx_word' id='word_1_188' title='bbox 3657 1735 3800 1803; x_wconf 89' lang='lat' dir='ltr'>(a),id</span> 
     </span>
    </p>
   </div>
   <div class='ocr_carea' id='block_1_30' title="bbox 416 1822 3797 1896">
    <p class='ocr_par' dir='ltr' id='par_1_30' title="bbox 416 1822 3797 1896">
     <span class='ocr_line' id='line_1_30' title="bbox 416 1822 3797 1896; baseline -0.001 -17"><span class='ocrx_word' id='word_1_189' title='bbox 416 1823 592 1880; x_wconf 88' lang='lat' dir='ltr'>etiam</span> <span class='ocrx_word' id='word_1_190' title='bbox 613 1827 825 1877; x_wconf 90' lang='lat' dir='ltr'>cuncta</span> <span class='ocrx_word' id='word_1_191' title='bbox 843 1822 1060 1893; x_wconf 79' lang='lat' dir='ltr'>scripta</span> <span class='ocrx_word' id='word_1_192' title='bbox 1078 1822 1388 1878; x_wconf 86' lang='lat' dir='ltr'>duodecim</span> <span class='ocrx_word' id='word_1_193' title='bbox 1406 1823 1778 1879; x_wconf 88' lang='lat' dir='ltr'>adversantia</span> <span class='ocrx_word' id='word_1_194' title='bbox 1793 1825 2076 1896; x_wconf 90' lang='lat' dir='ltr'>capitulis</span> <span class='ocrx_word' id='word_1_195' title='bbox 2181 1831 2289 1890; x_wconf 89' lang='lat' dir='ltr'>est,</span> <span class='ocrx_word' id='word_1_196' title='bbox 2321 1829 2385 1878; x_wconf 90' lang='lat' dir='ltr'>ut</span> <span class='ocrx_word' id='word_1_197' title='bbox 2426 1824 2686 1879; x_wconf 89' lang='lat' dir='ltr'>humana</span> <span class='ocrx_word' id='word_1_198' title='bbox 2715 1824 2957 1880; x_wconf 90' lang='lat' dir='ltr'>libertas</span> <span class='ocrx_word' id='word_1_199' title='bbox 2991 1823 3155 1879; x_wconf 85' lang='lat' dir='ltr'>ﬁeret</span> <span class='ocrx_word' id='word_1_200' title='bbox 3185 1823 3517 1880; x_wconf 89' lang='lat' dir='ltr'>Christiana</span> <span class='ocrx_word' id='word_1_201' title='bbox 3565 1823 3797 1889; x_wconf 86' lang='lat' dir='ltr'>libertas,</span> 
     </span>
    </p>
   </div>
   <div class='ocr_carea' id='block_1_31' title="bbox 416 1911 3800 2012">
    <p class='ocr_par' dir='ltr' id='par_1_31' title="bbox 416 1911 3800 2012">
     <span class='ocr_line' id='line_1_31' title="bbox 416 1911 3800 2012; baseline -0.001 -43"><span class='ocrx_word' id='word_1_202' title='bbox 416 1913 574 1969; x_wconf 87' lang='lat' dir='ltr'>beati</span> <span class='ocrx_word' id='word_1_203' title='bbox 597 1911 963 1985; x_wconf 55' lang='lat' dir='ltr'>Cyrillijquae</span> <span class='ocrx_word' id='word_1_204' title='bbox 990 1917 1193 1968; x_wconf 89' lang='lat' dir='ltr'>contra</span> <span class='ocrx_word' id='word_1_205' title='bbox 1215 1913 1487 1968; x_wconf 90' lang='lat' dir='ltr'>eumdem</span> <span class='ocrx_word' id='word_1_206' title='bbox 1509 1913 1844 1969; x_wconf 85' lang='lat' dir='ltr'>Nestorium</span> <span class='ocrx_word' id='word_1_207' title='bbox 1869 1915 2069 1984; x_wconf 91' lang='lat' dir='ltr'>edidit;</span> <span class='ocrx_word' id='word_1_208' title='bbox 2104 1946 2148 2012; x_wconf 80' lang='grc' dir='ltr'><strong>Β</strong></span> <span class='ocrx_word' id='word_1_209' title='bbox 2179 1912 2382 1967; x_wconf 87' lang='lat' dir='ltr'>eadem</span> <span class='ocrx_word' id='word_1_210' title='bbox 2418 1912 2655 1968; x_wconf 88' lang='lat' dir='ltr'>libertas</span> <span class='ocrx_word' id='word_1_211' title='bbox 2685 1913 2996 1969; x_wconf 76' lang='lat' dir='ltr'>liberatore</span> <span class='ocrx_word' id='word_1_212' title='bbox 3028 1912 3300 1984; x_wconf 75' lang='lat' dir='ltr'>indiguit,</span> <span class='ocrx_word' id='word_1_213' title='bbox 3335 1930 3450 1984; x_wconf 91' lang='lat' dir='ltr'>quo</span> <span class='ocrx_word' id='word_1_214' title='bbox 3479 1919 3686 1984; x_wconf 83' lang='lat' dir='ltr'>posset,</span> <span class='ocrx_word' id='word_1_215' title='bbox 3717 1928 3800 1984; x_wconf 86' lang='lat' dir='ltr'>per</span> 
     </span>
    </p>
   </div>
   <div class='ocr_carea' id='block_1_32' title="bbox 417 2001 3804 2074">
    <p class='ocr_par' dir='ltr' id='par_1_32' title="bbox 417 2001 3804 2074">
     <span class='ocr_line' id='line_1_32' title="bbox 417 2001 3804 2074; baseline -0.001 -17"><span class='ocrx_word' id='word_1_216' title='bbox 417 2001 512 2057; x_wconf 92' lang='lat' dir='ltr'>his</span> <span class='ocrx_word' id='word_1_217' title='bbox 543 2001 882 2071; x_wconf 76' lang='lat' dir='ltr'>adjicientes</span> <span class='ocrx_word' id='word_1_218' title='bbox 908 2001 1208 2073; x_wconf 83' lang='lat' dir='ltr'>Eutychen</span> <span class='ocrx_word' id='word_1_219' title='bbox 1241 2005 1297 2057; x_wconf 90' lang='lat' dir='ltr'>et</span> <span class='ocrx_word' id='word_1_220' title='bbox 1330 2001 1675 2058; x_wconf 90' lang='lat' dir='ltr'>Dioscorum</span> <span class='ocrx_word' id='word_1_221' title='bbox 1707 2019 1841 2058; x_wconf 91' lang='lat' dir='ltr'>cum</span> <span class='ocrx_word' id='word_1_222' title='bbox 1890 2002 2067 2060; x_wconf 91' lang='lat' dir='ltr'>sociis</span> <span class='ocrx_word' id='word_1_223' title='bbox 2104 2001 2147 2012; x_wconf 81' lang='grc'><strong><em>“’</em></strong></span> <span class='ocrx_word' id='word_1_224' title='bbox 2185 2004 2308 2071; x_wconf 85' lang='lat' dir='ltr'>ejus</span> <span class='ocrx_word' id='word_1_225' title='bbox 2339 2003 2585 2070; x_wconf 84' lang='lat' dir='ltr'>gratiam</span> <span class='ocrx_word' id='word_1_226' title='bbox 2611 2003 2680 2058; x_wconf 90' lang='lat' dir='ltr'>ab</span> <span class='ocrx_word' id='word_1_227' title='bbox 2705 2003 3193 2074; x_wconf 87' lang='lat' dir='ltr'>occupationibus</span> <span class='ocrx_word' id='word_1_228' title='bbox 3220 2002 3495 2057; x_wconf 87' lang='lat' dir='ltr'>humanis</span> <span class='ocrx_word' id='word_1_229' title='bbox 3517 2019 3723 2065; x_wconf 88' lang='lat' dir='ltr'>aversa,</span> <span class='ocrx_word' id='word_1_230' title='bbox 3747 2018 3804 2055; x_wconf 91' lang='lat' dir='ltr'>ea</span> 
     </span>
    </p>
   </div>
   <div class='ocr_carea' id='block_1_33' title="bbox 415 2091 2070 2164">
    <p class='ocr_par' dir='ltr' id='par_1_33' title="bbox 415 2091 2070 2164">
     <span class='ocr_line' id='line_1_33' title="bbox 415 2091 2070 2164; baseline 0.001 -16"><span class='ocrx_word' id='word_1_231' title='bbox 415 2107 968 2160; x_wconf 87' lang='lat' dir='ltr'>eorum,omnesque</span> <span class='ocrx_word' id='word_1_232' title='bbox 987 2092 1298 2162; x_wconf 86' lang='lat' dir='ltr'>quosjuste</span> <span class='ocrx_word' id='word_1_233' title='bbox 1314 2107 1378 2146; x_wconf 91' lang='lat' dir='ltr'>ac</span> <span class='ocrx_word' id='word_1_234' title='bbox 1393 2091 1740 2163; x_wconf 84' lang='lat' dir='ltr'>regulariter</span> <span class='ocrx_word' id='word_1_235' title='bbox 1753 2093 2070 2164; x_wconf 37' lang='lat' dir='ltr'>sedesiapo-</span> 
     </span>
    </p>
   </div>
   <div class='ocr_carea' id='block_1_34' title="bbox 417 2179 1071 2236">
    <p class='ocr_par' dir='ltr' id='par_1_34' title="bbox 417 2179 1071 2236">
     <span class='ocr_line' id='line_1_34' title="bbox 417 2179 1071 2236; baseline -0.003 0"><span class='ocrx_word' id='word_1_236' title='bbox 417 2181 624 2236; x_wconf 89' lang='lat' dir='ltr'>stolica</span> <span class='ocrx_word' id='word_1_237' title='bbox 653 2179 1071 2234; x_wconf 88' lang='lat' dir='ltr'>condemnavit</span> 
     </span>
    </p>
   </div>
   <div class='ocr_carea' id='block_1_35' title="bbox 486 2268 2066 2341">
    <p class='ocr_par' dir='ltr' id='par_1_35' title="bbox 486 2268 2066 2341">
     <span class='ocr_line' id='line_1_35' title="bbox 486 2268 2066 2341; baseline 0.001 -17"><span class='ocrx_word' id='word_1_238' title='bbox 486 2268 616 2324; x_wconf 60' lang='lat' dir='ltr'>Car.</span> <span class='ocrx_word' id='word_1_239' title='bbox 649 2287 725 2324; x_wconf 76' lang='lat' dir='ltr'>vx.</span> <span class='ocrx_word' id='word_1_240' title='bbox 744 2268 933 2337; x_wconf 84' lang='lat' dir='ltr'>Qualis</span> <span class='ocrx_word' id='word_1_241' title='bbox 962 2268 1119 2323; x_wconf 88' lang='lat' dir='ltr'>homo</span> <span class='ocrx_word' id='word_1_242' title='bbox 1137 2273 1379 2335; x_wconf 82' lang='lat' dir='ltr'>creatus;</span> <span class='ocrx_word' id='word_1_243' title='bbox 1407 2275 1462 2324; x_wconf 77' lang='lat' dir='ltr'>et</span> <span class='ocrx_word' id='word_1_244' title='bbox 1483 2269 1670 2340; x_wconf 85' lang='lat' dir='ltr'>qualis</span> <span class='ocrx_word' id='word_1_245' title='bbox 1697 2284 1822 2323; x_wconf 89' lang='lat' dir='ltr'>cum</span> <span class='ocrx_word' id='word_1_246' title='bbox 1849 2285 1952 2324; x_wconf 80' lang='lat' dir='ltr'>sua</span> <span class='ocrx_word' id='word_1_247' title='bbox 1969 2286 2066 2341; x_wconf 85' lang='lat' dir='ltr'>po-</span> 
     </span>
    </p>
   </div>
   <div class='ocr_carea' id='block_1_36' title="bbox 413 2357 2068 2429">
    <p class='ocr_par' dir='ltr' id='par_1_36' title="bbox 413 2357 2068 2429">
     <span class='ocr_line' id='line_1_36' title="bbox 413 2357 2068 2429; baseline 0.001 -16"><span class='ocrx_word' id='word_1_248' title='bbox 413 2359 661 2413; x_wconf 82' lang='lat' dir='ltr'>steritate</span> <span class='ocrx_word' id='word_1_249' title='bbox 687 2374 786 2427; x_wconf 79' lang='lat' dir='ltr'>per</span> <span class='ocrx_word' id='word_1_250' title='bbox 814 2362 1094 2428; x_wconf 85' lang='lat' dir='ltr'>peccatum</span> <span class='ocrx_word' id='word_1_251' title='bbox 1133 2357 1369 2428; x_wconf 78' lang='lat' dir='ltr'>eﬂectus.</span> <span class='ocrx_word' id='word_1_252' title='bbox 1429 2358 1538 2413; x_wconf 88' lang='lat' dir='ltr'>Per</span> <span class='ocrx_word' id='word_1_253' title='bbox 1587 2364 1874 2429; x_wconf 85' lang='lat' dir='ltr'>peccatum</span> <span class='ocrx_word' id='word_1_254' title='bbox 1923 2368 2068 2415; x_wconf 82' lang='lat' dir='ltr'>totus</span> 
     </span>
    </p>
   </div>
   <div class='ocr_carea' id='block_1_37' title="bbox 416 2446 2068 2516">
    <p class='ocr_par' dir='ltr' id='par_1_37' title="bbox 416 2446 2068 2516">
     <span class='ocr_line' id='line_1_37' title="bbox 416 2446 2068 2516; baseline 0.001 -14"><span class='ocrx_word' id='word_1_255' title='bbox 416 2447 578 2502; x_wconf 91' lang='lat' dir='ltr'>homo</span> <span class='ocrx_word' id='word_1_256' title='bbox 606 2451 787 2516; x_wconf 80' lang='lat' dir='ltr'>[actus</span> <span class='ocrx_word' id='word_1_257' title='bbox 812 2455 888 2501; x_wconf 86' lang='lat' dir='ltr'>est</span> <span class='ocrx_word' id='word_1_258' title='bbox 906 2447 1167 2501; x_wconf 74' lang='lat' dir='ltr'>deterior.</span> <span class='ocrx_word' id='word_1_259' title='bbox 1193 2446 1324 2501; x_wconf 85' lang='lat' dir='ltr'>Sine</span> <span class='ocrx_word' id='word_1_260' title='bbox 1343 2449 1535 2516; x_wconf 80' lang='lat' dir='ltr'>gratia</span> <span class='ocrx_word' id='word_1_261' title='bbox 1556 2464 1671 2502; x_wconf 85' lang='lat' dir='ltr'>non</span> <span class='ocrx_word' id='word_1_262' title='bbox 1691 2450 1806 2502; x_wconf 91' lang='lat' dir='ltr'>nisi</span> <span class='ocrx_word' id='word_1_263' title='bbox 1824 2449 2068 2504; x_wconf 89' lang='lat' dir='ltr'>humana</span> 
     </span>
    </p>
   </div>
   <div class='ocr_carea' id='block_1_38' title="bbox 416 2535 2065 2606">
    <p class='ocr_par' dir='ltr' id='par_1_38' title="bbox 416 2535 2065 2606">
     <span class='ocr_line' id='line_1_38' title="bbox 416 2535 2065 2606; baseline 0.002 -15"><span class='ocrx_word' id='word_1_264' title='bbox 416 2537 754 2606; x_wconf 78' lang='lat' dir='ltr'>coyitantur.</span> <span class='ocrx_word' id='word_1_265' title='bbox 789 2535 929 2604; x_wconf 80' lang='lat' dir='ltr'>Quid</span> <span class='ocrx_word' id='word_1_266' title='bbox 957 2535 1030 2590; x_wconf 90' lang='lat' dir='ltr'>sit</span> <span class='ocrx_word' id='word_1_267' title='bbox 1057 2539 1296 2591; x_wconf 81' lang='lat' dir='ltr'>credere.</span> <span class='ocrx_word' id='word_1_268' title='bbox 1331 2568 1396 2576; x_wconf 95' lang='lat'>—</span> <span class='ocrx_word' id='word_1_269' title='bbox 1431 2538 1516 2593; x_wconf 79' lang='grc'>14.</span> <span class='ocrx_word' id='word_1_270' title='bbox 1551 2543 1691 2593; x_wconf 88' lang='lat' dir='ltr'>Post</span> <span class='ocrx_word' id='word_1_271' title='bbox 1720 2539 1840 2593; x_wconf 72' lang='lat' dir='ltr'>haec</span> <span class='ocrx_word' id='word_1_272' title='bbox 1862 2555 2065 2594; x_wconf 87' lang='lat' dir='ltr'>conse-</span> 
     </span>
    </p>
   </div>
   <div class='ocr_carea' id='block_1_39' title="bbox 415 2623 2064 2698">
    <p class='ocr_par' dir='ltr' id='par_1_39' title="bbox 415 2623 2064 2698">
     <span class='ocr_line' id='line_1_39' title="bbox 415 2623 2064 2698; baseline 0.004 -22"><span class='ocrx_word' id='word_1_273' title='bbox 415 2639 601 2693; x_wconf 90' lang='lat' dir='ltr'>quens</span> <span class='ocrx_word' id='word_1_274' title='bbox 615 2625 893 2678; x_wconf 85' lang='lat' dir='ltr'>estctiam</span> <span class='ocrx_word' id='word_1_275' title='bbox 913 2623 1250 2694; x_wconf 90' lang='lat' dir='ltr'>qualiterde</span> <span class='ocrx_word' id='word_1_276' title='bbox 1269 2625 1480 2680; x_wconf 88' lang='lat' dir='ltr'>Christi</span> <span class='ocrx_word' id='word_1_277' title='bbox 1497 2627 1689 2698; x_wconf 86' lang='lat' dir='ltr'>gratia</span> <span class='ocrx_word' id='word_1_278' title='bbox 1707 2628 2064 2694; x_wconf 90' lang='lat' dir='ltr'>sentiamus,</span> 
     </span>
    </p>
   </div>
   <div class='ocr_carea' id='block_1_40' title="bbox 415 2713 2066 2789">
    <p class='ocr_par' dir='ltr' id='par_1_40' title="bbox 415 2713 2066 2789">
     <span class='ocr_line' id='line_1_40' title="bbox 415 2713 2066 2789; baseline 0.002 -21"><span class='ocrx_word' id='word_1_279' title='bbox 415 2729 533 2784; x_wconf 90' lang='lat' dir='ltr'>qua</span> <span class='ocrx_word' id='word_1_280' title='bbox 572 2730 678 2768; x_wconf 93' lang='lat' dir='ltr'>nos</span> <span class='ocrx_word' id='word_1_281' title='bbox 705 2713 858 2768; x_wconf 91' lang='lat' dir='ltr'>eruit</span> <span class='ocrx_word' id='word_1_282' title='bbox 891 2714 960 2768; x_wconf 92' lang='lat' dir='ltr'>de</span> <span class='ocrx_word' id='word_1_283' title='bbox 994 2718 1276 2782; x_wconf 86' lang='lat' dir='ltr'>potestate</span> <span class='ocrx_word' id='word_1_284' title='bbox 1298 2719 1542 2784; x_wconf 67' lang='lat' dir='ltr'>Satanas,</span> <span class='ocrx_word' id='word_1_285' title='bbox 1563 2718 1886 2772; x_wconf 88' lang='lat' dir='ltr'>secundum</span> <span class='ocrx_word' id='word_1_286' title='bbox 1909 2716 2066 2789; x_wconf 90' lang='lat' dir='ltr'>quod</span> 
     </span>
    </p>
   </div>
   <div class='ocr_carea' id='block_1_41' title="bbox 419 2801 2064 2869">
    <p class='ocr_par' dir='ltr' id='par_1_41' title="bbox 419 2801 2064 2869">
     <span class='ocr_line' id='line_1_41' title="bbox 419 2801 2064 2869; baseline 0.001 -13"><span class='ocrx_word' id='word_1_287' title='bbox 419 2801 592 2857; x_wconf 73' lang='lat' dir='ltr'>nobis</span> <span class='ocrx_word' id='word_1_288' title='bbox 621 2806 709 2856; x_wconf 90' lang='lat' dir='ltr'>est</span> <span class='ocrx_word' id='word_1_289' title='bbox 741 2802 1044 2869; x_wconf 90' lang='lat' dir='ltr'>traditum,</span> <span class='ocrx_word' id='word_1_290' title='bbox 1076 2808 1280 2857; x_wconf 75' lang='lat' dir='ltr'>vestrae</span> <span class='ocrx_word' id='word_1_291' title='bbox 1333 2803 1686 2859; x_wconf 89' lang='lat' dir='ltr'>beatitudini</span> <span class='ocrx_word' id='word_1_292' title='bbox 1730 2805 2064 2861; x_wconf 81' lang='lat' dir='ltr'>declarare:</span> 
     </span>
    </p>
   </div>
   <div class='ocr_carea' id='block_1_42' title="bbox 416 2890 2065 2964">
    <p class='ocr_par' dir='ltr' id='par_1_42' title="bbox 416 2890 2065 2964">
     <span class='ocr_line' id='line_1_42' title="bbox 416 2890 2065 2964; baseline 0.004 -19"><span class='ocrx_word' id='word_1_293' title='bbox 416 2891 558 2962; x_wconf 89' lang='lat' dir='ltr'>quia</span> <span class='ocrx_word' id='word_1_294' title='bbox 571 2890 819 2946; x_wconf 89' lang='lat' dir='ltr'>etiamin</span> <span class='ocrx_word' id='word_1_295' title='bbox 839 2891 947 2947; x_wconf 87' lang='lat' dir='ltr'>hac</span> <span class='ocrx_word' id='word_1_296' title='bbox 970 2896 1132 2964; x_wconf 90' lang='lat' dir='ltr'>parte</span> <span class='ocrx_word' id='word_1_297' title='bbox 1157 2892 1474 2948; x_wconf 84' lang='lat' dir='ltr'>auctoritas</span> <span class='ocrx_word' id='word_1_298' title='bbox 1496 2898 1689 2949; x_wconf 89' lang='lat' dir='ltr'>vestra</span> <span class='ocrx_word' id='word_1_299' title='bbox 1713 2894 1881 2950; x_wconf 88' lang='lat' dir='ltr'>nobis</span> <span class='ocrx_word' id='word_1_300' title='bbox 1898 2894 2065 2951; x_wconf 88' lang='lat' dir='ltr'>valde</span> 
     </span>
    </p>
   </div>
   <div class='ocr_carea' id='block_1_43' title="bbox 415 2980 886 3038">
    <p class='ocr_par' dir='ltr' id='par_1_43' title="bbox 415 2980 886 3038">
     <span class='ocr_line' id='line_1_43' title="bbox 415 2980 886 3038; baseline -0.006 0"><span class='ocrx_word' id='word_1_301' title='bbox 415 2985 504 3038; x_wconf 85' lang='lat' dir='ltr'>est</span> <span class='ocrx_word' id='word_1_302' title='bbox 537 2980 886 3036; x_wconf 84' lang='lat' dir='ltr'>necessaria.</span> 
     </span>
    </p>
   </div>
   <div class='ocr_carea' id='block_1_44' title="bbox 490 3069 2066 3141">
    <p class='ocr_par' dir='ltr' id='par_1_44' title="bbox 490 3069 2066 3141">
     <span class='ocr_line' id='line_1_44' title="bbox 490 3069 2066 3141; baseline 0.003 -17"><span class='ocrx_word' id='word_1_303' title='bbox 490 3069 577 3126; x_wconf 83' lang='lat'>15.</span> <span class='ocrx_word' id='word_1_304' title='bbox 597 3069 1117 3141; x_wconf 88' lang='lat' dir='ltr'>Credimusitaque</span> <span class='ocrx_word' id='word_1_305' title='bbox 1135 3070 1351 3126; x_wconf 85' lang='lat' dir='ltr'>bonum</span> <span class='ocrx_word' id='word_1_306' title='bbox 1378 3075 1435 3127; x_wconf 90' lang='lat' dir='ltr'>et</span> <span class='ocrx_word' id='word_1_307' title='bbox 1454 3072 1582 3127; x_wconf 90' lang='lat' dir='ltr'>sine</span> <span class='ocrx_word' id='word_1_308' title='bbox 1606 3070 1726 3127; x_wconf 91' lang='lat' dir='ltr'>ulla</span> <span class='ocrx_word' id='word_1_309' title='bbox 1747 3073 1938 3128; x_wconf 90' lang='lat' dir='ltr'>carnis</span> <span class='ocrx_word' id='word_1_310' title='bbox 1961 3072 2066 3128; x_wconf 87' lang='lat' dir='ltr'>im-</span> 
     </span>
    </p>
   </div>
   <div class='ocr_carea' id='block_1_45' title="bbox 419 3160 2064 3233">
    <p class='ocr_par' dir='ltr' id='par_1_45' title="bbox 419 3160 2064 3233">
     <span class='ocr_line' id='line_1_45' title="bbox 419 3160 2064 3233; baseline 0.002 -18"><span class='ocrx_word' id='word_1_311' title='bbox 419 3161 844 3233; x_wconf 84' lang='lat' dir='ltr'>pugnatione,a</span> <span class='ocrx_word' id='word_1_312' title='bbox 873 3160 990 3216; x_wconf 90' lang='lat' dir='ltr'>Deo</span> <span class='ocrx_word' id='word_1_313' title='bbox 1020 3166 1280 3216; x_wconf 90' lang='lat' dir='ltr'>creatore</span> <span class='ocrx_word' id='word_1_314' title='bbox 1299 3162 1587 3226; x_wconf 90' lang='lat' dir='ltr'>omnium,</span> <span class='ocrx_word' id='word_1_315' title='bbox 1618 3163 1836 3218; x_wconf 81' lang='lat' dir='ltr'>factum</span> <span class='ocrx_word' id='word_1_316' title='bbox 1858 3164 2064 3231; x_wconf 81' lang='lat' dir='ltr'>Adam,</span> 
     </span>
    </p>
   </div>
   <div class='ocr_carea' id='block_1_46' title="bbox 419 3251 2062 3322">
    <p class='ocr_par' dir='ltr' id='par_1_46' title="bbox 419 3251 2062 3322">
     <span class='ocr_line' id='line_1_46' title="bbox 419 3251 2062 3322; baseline 0.003 -18"><span class='ocrx_word' id='word_1_317' title='bbox 419 3266 752 3322; x_wconf 85' lang='lat' dir='ltr'>magnaque</span> <span class='ocrx_word' id='word_1_318' title='bbox 767 3252 1071 3321; x_wconf 66' lang='lat' dir='ltr'>praeditum</span> <span class='ocrx_word' id='word_1_319' title='bbox 1089 3251 1466 3316; x_wconf 90' lang='lat' dir='ltr'>libertate,ita</span> <span class='ocrx_word' id='word_1_320' title='bbox 1480 3257 1615 3308; x_wconf 88' lang='lat' dir='ltr'>utet</span> <span class='ocrx_word' id='word_1_321' title='bbox 1635 3253 1850 3308; x_wconf 88' lang='lat' dir='ltr'>bonum</span> <span class='ocrx_word' id='word_1_322' title='bbox 1878 3255 2062 3310; x_wconf 85' lang='lat' dir='ltr'>facere</span> 
     </span>
    </p>
   </div>
   <div class='ocr_carea' id='block_1_47' title="bbox 415 3339 2063 3415">
    <p class='ocr_par' dir='ltr' id='par_1_47' title="bbox 415 3339 2063 3415">
     <span class='ocr_line' id='line_1_47' title="bbox 415 3339 2063 3415; baseline 0.004 -21"><span class='ocrx_word' id='word_1_323' title='bbox 415 3339 476 3394; x_wconf 90' lang='lat' dir='ltr'>in</span> <span class='ocrx_word' id='word_1_324' title='bbox 509 3340 747 3411; x_wconf 83' lang='lat' dir='ltr'>prOpria</span> <span class='ocrx_word' id='word_1_325' title='bbox 779 3340 1054 3396; x_wconf 77' lang='lat' dir='ltr'>facultate</span> <span class='ocrx_word' id='word_1_326' title='bbox 1085 3341 1349 3410; x_wconf 82' lang='lat' dir='ltr'>haberet,</span> <span class='ocrx_word' id='word_1_327' title='bbox 1381 3351 1438 3397; x_wconf 89' lang='lat' dir='ltr'>et</span> <span class='ocrx_word' id='word_1_328' title='bbox 1477 3341 1724 3410; x_wconf 88' lang='lat' dir='ltr'>malum,</span> <span class='ocrx_word' id='word_1_329' title='bbox 1774 3343 1825 3398; x_wconf 91' lang='lat' dir='ltr'>si</span> <span class='ocrx_word' id='word_1_330' title='bbox 1873 3342 2063 3415; x_wconf 85' lang='lat' dir='ltr'>vellet,</span> 
     </span>
    </p>
   </div>
   <div class='ocr_carea' id='block_1_48' title="bbox 417 3428 2066 3502">
    <p class='ocr_par' dir='ltr' id='par_1_48' title="bbox 417 3428 2066 3502">
     <span class='ocr_line' id='line_1_48' title="bbox 417 3428 2066 3502; baseline 0.004 -20"><span class='ocrx_word' id='word_1_331' title='bbox 417 3433 620 3499; x_wconf 89' lang='lat' dir='ltr'>posset</span> <span class='ocrx_word' id='word_1_332' title='bbox 649 3428 981 3485; x_wconf 87' lang='lat' dir='ltr'>admittere.</span> <span class='ocrx_word' id='word_1_333' title='bbox 1002 3430 1258 3502; x_wconf 89' lang='lat' dir='ltr'>Eratque</span> <span class='ocrx_word' id='word_1_334' title='bbox 1291 3447 1449 3486; x_wconf 90' lang='lat' dir='ltr'>mors</span> <span class='ocrx_word' id='word_1_335' title='bbox 1483 3435 1539 3486; x_wconf 92' lang='lat' dir='ltr'>et</span> <span class='ocrx_word' id='word_1_336' title='bbox 1567 3431 1986 3488; x_wconf 89' lang='lat' dir='ltr'>immortalitas</span> <span class='ocrx_word' id='word_1_337' title='bbox 2007 3432 2066 3488; x_wconf 92' lang='lat' dir='ltr'>in</span> 
     </span>
    </p>
   </div>
   <div class='ocr_carea' id='block_1_49' title="bbox 419 3517 2068 3593">
    <p class='ocr_par' dir='ltr' id='par_1_49' title="bbox 419 3517 2068 3593">
     <span class='ocr_line' id='line_1_49' title="bbox 419 3517 2068 3593; baseline 0.004 -23"><span class='ocrx_word' id='word_1_338' title='bbox 419 3517 548 3587; x_wconf 88' lang='lat' dir='ltr'>ejus</span> <span class='ocrx_word' id='word_1_339' title='bbox 580 3517 768 3588; x_wconf 90' lang='lat' dir='ltr'>posita</span> <span class='ocrx_word' id='word_1_340' title='bbox 799 3519 1236 3589; x_wconf 90' lang='lat' dir='ltr'>quodammodo</span> <span class='ocrx_word' id='word_1_341' title='bbox 1269 3521 1494 3576; x_wconf 88' lang='lat' dir='ltr'>arbitrii</span> <span class='ocrx_word' id='word_1_342' title='bbox 1537 3520 1825 3579; x_wconf 90' lang='lat' dir='ltr'>libertate.</span> <span class='ocrx_word' id='word_1_343' title='bbox 1876 3522 2068 3593; x_wconf 85' lang='lat' dir='ltr'>Capax</span> 
     </span>
    </p>
   </div>
   <div class='ocr_carea' id='block_1_50' title="bbox 409 3605 2065 3683">
    <p class='ocr_par' dir='ltr' id='par_1_50' title="bbox 409 3605 2065 3683">
     <span class='ocr_line' id='line_1_50' title="bbox 409 3605 2065 3683; baseline 0.004 -25"><span class='ocrx_word' id='word_1_344' title='bbox 409 3605 568 3661; x_wconf 88' lang='lat' dir='ltr'>enim</span> <span class='ocrx_word' id='word_1_345' title='bbox 606 3612 732 3662; x_wconf 89' lang='lat' dir='ltr'>erat</span> <span class='ocrx_word' id='word_1_346' title='bbox 765 3609 1077 3678; x_wconf 88' lang='lat' dir='ltr'>utriusque</span> <span class='ocrx_word' id='word_1_347' title='bbox 1107 3609 1210 3675; x_wconf 93' lang='lat' dir='ltr'>rei,</span> <span class='ocrx_word' id='word_1_348' title='bbox 1247 3615 1310 3665; x_wconf 90' lang='lat' dir='ltr'>ut</span> <span class='ocrx_word' id='word_1_349' title='bbox 1336 3610 1384 3665; x_wconf 91' lang='lat' dir='ltr'>si</span> <span class='ocrx_word' id='word_1_350' title='bbox 1406 3616 1663 3667; x_wconf 73' lang='lat' dir='ltr'>servaret</span> <span class='ocrx_word' id='word_1_351' title='bbox 1686 3617 2065 3683; x_wconf 72' lang='lat' dir='ltr'>praeceptum,</span> 
     </span>
    </p>
   </div>
   <div class='ocr_carea' id='block_1_51' title="bbox 410 3692 3800 3768">
    <p class='ocr_par' dir='ltr' id='par_1_51' title="bbox 410 3692 3800 3768">
     <span class='ocr_line' id='line_1_51' title="bbox 410 3692 3800 3768; baseline 0.001 -22"><span class='ocrx_word' id='word_1_352' title='bbox 410 3692 539 3748; x_wconf 87' lang='lat' dir='ltr'>sine</span> <span class='ocrx_word' id='word_1_353' title='bbox 556 3695 913 3764; x_wconf 82' lang='lat' dir='ltr'>experientia</span> <span class='ocrx_word' id='word_1_354' title='bbox 933 3697 1141 3752; x_wconf 89' lang='lat' dir='ltr'>mortis</span> <span class='ocrx_word' id='word_1_355' title='bbox 1165 3698 1327 3753; x_wconf 83' lang='lat' dir='ltr'>ﬁeret</span> <span class='ocrx_word' id='word_1_356' title='bbox 1350 3698 1765 3768; x_wconf 82' lang='lat' dir='ltr'>immortalis;si</span> <span class='ocrx_word' id='word_1_357' title='bbox 1783 3717 1914 3756; x_wconf 91' lang='lat' dir='ltr'>vero</span> <span class='ocrx_word' id='word_1_358' title='bbox 1935 3715 2068 3754; x_wconf 89' lang='lat' dir='ltr'>con—</span> <span class='ocrx_word' id='word_1_359' title='bbox 2173 3695 2350 3752; x_wconf 84' lang='lat' dir='ltr'>etiam</span> <span class='ocrx_word' id='word_1_360' title='bbox 2375 3696 2568 3768; x_wconf 90' lang='lat' dir='ltr'>ipsum</span> <span class='ocrx_word' id='word_1_361' title='bbox 2591 3713 2865 3764; x_wconf 72' lang='lat' dir='ltr'>casusne,</span> <span class='ocrx_word' id='word_1_362' title='bbox 2892 3699 3046 3767; x_wconf 92' lang='lat' dir='ltr'>quod</span> <span class='ocrx_word' id='word_1_363' title='bbox 3073 3702 3162 3752; x_wconf 88' lang='lat' dir='ltr'>est</span> <span class='ocrx_word' id='word_1_364' title='bbox 3182 3713 3543 3752; x_wconf 75' lang='lat' dir='ltr'>consensum</span> <span class='ocrx_word' id='word_1_365' title='bbox 3575 3697 3800 3768; x_wconf 63' lang='lat' dir='ltr'>prebere</span> 
     </span>
    </p>
   </div>
   <div class='ocr_carea' id='block_1_52' title="bbox 414 3784 3796 3858">
    <p class='ocr_par' dir='ltr' id='par_1_52' title="bbox 414 3784 3796 3858">
     <span class='ocr_line' id='line_1_52' title="bbox 414 3784 3796 3858; baseline 0 -22"><span class='ocrx_word' id='word_1_366' title='bbox 414 3784 721 3846; x_wconf 85' lang='lat' dir='ltr'>temneret,</span> <span class='ocrx_word' id='word_1_367' title='bbox 743 3799 900 3838; x_wconf 90' lang='lat' dir='ltr'>mors</span> <span class='ocrx_word' id='word_1_368' title='bbox 924 3785 1200 3840; x_wconf 90' lang='lat' dir='ltr'>continuo</span> <span class='ocrx_word' id='word_1_369' title='bbox 1228 3787 1710 3856; x_wconf 88' lang='lat' dir='ltr'>subsequeretur.</span> <span class='ocrx_word' id='word_1_370' title='bbox 1736 3791 1937 3858; x_wconf 90' lang='lat' dir='ltr'>Itaque</span> <span class='ocrx_word' id='word_1_371' title='bbox 1949 3806 2068 3844; x_wconf 90' lang='lat' dir='ltr'>ser-</span> <span class='ocrx_word' id='word_1_372' title='bbox 2171 3786 2424 3853; x_wconf 85' lang='lat' dir='ltr'>veritati,</span> <span class='ocrx_word' id='word_1_373' title='bbox 2457 3786 2625 3841; x_wconf 90' lang='lat' dir='ltr'>nobis</span> <span class='ocrx_word' id='word_1_374' title='bbox 2648 3803 2682 3841; x_wconf 90' lang='lat' dir='ltr'>a</span> <span class='ocrx_word' id='word_1_375' title='bbox 2702 3786 2818 3841; x_wconf 93' lang='lat' dir='ltr'>Deo</span> <span class='ocrx_word' id='word_1_376' title='bbox 2841 3786 2964 3841; x_wconf 92' lang='lat' dir='ltr'>dari</span> <span class='ocrx_word' id='word_1_377' title='bbox 2989 3791 3236 3842; x_wconf 89' lang='lat' dir='ltr'>testetur</span> <span class='ocrx_word' id='word_1_378' title='bbox 3258 3787 3580 3858; x_wconf 85' lang='lat' dir='ltr'>Apostolus</span> <span class='ocrx_word' id='word_1_379' title='bbox 3601 3787 3796 3841; x_wconf 86' lang='lat' dir='ltr'>dicens:</span> 
     </span>
    </p>
   </div>
   <div class='ocr_carea' id='block_1_53' title="bbox 413 3870 3800 3950">
    <p class='ocr_par' dir='ltr' id='par_1_53' title="bbox 413 3870 3800 3950">
     <span class='ocr_line' id='line_1_53' title="bbox 413 3870 3800 3950; baseline 0 -25"><span class='ocrx_word' id='word_1_380' title='bbox 413 3870 611 3942; x_wconf 89' lang='lat' dir='ltr'>pentis</span> <span class='ocrx_word' id='word_1_381' title='bbox 643 3871 860 3926; x_wconf 90' lang='lat' dir='ltr'>astutia</span> <span class='ocrx_word' id='word_1_382' title='bbox 890 3873 1261 3943; x_wconf 82' lang='lat' dir='ltr'>depravatus,</span> <span class='ocrx_word' id='word_1_383' title='bbox 1289 3882 1495 3943; x_wconf 88' lang='lat' dir='ltr'>sponte</span> <span class='ocrx_word' id='word_1_384' title='bbox 1527 3875 1733 3930; x_wconf 69' lang='lat' dir='ltr'>divinae</span> <span class='ocrx_word' id='word_1_385' title='bbox 1757 3875 1902 3949; x_wconf 87' lang='lat' dir='ltr'>legis</span> <span class='ocrx_word' id='word_1_386' title='bbox 1927 3897 2065 3950; x_wconf 63' lang='lat' dir='ltr'>prae-</span> <span class='ocrx_word' id='word_1_387' title='bbox 2178 3875 2330 3932; x_wconf 79' lang='lat' dir='ltr'>Vobis</span> <span class='ocrx_word' id='word_1_388' title='bbox 2381 3877 2527 3930; x_wconf 90' lang='lat' dir='ltr'>enim</span> <span class='ocrx_word' id='word_1_389' title='bbox 2571 3874 2756 3930; x_wconf 86' lang='lat' dir='ltr'>datum</span> <span class='ocrx_word' id='word_1_390' title='bbox 2787 3881 2863 3931; x_wconf 87' lang='lat' dir='ltr'>est</span> <span class='ocrx_word' id='word_1_391' title='bbox 2891 3891 2923 3931; x_wconf 90' lang='lat' dir='ltr'>a</span> <span class='ocrx_word' id='word_1_392' title='bbox 2956 3876 3192 3944; x_wconf 78' lang='lat' dir='ltr'>Christo,</span> <span class='ocrx_word' id='word_1_393' title='bbox 3239 3877 3418 3932; x_wconf 86' lang='lat' dir='ltr'>solum</span> <span class='ocrx_word' id='word_1_394' title='bbox 3469 3885 3536 3932; x_wconf 85' lang='lat' dir='ltr'>ul</span> <span class='ocrx_word' id='word_1_395' title='bbox 3587 3879 3646 3932; x_wconf 84' lang='lat' dir='ltr'>in</span> <span class='ocrx_word' id='word_1_396' title='bbox 3691 3891 3800 3930; x_wconf 80' lang='lat' dir='ltr'>eum</span> 
     </span>
    </p>
   </div>
   <div class='ocr_carea' id='block_1_54' title="bbox 410 3958 3797 4046">
    <p class='ocr_par' dir='ltr' id='par_1_54' title="bbox 410 3958 3797 4046">
     <span class='ocr_line' id='line_1_54' title="bbox 410 3958 3797 4046; baseline 0.004 -34"><span class='ocrx_word' id='word_1_397' title='bbox 410 3958 702 4014; x_wconf 89' lang='lat' dir='ltr'>varicator</span> <span class='ocrx_word' id='word_1_398' title='bbox 731 3959 974 4015; x_wconf 72' lang='lat' dir='ltr'>effectus</span> <span class='ocrx_word' id='word_1_399' title='bbox 1005 3965 1114 4030; x_wconf 86' lang='lat' dir='ltr'>est,</span> <span class='ocrx_word' id='word_1_400' title='bbox 1147 3968 1205 4017; x_wconf 91' lang='lat' dir='ltr'>et</span> <span class='ocrx_word' id='word_1_401' title='bbox 1235 3961 1364 4018; x_wconf 91' lang='lat' dir='ltr'>ideo</span> <span class='ocrx_word' id='word_1_402' title='bbox 1415 3965 1743 4020; x_wconf 87' lang='lat' dir='ltr'>secundum</span> <span class='ocrx_word' id='word_1_403' title='bbox 1797 3969 1952 4038; x_wconf 91' lang='lat' dir='ltr'>quod</span> <span class='ocrx_word' id='word_1_404' title='bbox 2007 3969 2059 4024; x_wconf 88' lang='lat' dir='ltr'>ei</span> <span class='ocrx_word' id='word_1_405' title='bbox 2168 3974 2429 4040; x_wconf 77' lang='lat' dir='ltr'>credatis,</span> <span class='ocrx_word' id='word_1_406' title='bbox 2459 3989 2650 4028; x_wconf 87' lang='lat' dir='ltr'>verum</span> <span class='ocrx_word' id='word_1_407' title='bbox 2679 3975 2850 4029; x_wconf 91' lang='lat' dir='ltr'>etiam</span> <span class='ocrx_word' id='word_1_408' title='bbox 2880 3982 2939 4030; x_wconf 85' lang='lat' dir='ltr'>ut</span> <span class='ocrx_word' id='word_1_409' title='bbox 2971 3991 3068 4045; x_wconf 90' lang='lat' dir='ltr'>pro</span> <span class='ocrx_word' id='word_1_410' title='bbox 3105 3973 3211 4029; x_wconf 84' lang='lat' dir='ltr'>illo</span> <span class='ocrx_word' id='word_1_411' title='bbox 3250 3977 3561 4045; x_wconf 75' lang='lat' dir='ltr'>patiamini</span> <span class='ocrx_word' id='word_1_412' title='bbox 3593 3973 3797 4046; x_wconf 82' lang='lat' dir='ltr'>(Philip.</span> 
     </span>
    </p>
   </div>
   <div class='ocr_carea' id='block_1_55' title="bbox 407 4048 2359 4134">
    <p class='ocr_par' dir='ltr' id='par_1_55' title="bbox 407 4048 2359 4134">
     <span class='ocr_line' id='line_1_55' title="bbox 407 4048 2359 4134; baseline 0.008 -32"><span class='ocrx_word' id='word_1_413' title='bbox 407 4048 750 4121; x_wconf 67' lang='lat' dir='ltr'>praedictum</span> <span class='ocrx_word' id='word_1_414' title='bbox 769 4050 1144 4122; x_wconf 86' lang='lat' dir='ltr'>fuerat,justo</span> <span class='ocrx_word' id='word_1_415' title='bbox 1161 4052 1486 4123; x_wconf 89' lang='lat' dir='ltr'>Deijudicio</span> <span class='ocrx_word' id='word_1_416' title='bbox 1503 4055 1705 4111; x_wconf 87' lang='lat' dir='ltr'>mortis</span> <span class='ocrx_word' id='word_1_417' title='bbox 1725 4058 2064 4126; x_wconf 83' lang='lat' dir='ltr'>pcenadam-</span> <span class='ocrx_word' id='word_1_418' title='bbox 2171 4079 2210 4131; x_wconf 83' lang='lat'>1,</span> <span class='ocrx_word' id='word_1_419' title='bbox 2243 4063 2359 4134; x_wconf 88' lang='grc'>29).</span> 
     </span>
    </p>
   </div>
   <div class='ocr_carea' id='block_1_56' title="bbox 408 4139 3800 4224">
    <p class='ocr_par' dir='ltr' id='par_1_56' title="bbox 408 4139 3800 4224">
     <span class='ocr_line' id='line_1_56' title="bbox 408 4139 3800 4224; baseline 0.003 -30"><span class='ocrx_word' id='word_1_420' title='bbox 408 4139 971 4210; x_wconf 88' lang='lat' dir='ltr'>natur,totusque,id</span> <span class='ocrx_word' id='word_1_421' title='bbox 989 4142 1416 4197; x_wconf 89' lang='lat' dir='ltr'>estsecundum</span> <span class='ocrx_word' id='word_1_422' title='bbox 1435 4148 2056 4215; x_wconf 89' lang='lat' dir='ltr'>corpusetsecundum</span> <span class='ocrx_word' id='word_1_423' title='bbox 2239 4151 2374 4207; x_wconf 78' lang='lat' dir='ltr'>CAP.</span> <span class='ocrx_word' id='word_1_424' title='bbox 2407 4168 2506 4208; x_wconf 87' lang='lat' dir='ltr'>vu.</span> <span class='ocrx_word' id='word_1_425' title='bbox 2534 4152 2673 4207; x_wconf 87' lang='lat' dir='ltr'>Deus</span> <span class='ocrx_word' id='word_1_426' title='bbox 2703 4149 2852 4209; x_wconf 84' lang='lat' dir='ltr'>alios</span> <span class='ocrx_word' id='word_1_427' title='bbox 2880 4154 3016 4224; x_wconf 79' lang='lat' dir='ltr'>facit</span> <span class='ocrx_word' id='word_1_428' title='bbox 3039 4152 3262 4209; x_wconf 83' lang='lat' dir='ltr'>credere</span> <span class='ocrx_word' id='word_1_429' title='bbox 3290 4169 3391 4208; x_wconf 83' lang='lat' dir='ltr'>sua</span> <span class='ocrx_word' id='word_1_430' title='bbox 3416 4153 3800 4220; x_wconf 78' lang='lat' dir='ltr'>bonitate,alios</span> 
     </span>
    </p>
   </div>
   <div class='ocr_carea' id='block_1_57' title="bbox 412 4228 3796 4312">
    <p class='ocr_par' dir='ltr' id='par_1_57' title="bbox 412 4228 3796 4312">
     <span class='ocr_line' id='line_1_57' title="bbox 412 4228 3796 4312; baseline 0.001 -27"><span class='ocrx_word' id='word_1_431' title='bbox 412 4228 694 4296; x_wconf 87' lang='lat' dir='ltr'>animam,</span> <span class='ocrx_word' id='word_1_432' title='bbox 729 4229 788 4285; x_wconf 91' lang='lat' dir='ltr'>in</span> <span class='ocrx_word' id='word_1_433' title='bbox 821 4229 1080 4287; x_wconf 88' lang='lat' dir='ltr'>deterius</span> <span class='ocrx_word' id='word_1_434' title='bbox 1112 4237 1530 4300; x_wconf 85' lang='lat' dir='ltr'>commutatus,</span> <span class='ocrx_word' id='word_1_435' title='bbox 1559 4234 2060 4294; x_wconf 89' lang='lat' dir='ltr'>amissalibertate</span> <span class='ocrx_word' id='word_1_436' title='bbox 2167 4240 2368 4296; x_wconf 83' lang='lat' dir='ltr'>deserit</span> <span class='ocrx_word' id='word_1_437' title='bbox 2388 4240 2896 4312; x_wconf 75' lang='lat' dir='ltr'>justojudicio,sed</span> <span class='ocrx_word' id='word_1_438' title='bbox 2916 4242 3150 4298; x_wconf 88' lang='lat' dir='ltr'>occulto.</span> <span class='ocrx_word' id='word_1_439' title='bbox 3174 4273 3238 4283; x_wconf 92' lang='lat'>—</span> <span class='ocrx_word' id='word_1_440' title='bbox 3263 4243 3353 4299; x_wconf 88' lang='lat'>20.</span> <span class='ocrx_word' id='word_1_441' title='bbox 3381 4243 3494 4299; x_wconf 90' lang='lat' dir='ltr'>Sed</span> <span class='ocrx_word' id='word_1_442' title='bbox 3520 4244 3734 4307; x_wconf 90' lang='lat' dir='ltr'>dicunt,</span> <span class='ocrx_word' id='word_1_443' title='bbox 3755 4238 3796 4292; x_wconf 93' lang='lat' dir='ltr'>si</span> 
     </span>
    </p>
   </div>
   <div class='ocr_carea' id='block_1_58' title="bbox 406 4318 3799 4402">
    <p class='ocr_par' dir='ltr' id='par_1_58' title="bbox 406 4318 3799 4402">
     <span class='ocr_line' id='line_1_58' title="bbox 406 4318 3799 4402; baseline 0.002 -28"><span class='ocrx_word' id='word_1_444' title='bbox 406 4318 659 4391; x_wconf 89' lang='lat' dir='ltr'>propria,</span> <span class='ocrx_word' id='word_1_445' title='bbox 695 4320 806 4375; x_wconf 89' lang='lat' dir='ltr'>sub</span> <span class='ocrx_word' id='word_1_446' title='bbox 837 4321 1056 4393; x_wconf 90' lang='lat' dir='ltr'>peccati</span> <span class='ocrx_word' id='word_1_447' title='bbox 1089 4321 1326 4378; x_wconf 91' lang='lat' dir='ltr'>servitio</span> <span class='ocrx_word' id='word_1_448' title='bbox 1351 4323 1739 4395; x_wconf 90' lang='lat' dir='ltr'>mancipatur.</span> <span class='ocrx_word' id='word_1_449' title='bbox 2169 4329 2435 4385; x_wconf 89' lang='lat' dir='ltr'>nolentes</span> <span class='ocrx_word' id='word_1_450' title='bbox 2469 4334 2620 4385; x_wconf 86' lang='lat' dir='ltr'>Deus</span> <span class='ocrx_word' id='word_1_451' title='bbox 2652 4331 2792 4386; x_wconf 84' lang='lat' dir='ltr'>facit</span> <span class='ocrx_word' id='word_1_452' title='bbox 2824 4339 2887 4386; x_wconf 87' lang='lat' dir='ltr'>ut</span> <span class='ocrx_word' id='word_1_453' title='bbox 2913 4331 3094 4387; x_wconf 91' lang='lat' dir='ltr'>velint</span> <span class='ocrx_word' id='word_1_454' title='bbox 3115 4334 3372 4402; x_wconf 86' lang='lat' dir='ltr'>credere,</span> <span class='ocrx_word' id='word_1_455' title='bbox 3403 4333 3607 4388; x_wconf 92' lang='lat' dir='ltr'>nullus</span> <span class='ocrx_word' id='word_1_456' title='bbox 3629 4340 3799 4386; x_wconf 87' lang='lat' dir='ltr'>autem</span> 
     </span>
    </p>
   </div>
   <div class='ocr_carea' id='block_1_59' title="bbox 479 4408 3802 4493">
    <p class='ocr_par' dir='ltr' id='par_1_59' title="bbox 479 4408 3802 4493">
     <span class='ocr_line' id='line_1_59' title="bbox 479 4408 3802 4493; baseline 0.002 -31"><span class='ocrx_word' id='word_1_457' title='bbox 479 4409 566 4462; x_wconf 87' lang='lat'>16.</span> <span class='ocrx_word' id='word_1_458' title='bbox 601 4408 680 4462; x_wconf 81' lang='lat' dir='ltr'><strong>Ex</strong></span> <span class='ocrx_word' id='word_1_459' title='bbox 715 4408 820 4464; x_wconf 89' lang='lat' dir='ltr'>hoc</span> <span class='ocrx_word' id='word_1_460' title='bbox 857 4427 1070 4466; x_wconf 84' lang='lat' dir='ltr'>NULLUS</span> <span class='ocrx_word' id='word_1_461' title='bbox 1103 4428 1202 4466; x_wconf 79' lang='lat' dir='ltr'>ss&#39;r</span> <span class='ocrx_word' id='word_1_462' title='bbox 1231 4428 1507 4468; x_wconf 81' lang='lat' dir='ltr'><strong>HOMINUM</strong></span> <span class='ocrx_word' id='word_1_463' title='bbox 1557 4412 1658 4484; x_wconf 89' lang='lat' dir='ltr'>qui</span> <span class='ocrx_word' id='word_1_464' title='bbox 1710 4429 1827 4470; x_wconf 91' lang='lat' dir='ltr'>non</span> <span class='ocrx_word' id='word_1_465' title='bbox 1878 4413 2056 4486; x_wconf 83' lang='lat' dir='ltr'>huius</span> <span class='ocrx_word' id='word_1_466' title='bbox 2167 4416 3802 4493; x_wconf 79' lang='lat' dir='ltr'>estquinaturaliter(utdicitis)possitcredere(b)autali-</span> 
     </span>
    </p>
   </div>
   <div class='ocr_carea' id='block_1_60' title="bbox 403 4497 3803 4582">
    <p class='ocr_par' dir='ltr' id='par_1_60' title="bbox 403 4497 3803 4582">
     <span class='ocr_line' id='line_1_60' title="bbox 403 4497 3803 4582; baseline 0.003 -32"><span class='ocrx_word' id='word_1_467' title='bbox 403 4497 627 4568; x_wconf 88' lang='lat' dir='ltr'>peccati</span> <span class='ocrx_word' id='word_1_468' title='bbox 661 4497 895 4555; x_wconf 88' lang='lat' dir='ltr'>vinculo</span> <span class='ocrx_word' id='word_1_469' title='bbox 928 4506 1206 4555; x_wconf 86' lang='lat' dir='ltr'>nascatur</span> <span class='ocrx_word' id='word_1_470' title='bbox 1236 4501 1536 4568; x_wconf 88' lang='lat' dir='ltr'>astrictus,</span> <span class='ocrx_word' id='word_1_471' title='bbox 1571 4507 1780 4574; x_wconf 66' lang='lat' dir='ltr'>printer</span> <span class='ocrx_word' id='word_1_472' title='bbox 1799 4520 1930 4558; x_wconf 89' lang='lat' dir='ltr'>eum</span> <span class='ocrx_word' id='word_1_473' title='bbox 1956 4505 2056 4575; x_wconf 91' lang='lat' dir='ltr'>qui</span> <span class='ocrx_word' id='word_1_474' title='bbox 2167 4507 2306 4578; x_wconf 89' lang='lat' dir='ltr'>quid</span> <span class='ocrx_word' id='word_1_475' title='bbox 2336 4508 2631 4564; x_wconf 92' lang='lat' dir='ltr'>bonivelle</span> <span class='ocrx_word' id='word_1_476' title='bbox 2649 4510 2803 4580; x_wconf 89' lang='lat' dir='ltr'>quod</span> <span class='ocrx_word' id='word_1_477' title='bbox 2830 4510 3081 4582; x_wconf 89' lang='lat' dir='ltr'>pertinet</span> <span class='ocrx_word' id='word_1_478' title='bbox 3103 4511 3174 4566; x_wconf 91' lang='lat' dir='ltr'>ad</span> <span class='ocrx_word' id='word_1_479' title='bbox 3199 4511 3377 4566; x_wconf 90' lang='lat' dir='ltr'>vitam</span> <span class='ocrx_word' id='word_1_480' title='bbox 3407 4517 3803 4574; x_wconf 62' lang='lat' dir='ltr'>eternam,cur</span> 
     </span>
    </p>
   </div>
   <div class='ocr_carea' id='block_1_61' title="bbox 405 4585 3800 4671">
    <p class='ocr_par' dir='ltr' id='par_1_61' title="bbox 405 4585 3800 4671">
     <span class='ocr_line' id='line_1_61' title="bbox 405 4585 3800 4671; baseline 0.003 -32"><span class='ocrx_word' id='word_1_481' title='bbox 405 4585 482 4642; x_wconf 87' lang='lat' dir='ltr'>ad</span> <span class='ocrx_word' id='word_1_482' title='bbox 512 4585 620 4639; x_wconf 84' lang='lat' dir='ltr'>hoc</span> <span class='ocrx_word' id='word_1_483' title='bbox 651 4586 948 4642; x_wconf 91' lang='lat' dir='ltr'>vinculum</span> <span class='ocrx_word' id='word_1_484' title='bbox 984 4591 1202 4660; x_wconf 89' lang='lat' dir='ltr'>peccati</span> <span class='ocrx_word' id='word_1_485' title='bbox 1233 4589 1596 4660; x_wconf 88' lang='lat' dir='ltr'>solvendum,</span> <span class='ocrx_word' id='word_1_486' title='bbox 1637 4609 1782 4648; x_wconf 92' lang='lat' dir='ltr'>novo</span> <span class='ocrx_word' id='word_1_487' title='bbox 1821 4609 2058 4665; x_wconf 90' lang='lat' dir='ltr'>genera-</span> <span class='ocrx_word' id='word_1_488' title='bbox 2165 4611 2302 4668; x_wconf 89' lang='lat' dir='ltr'>ergo</span> <span class='ocrx_word' id='word_1_489' title='bbox 2335 4613 2449 4652; x_wconf 92' lang='lat' dir='ltr'>non</span> <span class='ocrx_word' id='word_1_490' title='bbox 2470 4597 2831 4654; x_wconf 84' lang='lat' dir='ltr'>facitomnes</span> <span class='ocrx_word' id='word_1_491' title='bbox 2851 4598 3167 4660; x_wconf 84' lang='lat' dir='ltr'>velle.cum</span> <span class='ocrx_word' id='word_1_492' title='bbox 3195 4615 3310 4654; x_wconf 89' lang='lat' dir='ltr'>non</span> <span class='ocrx_word' id='word_1_493' title='bbox 3330 4599 3408 4654; x_wconf 87' lang='lat' dir='ltr'>sit</span> <span class='ocrx_word' id='word_1_494' title='bbox 3431 4612 3800 4671; x_wconf 88' lang='lat' dir='ltr'>personarum</span> 
     </span>
    </p>
   </div>
   <div class='ocr_carea' id='block_1_62' title="bbox 401 4674 3801 4760">
    <p class='ocr_par' dir='ltr' id='par_1_62' title="bbox 401 4674 3801 4760">
     <span class='ocr_line' id='line_1_62' title="bbox 401 4674 3801 4760; baseline 0.003 -31"><span class='ocrx_word' id='word_1_495' title='bbox 401 4674 581 4729; x_wconf 89' lang='lat' dir='ltr'>tionis</span> <span class='ocrx_word' id='word_1_496' title='bbox 613 4675 786 4728; x_wconf 87' lang='lat' dir='ltr'>modo</span> <span class='ocrx_word' id='word_1_497' title='bbox 819 4681 992 4732; x_wconf 90' lang='lat' dir='ltr'>natus</span> <span class='ocrx_word' id='word_1_498' title='bbox 1026 4684 1115 4733; x_wconf 89' lang='lat' dir='ltr'>est</span> <span class='ocrx_word' id='word_1_499' title='bbox 1158 4679 1442 4734; x_wconf 86' lang='lat' dir='ltr'>mediator</span> <span class='ocrx_word' id='word_1_500' title='bbox 1490 4679 1591 4736; x_wconf 84' lang='lat' dir='ltr'>Dei</span> <span class='ocrx_word' id='word_1_501' title='bbox 1642 4685 1700 4737; x_wconf 89' lang='lat' dir='ltr'>et</span> <span class='ocrx_word' id='word_1_502' title='bbox 1744 4681 2049 4739; x_wconf 90' lang='lat' dir='ltr'>hominum</span> <span class='ocrx_word' id='word_1_503' title='bbox 2081 4687 2128 4751; x_wconf 90' lang='lat' dir='ltr'>D</span> <span class='ocrx_word' id='word_1_504' title='bbox 2161 4685 2589 4757; x_wconf 89' lang='lat' dir='ltr'>acceptioapud</span> <span class='ocrx_word' id='word_1_505' title='bbox 2608 4688 3140 4758; x_wconf 72' lang='lat' dir='ltr'>Deum,praesertim</span> <span class='ocrx_word' id='word_1_506' title='bbox 3159 4705 3292 4742; x_wconf 91' lang='lat' dir='ltr'>cum</span> <span class='ocrx_word' id='word_1_507' title='bbox 3309 4689 3801 4760; x_wconf 84' lang='lat' dir='ltr'>deipsoscriptum</span> 
     </span>
    </p>
   </div>
   <div class='ocr_carea' id='block_1_63' title="bbox 403 4760 3801 4848">
    <p class='ocr_par' dir='ltr' id='par_1_63' title="bbox 403 4760 3801 4848">
     <span class='ocr_line' id='line_1_63' title="bbox 403 4760 3801 4848; baseline 0.004 -33"><span class='ocrx_word' id='word_1_508' title='bbox 403 4761 580 4816; x_wconf 90' lang='lat' dir='ltr'>homo</span> <span class='ocrx_word' id='word_1_509' title='bbox 611 4760 883 4817; x_wconf 88' lang='lat' dir='ltr'>Christus</span> <span class='ocrx_word' id='word_1_510' title='bbox 911 4763 1108 4821; x_wconf 87' lang='lat' dir='ltr'>Jcsus.</span> <span class='ocrx_word' id='word_1_511' title='bbox 1142 4766 1288 4830; x_wconf 90' lang='lat' dir='ltr'>Quid</span> <span class='ocrx_word' id='word_1_512' title='bbox 1324 4767 1480 4822; x_wconf 90' lang='lat' dir='ltr'>enim</span> <span class='ocrx_word' id='word_1_513' title='bbox 1516 4768 1673 4823; x_wconf 91' lang='lat' dir='ltr'>aliud</span> <span class='ocrx_word' id='word_1_514' title='bbox 1717 4772 1909 4842; x_wconf 90' lang='lat' dir='ltr'>potuit</span> <span class='ocrx_word' id='word_1_515' title='bbox 1956 4776 2057 4828; x_wconf 87' lang='lat' dir='ltr'>aut</span> <span class='ocrx_word' id='word_1_516' title='bbox 2165 4773 2270 4830; x_wconf 86' lang='lat' dir='ltr'>sit:</span> <span class='ocrx_word' id='word_1_517' title='bbox 2305 4775 2411 4842; x_wconf 84' lang='lat' dir='ltr'>Qui</span> <span class='ocrx_word' id='word_1_518' title='bbox 2438 4776 2558 4830; x_wconf 88' lang='lat' dir='ltr'>vult</span> <span class='ocrx_word' id='word_1_519' title='bbox 2585 4791 2773 4830; x_wconf 88' lang='lat' dir='ltr'>omnes</span> <span class='ocrx_word' id='word_1_520' title='bbox 2807 4775 3252 4832; x_wconf 81' lang='lat' dir='ltr'>hominessutvos</span> <span class='ocrx_word' id='word_1_521' title='bbox 3269 4779 3398 4846; x_wconf 83' lang='lat' dir='ltr'>ﬁeri</span> <span class='ocrx_word' id='word_1_522' title='bbox 3416 4792 3465 4834; x_wconf 78' lang='lat' dir='ltr'>et</span> <span class='ocrx_word' id='word_1_523' title='bbox 3487 4778 3558 4833; x_wconf 83' lang='lat' dir='ltr'>ad</span> <span class='ocrx_word' id='word_1_524' title='bbox 3581 4777 3801 4848; x_wconf 81' lang='lat' dir='ltr'>agnitio-</span> 
     </span>
    </p>
   </div>
   <div class='ocr_carea' id='block_1_64' title="bbox 2185 2090 3805 2163">
    <p class='ocr_par' dir='ltr' id='par_1_64' title="bbox 2185 2090 3805 2163">
     <span class='ocr_line' id='line_1_64' title="bbox 2185 2090 3805 2163; baseline -0.002 -17"><span class='ocrx_word' id='word_1_525' title='bbox 2185 2090 2437 2160; x_wconf 83' lang='lat' dir='ltr'>cogitare</span> <span class='ocrx_word' id='word_1_526' title='bbox 2481 2095 2538 2147; x_wconf 91' lang='lat' dir='ltr'>et</span> <span class='ocrx_word' id='word_1_527' title='bbox 2578 2092 2922 2158; x_wconf 82' lang='lat' dir='ltr'>desiderare</span> <span class='ocrx_word' id='word_1_528' title='bbox 2968 2107 3094 2162; x_wconf 63' lang='lat' dir='ltr'>qua:</span> <span class='ocrx_word' id='word_1_529' title='bbox 3144 2092 3441 2163; x_wconf 88' lang='lat' dir='ltr'>pertinent</span> <span class='ocrx_word' id='word_1_530' title='bbox 3510 2091 3576 2145; x_wconf 90' lang='lat' dir='ltr'>ad</span> <span class='ocrx_word' id='word_1_531' title='bbox 3641 2091 3805 2144; x_wconf 80' lang='lat' dir='ltr'>vitam</span> 
     </span>
    </p>
   </div>
   <div class='ocr_carea' id='block_1_65' title="bbox 2183 2183 2481 2234">
    <p class='ocr_par' dir='ltr' id='par_1_65' title="bbox 2183 2183 2481 2234">
     <span class='ocr_line' id='line_1_65' title="bbox 2183 2183 2481 2234; baseline 0.003 -1"><span class='ocrx_word' id='word_1_532' title='bbox 2183 2183 2356 2234; x_wconf 73' lang='lat' dir='ltr'>aetern</span> <span class='ocrx_word' id='word_1_533' title='bbox 2367 2197 2481 2234; x_wconf 89' lang='lat' dir='ltr'>am.</span> 
     </span>
    </p>
   </div>
   <div class='ocr_carea' id='block_1_66' title="bbox 2257 2269 3799 2343">
    <p class='ocr_par' dir='ltr' id='par_1_66' title="bbox 2257 2269 3799 2343">
     <span class='ocr_line' id='line_1_66' title="bbox 2257 2269 3799 2343; baseline -0.001 -21"><span class='ocrx_word' id='word_1_534' title='bbox 2257 2272 2341 2324; x_wconf 91' lang='grc'>18.</span> <span class='ocrx_word' id='word_1_535' title='bbox 2374 2269 2510 2325; x_wconf 86' lang='lat' dir='ltr'>Sine</span> <span class='ocrx_word' id='word_1_536' title='bbox 2537 2269 2646 2326; x_wconf 89' lang='lat' dir='ltr'>hac</span> <span class='ocrx_word' id='word_1_537' title='bbox 2671 2269 2852 2341; x_wconf 83' lang='lat' dir='ltr'>igitur</span> <span class='ocrx_word' id='word_1_538' title='bbox 2881 2271 3072 2343; x_wconf 89' lang='lat' dir='ltr'>gratia</span> <span class='ocrx_word' id='word_1_539' title='bbox 3103 2276 3291 2342; x_wconf 86' lang='lat' dir='ltr'>potest</span> <span class='ocrx_word' id='word_1_540' title='bbox 3313 2269 3554 2342; x_wconf 89' lang='lat' dir='ltr'>quidem</span> <span class='ocrx_word' id='word_1_541' title='bbox 3572 2269 3799 2339; x_wconf 75' lang='lat' dir='ltr'>cogitem</span> 
     </span>
    </p>
   </div>
   <div class='ocr_carea' id='block_1_67' title="bbox 2182 2358 3798 2431">
    <p class='ocr_par' dir='ltr' id='par_1_67' title="bbox 2182 2358 3798 2431">
     <span class='ocr_line' id='line_1_67' title="bbox 2182 2358 3798 2431; baseline -0.001 -19"><span class='ocrx_word' id='word_1_542' title='bbox 2182 2363 2240 2413; x_wconf 90' lang='lat' dir='ltr'>et</span> <span class='ocrx_word' id='word_1_543' title='bbox 2267 2358 2601 2415; x_wconf 87' lang='lat' dir='ltr'>desiderare</span> <span class='ocrx_word' id='word_1_544' title='bbox 2633 2359 2913 2430; x_wconf 89' lang='lat' dir='ltr'>humana,</span> <span class='ocrx_word' id='word_1_545' title='bbox 2946 2378 3060 2416; x_wconf 91' lang='lat' dir='ltr'>non</span> <span class='ocrx_word' id='word_1_546' title='bbox 3093 2366 3286 2415; x_wconf 87' lang='lat' dir='ltr'>autem</span> <span class='ocrx_word' id='word_1_547' title='bbox 3323 2365 3517 2431; x_wconf 84' lang='lat' dir='ltr'>potest</span> <span class='ocrx_word' id='word_1_548' title='bbox 3554 2359 3798 2430; x_wconf 83' lang='lat' dir='ltr'>cogitare,</span> 
     </span>
    </p>
   </div>
   <div class='ocr_carea' id='block_1_68' title="bbox 2181 2447 3801 2520">
    <p class='ocr_par' dir='ltr' id='par_1_68' title="bbox 2181 2447 3801 2520">
     <span class='ocr_line' id='line_1_68' title="bbox 2181 2447 3801 2520; baseline -0.002 -18"><span class='ocrx_word' id='word_1_549' title='bbox 2181 2447 2466 2514; x_wconf 90' lang='lat' dir='ltr'>autvelle,</span> <span class='ocrx_word' id='word_1_550' title='bbox 2500 2449 2831 2504; x_wconf 90' lang='lat' dir='ltr'>desiderare</span> <span class='ocrx_word' id='word_1_551' title='bbox 2868 2449 3088 2520; x_wconf 90' lang='lat' dir='ltr'>divina,</span> <span class='ocrx_word' id='word_1_552' title='bbox 3133 2466 3384 2520; x_wconf 91' lang='lat' dir='ltr'>quorum</span> <span class='ocrx_word' id='word_1_553' title='bbox 3441 2447 3685 2519; x_wconf 81' lang='lat' dir='ltr'>primum</span> <span class='ocrx_word' id='word_1_554' title='bbox 3727 2455 3801 2501; x_wconf 88' lang='lat' dir='ltr'>est</span> 
     </span>
    </p>
   </div>
   <div class='ocr_carea' id='block_1_69' title="bbox 2179 2537 3797 2608">
    <p class='ocr_par' dir='ltr' id='par_1_69' title="bbox 2179 2537 3797 2608">
     <span class='ocr_line' id='line_1_69' title="bbox 2179 2537 3797 2608; baseline -0.001 -17"><span class='ocrx_word' id='word_1_555' title='bbox 2179 2540 2235 2591; x_wconf 90' lang='lat' dir='ltr'>et</span> <span class='ocrx_word' id='word_1_556' title='bbox 2266 2537 2626 2608; x_wconf 62' lang='lat' dir='ltr'>praecipuum</span> <span class='ocrx_word' id='word_1_557' title='bbox 2659 2538 3120 2606; x_wconf 86' lang='lat' dir='ltr'>fundamentum,</span> <span class='ocrx_word' id='word_1_558' title='bbox 3154 2544 3210 2593; x_wconf 89' lang='lat' dir='ltr'>et</span> <span class='ocrx_word' id='word_1_559' title='bbox 3258 2537 3500 2608; x_wconf 85' lang='lat' dir='ltr'>crepido</span> <span class='ocrx_word' id='word_1_560' title='bbox 3551 2537 3797 2607; x_wconf 85' lang='lat' dir='ltr'>quodam-</span> 
     </span>
    </p>
   </div>
   <div class='ocr_carea' id='block_1_70' title="bbox 2180 2626 3799 2699">
    <p class='ocr_par' dir='ltr' id='par_1_70' title="bbox 2180 2626 3799 2699">
     <span class='ocr_line' id='line_1_70' title="bbox 2180 2626 3799 2699; baseline -0.002 -18"><span class='ocrx_word' id='word_1_561' title='bbox 2180 2626 2373 2693; x_wconf 91' lang='lat' dir='ltr'>modo,</span> <span class='ocrx_word' id='word_1_562' title='bbox 2407 2644 2525 2683; x_wconf 84' lang='lat' dir='ltr'>slve</span> <span class='ocrx_word' id='word_1_563' title='bbox 2555 2628 2822 2683; x_wconf 89' lang='lat' dir='ltr'>omnium</span> <span class='ocrx_word' id='word_1_564' title='bbox 2855 2629 3141 2684; x_wconf 91' lang='lat' dir='ltr'>bonorum</span> <span class='ocrx_word' id='word_1_565' title='bbox 3166 2629 3352 2699; x_wconf 90' lang='lat' dir='ltr'>origo,</span> <span class='ocrx_word' id='word_1_566' title='bbox 3386 2626 3694 2683; x_wconf 86' lang='lat' dir='ltr'>crederein</span> <span class='ocrx_word' id='word_1_567' title='bbox 3717 2630 3799 2679; x_wconf 89' lang='lat' dir='ltr'>Do-</span> 
     </span>
    </p>
   </div>
   <div class='ocr_carea' id='block_1_71' title="bbox 2179 2715 3794 2788">
    <p class='ocr_par' dir='ltr' id='par_1_71' title="bbox 2179 2715 3794 2788">
     <span class='ocr_line' id='line_1_71' title="bbox 2179 2715 3794 2788; baseline -0.001 -18"><span class='ocrx_word' id='word_1_568' title='bbox 2179 2715 2407 2771; x_wconf 88' lang='lat' dir='ltr'>minum</span> <span class='ocrx_word' id='word_1_569' title='bbox 2439 2717 2637 2788; x_wconf 63' lang='lat' dir='ltr'>glorias</span> <span class='ocrx_word' id='word_1_570' title='bbox 2660 2717 3001 2774; x_wconf 84' lang='lat' dir='ltr'>cruciﬁxum</span> <span class='ocrx_word' id='word_1_571' title='bbox 3036 2720 3218 2785; x_wconf 88' lang='lat' dir='ltr'>(ICor.</span> <span class='ocrx_word' id='word_1_572' title='bbox 3245 2735 3304 2784; x_wconf 84' lang='grc' dir='ltr'><strong>ιι,</strong></span> <span class='ocrx_word' id='word_1_573' title='bbox 3333 2718 3410 2787; x_wconf 91' lang='grc'>8),</span> <span class='ocrx_word' id='word_1_574' title='bbox 3436 2718 3594 2788; x_wconf 91' lang='lat' dir='ltr'>quod</span> <span class='ocrx_word' id='word_1_575' title='bbox 3621 2715 3794 2786; x_wconf 83' lang='lat' dir='ltr'>utique</span> 
     </span>
    </p>
   </div>
   <div class='ocr_carea' id='block_1_72' title="bbox 2178 2804 3798 2877">
    <p class='ocr_par' dir='ltr' id='par_1_72' title="bbox 2178 2804 3798 2877">
     <span class='ocr_line' id='line_1_72' title="bbox 2178 2804 3798 2877; baseline -0.002 -17"><span class='ocrx_word' id='word_1_576' title='bbox 2178 2821 2292 2860; x_wconf 90' lang='lat' dir='ltr'>non</span> <span class='ocrx_word' id='word_1_577' title='bbox 2325 2810 2415 2861; x_wconf 90' lang='lat' dir='ltr'>est</span> <span class='ocrx_word' id='word_1_578' title='bbox 2445 2822 2512 2861; x_wconf 83' lang='lat' dir='ltr'>ex</span> <span class='ocrx_word' id='word_1_579' title='bbox 2531 2805 2818 2862; x_wconf 87' lang='lat' dir='ltr'>naturalis</span> <span class='ocrx_word' id='word_1_580' title='bbox 2849 2806 3072 2861; x_wconf 88' lang='lat' dir='ltr'>arbitrii</span> <span class='ocrx_word' id='word_1_581' title='bbox 3094 2806 3382 2869; x_wconf 87' lang='lat' dir='ltr'>libertate,</span> <span class='ocrx_word' id='word_1_582' title='bbox 3416 2808 3563 2877; x_wconf 90' lang='lat' dir='ltr'>quia</span> <span class='ocrx_word' id='word_1_583' title='bbox 3583 2822 3688 2860; x_wconf 90' lang='lat' dir='ltr'>non</span> <span class='ocrx_word' id='word_1_584' title='bbox 3711 2804 3798 2857; x_wconf 88' lang='lat' dir='ltr'>hoc</span> 
     </span>
    </p>
   </div>
   <div class='ocr_carea' id='block_1_73' title="bbox 2177 2894 3774 2967">
    <p class='ocr_par' dir='ltr' id='par_1_73' title="bbox 2177 2894 3774 2967">
     <span class='ocr_line' id='line_1_73' title="bbox 2177 2894 3774 2967; baseline -0.002 -18"><span class='ocrx_word' id='word_1_585' title='bbox 2177 2909 2310 2949; x_wconf 89' lang='lat' dir='ltr'>caro</span> <span class='ocrx_word' id='word_1_586' title='bbox 2339 2898 2396 2948; x_wconf 89' lang='lat' dir='ltr'>et</span> <span class='ocrx_word' id='word_1_587' title='bbox 2427 2894 2693 2967; x_wconf 86' lang='lat' dir='ltr'>sanguis,</span> <span class='ocrx_word' id='word_1_588' title='bbox 2725 2896 2822 2950; x_wconf 88' lang='lat' dir='ltr'>sed</span> <span class='ocrx_word' id='word_1_589' title='bbox 2857 2894 3023 2951; x_wconf 89' lang='lat' dir='ltr'>Pater</span> <span class='ocrx_word' id='word_1_590' title='bbox 3051 2895 3304 2950; x_wconf 69' lang='lat' dir='ltr'>caelestis</span> <span class='ocrx_word' id='word_1_591' title='bbox 3355 2895 3577 2950; x_wconf 86' lang='lat' dir='ltr'>revelat</span> <span class='ocrx_word' id='word_1_592' title='bbox 3606 2894 3688 2949; x_wconf 91' lang='lat' dir='ltr'>cui</span> <span class='ocrx_word' id='word_1_593' title='bbox 3718 2910 3774 2946; x_wconf 82' lang='lat' dir='ltr'>vo</span> 
     </span>
    </p>
   </div>
   <div class='ocr_carea' id='block_1_74' title="bbox 2174 2980 3798 3054">
    <p class='ocr_par' dir='ltr' id='par_1_74' title="bbox 2174 2980 3798 3054">
     <span class='ocr_line' id='line_1_74' title="bbox 2174 2980 3798 3054; baseline -0.002 -17"><span class='ocrx_word' id='word_1_594' title='bbox 2174 2981 2348 3038; x_wconf 91' lang='lat' dir='ltr'>luerit</span> <span class='ocrx_word' id='word_1_595' title='bbox 2379 2983 2586 3050; x_wconf 80' lang='lat' dir='ltr'>(Matth.</span> <span class='ocrx_word' id='word_1_596' title='bbox 2623 3001 2738 3053; x_wconf 76' lang='lat' dir='ltr'>xw,</span> <span class='ocrx_word' id='word_1_597' title='bbox 2775 2985 2883 3054; x_wconf 83' lang='lat'>17),</span> <span class='ocrx_word' id='word_1_598' title='bbox 2918 2985 2990 3040; x_wconf 91' lang='lat' dir='ltr'>ad</span> <span class='ocrx_word' id='word_1_599' title='bbox 3017 3000 3209 3040; x_wconf 88' lang='lat' dir='ltr'>veram</span> <span class='ocrx_word' id='word_1_600' title='bbox 3239 3000 3372 3040; x_wconf 86' lang='lat' dir='ltr'>eum</span> <span class='ocrx_word' id='word_1_601' title='bbox 3403 2984 3702 3040; x_wconf 88' lang='lat' dir='ltr'>attrahens</span> <span class='ocrx_word' id='word_1_602' title='bbox 3743 2980 3798 3034; x_wconf 86' lang='lat' dir='ltr'>li-</span> 
     </span>
    </p>
   </div>
   <div class='ocr_carea' id='block_1_75' title="bbox 2177 3071 3800 3141">
    <p class='ocr_par' dir='ltr' id='par_1_75' title="bbox 2177 3071 3800 3141">
     <span class='ocr_line' id='line_1_75' title="bbox 2177 3071 3800 3141; baseline -0.002 -15"><span class='ocrx_word' id='word_1_603' title='bbox 2177 3071 2603 3141; x_wconf 80' lang='lat' dir='ltr'>bertatem,N0N</span> <span class='ocrx_word' id='word_1_604' title='bbox 2639 3090 2909 3129; x_wconf 78' lang='lat' dir='ltr'>VIOLENTA</span> <span class='ocrx_word' id='word_1_605' title='bbox 2931 3091 3315 3136; x_wconf 68' lang='grc' dir='ltr'>Νεοεδειτλτε.</span> <span class='ocrx_word' id='word_1_606' title='bbox 3337 3075 3439 3129; x_wconf 86' lang='lat' dir='ltr'>sed</span> <span class='ocrx_word' id='word_1_607' title='bbox 3469 3071 3800 3129; x_wconf 77' lang='lat' dir='ltr'>infundendo</span> 
     </span>
    </p>
   </div>
   <div class='ocr_carea' id='block_1_76' title="bbox 2175 3162 3802 3235">
    <p class='ocr_par' dir='ltr' id='par_1_76' title="bbox 2175 3162 3802 3235">
     <span class='ocr_line' id='line_1_76' title="bbox 2175 3162 3802 3235; baseline -0.003 -19"><span class='ocrx_word' id='word_1_608' title='bbox 2175 3162 2522 3218; x_wconf 88' lang='lat' dir='ltr'>suavitatem</span> <span class='ocrx_word' id='word_1_609' title='bbox 2541 3180 2640 3234; x_wconf 89' lang='lat' dir='ltr'>per</span> <span class='ocrx_word' id='word_1_610' title='bbox 2661 3163 2945 3235; x_wconf 81' lang='lat' dir='ltr'>Spiritum</span> <span class='ocrx_word' id='word_1_611' title='bbox 2965 3168 3256 3228; x_wconf 89' lang='lat' dir='ltr'>sanctum,</span> <span class='ocrx_word' id='word_1_612' title='bbox 3278 3168 3342 3217; x_wconf 92' lang='lat' dir='ltr'>ut</span> <span class='ocrx_word' id='word_1_613' title='bbox 3360 3178 3498 3218; x_wconf 85' lang='lat' dir='ltr'>mox</span> <span class='ocrx_word' id='word_1_614' title='bbox 3533 3163 3802 3219; x_wconf 86' lang='lat' dir='ltr'>credentes</span> 
     </span>
    </p>
   </div>
   <div class='ocr_carea' id='block_1_77' title="bbox 2177 3250 3798 3324">
    <p class='ocr_par' dir='ltr' id='par_1_77' title="bbox 2177 3250 3798 3324">
     <span class='ocr_line' id='line_1_77' title="bbox 2177 3250 3798 3324; baseline -0.002 -18"><span class='ocrx_word' id='word_1_615' title='bbox 2177 3250 2465 3307; x_wconf 90' lang='lat' dir='ltr'>dicamus:</span> <span class='ocrx_word' id='word_1_616' title='bbox 2500 3251 2639 3324; x_wconf 76' lang='lat' dir='ltr'>quia</span> <span class='ocrx_word' id='word_1_617' title='bbox 2671 3251 2957 3308; x_wconf 89' lang='lat' dir='ltr'>Dominus</span> <span class='ocrx_word' id='word_1_618' title='bbox 2989 3258 3078 3308; x_wconf 85' lang='lat' dir='ltr'>est</span> <span class='ocrx_word' id='word_1_619' title='bbox 3107 3253 3301 3320; x_wconf 87' lang='lat' dir='ltr'>Jesus,</span> <span class='ocrx_word' id='word_1_620' title='bbox 3340 3256 3503 3324; x_wconf 86' lang='lat' dir='ltr'>quod</span> <span class='ocrx_word' id='word_1_621' title='bbox 3538 3268 3696 3308; x_wconf 90' lang='lat' dir='ltr'>nemo</span> <span class='ocrx_word' id='word_1_622' title='bbox 3719 3265 3798 3321; x_wconf 89' lang='lat' dir='ltr'>per</span> 
     </span>
    </p>
   </div>
   <div class='ocr_carea' id='block_1_78' title="bbox 2180 3338 3804 3414">
    <p class='ocr_par' dir='ltr' id='par_1_78' title="bbox 2180 3338 3804 3414">
     <span class='ocr_line' id='line_1_78' title="bbox 2180 3338 3804 3414; baseline -0.001 -21"><span class='ocrx_word' id='word_1_623' title='bbox 2180 3339 2508 3396; x_wconf 86' lang='lat' dir='ltr'>naturalem</span> <span class='ocrx_word' id='word_1_624' title='bbox 2542 3342 2769 3397; x_wconf 91' lang='lat' dir='ltr'>arbitrii</span> <span class='ocrx_word' id='word_1_625' title='bbox 2802 3341 3132 3396; x_wconf 87' lang='lat' dir='ltr'>libertatem</span> <span class='ocrx_word' id='word_1_626' title='bbox 3167 3347 3360 3414; x_wconf 87' lang='lat' dir='ltr'>potest</span> <span class='ocrx_word' id='word_1_627' title='bbox 3391 3343 3608 3412; x_wconf 89' lang='lat' dir='ltr'>dicere,</span> <span class='ocrx_word' id='word_1_628' title='bbox 3639 3338 3804 3396; x_wconf 89' lang='lat' dir='ltr'>nisiin</span> 
     </span>
    </p>
   </div>
   <div class='ocr_carea' id='block_1_79' title="bbox 2179 3427 3111 3500">
    <p class='ocr_par' dir='ltr' id='par_1_79' title="bbox 2179 3427 3111 3500">
     <span class='ocr_line' id='line_1_79' title="bbox 2179 3427 3111 3500; baseline -0.001 -16"><span class='ocrx_word' id='word_1_629' title='bbox 2179 3427 2400 3500; x_wconf 84' lang='lat' dir='ltr'>Spiritu</span> <span class='ocrx_word' id='word_1_630' title='bbox 2434 3436 2636 3484; x_wconf 89' lang='lat' dir='ltr'>sancto</span> <span class='ocrx_word' id='word_1_631' title='bbox 2665 3431 2706 3500; x_wconf 88' lang='lat' dir='ltr'>(l</span> <span class='ocrx_word' id='word_1_632' title='bbox 2739 3430 2864 3485; x_wconf 85' lang='lat' dir='ltr'>Cor.</span> <span class='ocrx_word' id='word_1_633' title='bbox 2900 3447 3000 3498; x_wconf 85' lang='lat' dir='ltr'>xu,</span> <span class='ocrx_word' id='word_1_634' title='bbox 3035 3431 3111 3500; x_wconf 84' lang='lat'>3).</span> 
     </span>
    </p>
   </div>
   <div class='ocr_carea' id='block_1_80' title="bbox 2248 3517 3804 3590">
    <p class='ocr_par' dir='ltr' id='par_1_80' title="bbox 2248 3517 3804 3590">
     <span class='ocr_line' id='line_1_80' title="bbox 2248 3517 3804 3590; baseline -0.001 -20"><span class='ocrx_word' id='word_1_635' title='bbox 2248 3517 2335 3574; x_wconf 90' lang='lat'>19.</span> <span class='ocrx_word' id='word_1_636' title='bbox 2361 3518 2603 3574; x_wconf 89' lang='lat' dir='ltr'>Frustra</span> <span class='ocrx_word' id='word_1_637' title='bbox 2632 3534 2768 3590; x_wconf 86' lang='lat' dir='ltr'>ergo</span> <span class='ocrx_word' id='word_1_638' title='bbox 2795 3520 3064 3590; x_wconf 88' lang='lat' dir='ltr'>garriunt</span> <span class='ocrx_word' id='word_1_639' title='bbox 3085 3518 3186 3590; x_wconf 91' lang='lat' dir='ltr'>qui</span> <span class='ocrx_word' id='word_1_640' title='bbox 3211 3518 3420 3574; x_wconf 92' lang='lat' dir='ltr'>dicunt</span> <span class='ocrx_word' id='word_1_641' title='bbox 3447 3537 3460 3574; x_wconf 90' lang='lat'>:</span> <span class='ocrx_word' id='word_1_642' title='bbox 3497 3525 3683 3576; x_wconf 82' lang='lat' dir='ltr'>Meum</span> <span class='ocrx_word' id='word_1_643' title='bbox 3732 3520 3804 3571; x_wconf 77' lang='lat' dir='ltr'>est</span> 
     </span>
    </p>
   </div>
   <div class='ocr_carea' id='block_1_81' title="bbox 2175 3605 3802 3679">
    <p class='ocr_par' dir='ltr' id='par_1_81' title="bbox 2175 3605 3802 3679">
     <span class='ocr_line' id='line_1_81' title="bbox 2175 3605 3802 3679; baseline -0.001 -19"><span class='ocrx_word' id='word_1_644' title='bbox 2175 3605 2320 3661; x_wconf 85' lang='lat' dir='ltr'>velle</span> <span class='ocrx_word' id='word_1_645' title='bbox 2351 3607 2605 3677; x_wconf 88' lang='lat' dir='ltr'>credere,</span> <span class='ocrx_word' id='word_1_646' title='bbox 2633 3607 2734 3662; x_wconf 88' lang='lat' dir='ltr'>Dei</span> <span class='ocrx_word' id='word_1_647' title='bbox 2767 3614 2961 3663; x_wconf 90' lang='lat' dir='ltr'>autem</span> <span class='ocrx_word' id='word_1_648' title='bbox 2995 3609 3196 3678; x_wconf 65' lang='lat' dir='ltr'>gratiae</span> <span class='ocrx_word' id='word_1_649' title='bbox 3227 3613 3315 3663; x_wconf 91' lang='lat' dir='ltr'>est</span> <span class='ocrx_word' id='word_1_650' title='bbox 3348 3608 3659 3679; x_wconf 84' lang='lat' dir='ltr'>adjuvare;</span> <span class='ocrx_word' id='word_1_651' title='bbox 3691 3622 3802 3661; x_wconf 86' lang='lat' dir='ltr'>cum</span> 
     </span>
    </p>
   </div>
   <div class='ocr_carea' id='block_1_82' title="bbox 399 4850 2053 4928">
    <p class='ocr_par' dir='ltr' id='par_1_82' title="bbox 399 4850 2053 4928">
     <span class='ocr_line' id='line_1_82' title="bbox 399 4850 2053 4928; baseline 0.008 -25"><span class='ocrx_word' id='word_1_652' title='bbox 399 4852 598 4924; x_wconf 88' lang='lat' dir='ltr'>potest</span> <span class='ocrx_word' id='word_1_653' title='bbox 632 4850 794 4904; x_wconf 89' lang='lat' dir='ltr'>nasci</span> <span class='ocrx_word' id='word_1_654' title='bbox 815 4867 882 4904; x_wconf 81' lang='lat' dir='ltr'>ex</span> <span class='ocrx_word' id='word_1_655' title='bbox 909 4854 1218 4919; x_wconf 89' lang='lat' dir='ltr'>servo,nisi</span> <span class='ocrx_word' id='word_1_656' title='bbox 1251 4856 1484 4911; x_wconf 86' lang='lat' dir='ltr'>servus?</span> <span class='ocrx_word' id='word_1_657' title='bbox 1507 4861 1708 4928; x_wconf 76' lang='lat' dir='ltr'>Neque</span> <span class='ocrx_word' id='word_1_658' title='bbox 1735 4861 1892 4915; x_wconf 90' lang='lat' dir='ltr'>enim</span> <span class='ocrx_word' id='word_1_659' title='bbox 1919 4877 2053 4916; x_wconf 91' lang='lat' dir='ltr'>cum</span> 
     </span>
    </p>
   </div>
   <div class='ocr_carea' id='block_1_83' title="bbox 397 4937 2052 5021">
    <p class='ocr_par' dir='ltr' id='par_1_83' title="bbox 397 4937 2052 5021">
     <span class='ocr_line' id='line_1_83' title="bbox 397 4937 2052 5021; baseline 0.005 -25"><span class='ocrx_word' id='word_1_660' title='bbox 397 4943 555 4996; x_wconf 89' lang='lat' dir='ltr'>esset</span> <span class='ocrx_word' id='word_1_661' title='bbox 585 4937 732 4993; x_wconf 90' lang='lat' dir='ltr'>liber</span> <span class='ocrx_word' id='word_1_662' title='bbox 759 4939 968 5004; x_wconf 90' lang='lat' dir='ltr'>Adam,</span> <span class='ocrx_word' id='word_1_663' title='bbox 1001 4940 1154 4997; x_wconf 80' lang='lat' dir='ltr'>filios</span> <span class='ocrx_word' id='word_1_664' title='bbox 1187 4944 1532 5014; x_wconf 87' lang='lat' dir='ltr'>procreavit,</span> <span class='ocrx_word' id='word_1_665' title='bbox 1586 4948 1687 5001; x_wconf 90' lang='lat' dir='ltr'>sed</span> <span class='ocrx_word' id='word_1_666' title='bbox 1738 4955 2052 5021; x_wconf 90' lang='lat' dir='ltr'>postquam</span> 
     </span>
    </p>
   </div>
   <div class='ocr_carea' id='block_1_84' title="bbox 399 5028 2052 5100">
    <p class='ocr_par' dir='ltr' id='par_1_84' title="bbox 399 5028 2052 5100">
     <span class='ocr_line' id='line_1_84' title="bbox 399 5028 2052 5100; baseline 0.006 -16"><span class='ocrx_word' id='word_1_667' title='bbox 399 5044 605 5084; x_wconf 88' lang='lat' dir='ltr'>servus</span> <span class='ocrx_word' id='word_1_668' title='bbox 629 5028 848 5100; x_wconf 89' lang='lat' dir='ltr'>peccati</span> <span class='ocrx_word' id='word_1_669' title='bbox 866 5028 1054 5084; x_wconf 83' lang='lat' dir='ltr'>factus</span> <span class='ocrx_word' id='word_1_670' title='bbox 1069 5035 1175 5087; x_wconf 89' lang='lat' dir='ltr'>est.</span> <span class='ocrx_word' id='word_1_671' title='bbox 1204 5032 1334 5086; x_wconf 84' lang='lat' dir='ltr'>ideo</span> <span class='ocrx_word' id='word_1_672' title='bbox 1367 5034 1730 5090; x_wconf 91' lang='lat' dir='ltr'>sicutomnis</span> <span class='ocrx_word' id='word_1_673' title='bbox 1773 5035 1947 5092; x_wconf 88' lang='lat' dir='ltr'>homo</span> <span class='ocrx_word' id='word_1_674' title='bbox 1981 5039 2052 5094; x_wconf 91' lang='lat' dir='ltr'>ab</span> 
     </span>
    </p>
   </div>
   <div class='ocr_carea' id='block_1_85' title="bbox 393 5117 2051 5196">
    <p class='ocr_par' dir='ltr' id='par_1_85' title="bbox 393 5117 2051 5196">
     <span class='ocr_line' id='line_1_85' title="bbox 393 5117 2051 5196; baseline 0.004 -22"><span class='ocrx_word' id='word_1_675' title='bbox 393 5117 498 5174; x_wconf 91' lang='lat' dir='ltr'>illo</span> <span class='ocrx_word' id='word_1_676' title='bbox 530 5121 638 5188; x_wconf 85' lang='lat' dir='ltr'>est,</span> <span class='ocrx_word' id='word_1_677' title='bbox 672 5117 754 5172; x_wconf 89' lang='lat' dir='ltr'>ita</span> <span class='ocrx_word' id='word_1_678' title='bbox 775 5121 831 5173; x_wconf 87' lang='lat' dir='ltr'>et</span> <span class='ocrx_word' id='word_1_679' title='bbox 847 5117 1042 5174; x_wconf 88' lang='lat' dir='ltr'>omnis</span> <span class='ocrx_word' id='word_1_680' title='bbox 1063 5118 1235 5173; x_wconf 90' lang='lat' dir='ltr'>homo</span> <span class='ocrx_word' id='word_1_681' title='bbox 1259 5137 1459 5176; x_wconf 88' lang='lat' dir='ltr'>servus</span> <span class='ocrx_word' id='word_1_682' title='bbox 1484 5123 1710 5193; x_wconf 89' lang='lat' dir='ltr'>peccati</span> <span class='ocrx_word' id='word_1_683' title='bbox 1730 5141 1834 5194; x_wconf 91' lang='lat' dir='ltr'>per</span> <span class='ocrx_word' id='word_1_684' title='bbox 1855 5123 2051 5196; x_wconf 89' lang='lat' dir='ltr'>ipsum</span> 
     </span>
    </p>
   </div>
   <div class='ocr_carea' id='block_1_86' title="bbox 395 5206 2054 5282">
    <p class='ocr_par' dir='ltr' id='par_1_86' title="bbox 395 5206 2054 5282">
     <span class='ocr_line' id='line_1_86' title="bbox 395 5206 2054 5282; baseline 0.004 -18"><span class='ocrx_word' id='word_1_685' title='bbox 395 5212 505 5264; x_wconf 89' lang='lat' dir='ltr'>est.</span> <span class='ocrx_word' id='word_1_686' title='bbox 541 5208 687 5263; x_wconf 89' lang='lat' dir='ltr'>Hinc</span> <span class='ocrx_word' id='word_1_687' title='bbox 720 5211 777 5263; x_wconf 91' lang='lat' dir='ltr'>et</span> <span class='ocrx_word' id='word_1_688' title='bbox 807 5206 1142 5278; x_wconf 86' lang='lat' dir='ltr'>Apostolus:</span> <span class='ocrx_word' id='word_1_689' title='bbox 1181 5209 1262 5264; x_wconf 74' lang='lat' dir='ltr'>Ex</span> <span class='ocrx_word' id='word_1_690' title='bbox 1311 5226 1442 5275; x_wconf 90' lang='lat' dir='ltr'>uno,</span> <span class='ocrx_word' id='word_1_691' title='bbox 1496 5209 1711 5282; x_wconf 91' lang='lat' dir='ltr'>inquit,</span> <span class='ocrx_word' id='word_1_692' title='bbox 1762 5213 1822 5268; x_wconf 87' lang='lat' dir='ltr'>in</span> <span class='ocrx_word' id='word_1_693' title='bbox 1869 5229 2054 5270; x_wconf 85' lang='lat' dir='ltr'>omnes</span> 
     </span>
    </p>
   </div>
   <div class='ocr_carea' id='block_1_87' title="bbox 396 5296 2050 5374">
    <p class='ocr_par' dir='ltr' id='par_1_87' title="bbox 396 5296 2050 5374">
     <span class='ocr_line' id='line_1_87' title="bbox 396 5296 2050 5374; baseline 0.005 -22"><span class='ocrx_word' id='word_1_694' title='bbox 396 5297 643 5353; x_wconf 84' lang='lat' dir='ltr'>homines</span> <span class='ocrx_word' id='word_1_695' title='bbox 675 5296 736 5352; x_wconf 88' lang='lat' dir='ltr'>in</span> <span class='ocrx_word' id='word_1_696' title='bbox 765 5297 1276 5354; x_wconf 86' lang='lat' dir='ltr'>condemnationem</span> <span class='ocrx_word' id='word_1_697' title='bbox 1308 5300 1478 5368; x_wconf 80' lang='lat' dir='ltr'>(Rom.</span> <span class='ocrx_word' id='word_1_698' title='bbox 1515 5315 1571 5364; x_wconf 91' lang='lat' dir='ltr'>v,</span> <span class='ocrx_word' id='word_1_699' title='bbox 1598 5300 1703 5370; x_wconf 86' lang='lat'>18).</span> <span class='ocrx_word' id='word_1_700' title='bbox 1735 5301 1800 5356; x_wconf 89' lang='lat' dir='ltr'>Et</span> <span class='ocrx_word' id='word_1_701' title='bbox 1823 5319 2050 5374; x_wconf 91' lang='lat' dir='ltr'>rursus,</span> 
     </span>
    </p>
   </div>
   <div class='ocr_carea' id='block_1_88' title="bbox 395 5383 2054 5460">
    <p class='ocr_par' dir='ltr' id='par_1_88' title="bbox 395 5383 2054 5460">
     <span class='ocr_line' id='line_1_88' title="bbox 395 5383 2054 5460; baseline 0.005 -20"><span class='ocrx_word' id='word_1_702' title='bbox 395 5383 549 5440; x_wconf 68' lang='lat'><strong>282</strong></span> <span class='ocrx_word' id='word_1_703' title='bbox 582 5393 688 5441; x_wconf 86' lang='lat' dir='ltr'>Per</span> <span class='ocrx_word' id='word_1_704' title='bbox 717 5404 891 5442; x_wconf 87' lang='lat' dir='ltr'>unum</span> <span class='ocrx_word' id='word_1_705' title='bbox 923 5389 1201 5443; x_wconf 85' lang='lat' dir='ltr'>hominem</span> <span class='ocrx_word' id='word_1_706' title='bbox 1228 5391 1511 5460; x_wconf 82' lang='lat' dir='ltr'>peccatum</span> <span class='ocrx_word' id='word_1_707' title='bbox 1544 5390 1780 5445; x_wconf 84' lang='lat' dir='ltr'>intravit</span> <span class='ocrx_word' id='word_1_708' title='bbox 1811 5391 1872 5445; x_wconf 91' lang='lat' dir='ltr'>in</span> <span class='ocrx_word' id='word_1_709' title='bbox 1908 5397 2054 5450; x_wconf 86' lang='lat' dir='ltr'>hunc</span> 
     </span>
    </p>
   </div>
   <div class='ocr_carea' id='block_1_89' title="bbox 393 5474 2050 5549">
    <p class='ocr_par' dir='ltr' id='par_1_89' title="bbox 393 5474 2050 5549">
     <span class='ocr_line' id='line_1_89' title="bbox 393 5474 2050 5549; baseline 0.008 -23"><span class='ocrx_word' id='word_1_710' title='bbox 393 5474 681 5541; x_wconf 85' lang='lat' dir='ltr'>mundum,</span> <span class='ocrx_word' id='word_1_711' title='bbox 717 5485 769 5531; x_wconf 87' lang='lat' dir='ltr'>et</span> <span class='ocrx_word' id='word_1_712' title='bbox 792 5493 893 5546; x_wconf 84' lang='lat' dir='ltr'>per</span> <span class='ocrx_word' id='word_1_713' title='bbox 920 5483 1204 5548; x_wconf 84' lang='lat' dir='ltr'>peccatum</span> <span class='ocrx_word' id='word_1_714' title='bbox 1238 5495 1400 5549; x_wconf 89' lang='lat' dir='ltr'>mors,</span> <span class='ocrx_word' id='word_1_715' title='bbox 1433 5487 1484 5534; x_wconf 89' lang='lat' dir='ltr'>et</span> <span class='ocrx_word' id='word_1_716' title='bbox 1513 5480 1590 5534; x_wconf 85' lang='lat' dir='ltr'>ita</span> <span class='ocrx_word' id='word_1_717' title='bbox 1622 5481 1681 5534; x_wconf 90' lang='lat' dir='ltr'>in</span> <span class='ocrx_word' id='word_1_718' title='bbox 1710 5495 1895 5537; x_wconf 86' lang='lat' dir='ltr'>omnes</span> <span class='ocrx_word' id='word_1_719' title='bbox 1951 5482 2050 5538; x_wconf 86' lang='lat' dir='ltr'>ho-</span> 
     </span>
    </p>
   </div>
   <div class='ocr_carea' id='block_1_90' title="bbox 399 5561 2050 5643">
    <p class='ocr_par' dir='ltr' id='par_1_90' title="bbox 399 5561 2050 5643">
     <span class='ocr_line' id='line_1_90' title="bbox 399 5561 2050 5643; baseline 0.01 -30"><span class='ocrx_word' id='word_1_720' title='bbox 399 5561 574 5616; x_wconf 86' lang='lat' dir='ltr'>mines</span> <span class='ocrx_word' id='word_1_721' title='bbox 601 5579 745 5617; x_wconf 86' lang='lat' dir='ltr'>mors</span> <span class='ocrx_word' id='word_1_722' title='bbox 791 5569 1141 5636; x_wconf 81' lang='lat' dir='ltr'>pertransiit,</span> <span class='ocrx_word' id='word_1_723' title='bbox 1188 5569 1248 5622; x_wconf 88' lang='lat' dir='ltr'>in</span> <span class='ocrx_word' id='word_1_724' title='bbox 1295 5585 1400 5639; x_wconf 88' lang='lat' dir='ltr'>quo</span> <span class='ocrx_word' id='word_1_725' title='bbox 1444 5585 1639 5626; x_wconf 82' lang='lat' dir='ltr'>omnes</span> <span class='ocrx_word' id='word_1_726' title='bbox 1677 5583 2050 5643; x_wconf 84' lang='lat' dir='ltr'>peccaverunt</span> 
     </span>
    </p>
   </div>
   <div class='ocr_carea' id='block_1_91' title="bbox 464 5700 2050 5780">
    <p class='ocr_par' dir='ltr' id='par_1_91' title="bbox 464 5700 2050 5780">
     <span class='ocr_line' id='line_1_91' title="bbox 464 5700 2050 5780; baseline 0.013 -26"><span class='ocrx_word' id='word_1_727' title='bbox 464 5700 812 5780; x_wconf 71' lang='lat' dir='ltr'>(a)_Aberant</span> <span class='ocrx_word' id='word_1_728' title='bbox 831 5707 900 5760; x_wconf 87' lang='lat' dir='ltr'>ab</span> <span class='ocrx_word' id='word_1_729' title='bbox 919 5707 1089 5763; x_wconf 91' lang='lat' dir='ltr'>editis</span> <span class='ocrx_word' id='word_1_730' title='bbox 1112 5723 1246 5780; x_wconf 82' lang='lat' dir='ltr'>vera</span> <span class='ocrx_word' id='word_1_731' title='bbox 1266 5709 1518 5778; x_wconf 81' lang='lat' dir='ltr'>libertas;</span> <span class='ocrx_word' id='word_1_732' title='bbox 1531 5711 1588 5767; x_wconf 87' lang='lat' dir='ltr'>id</span> <span class='ocrx_word' id='word_1_733' title='bbox 1604 5717 1776 5780; x_wconf 86' lang='lat' dir='ltr'>est,ut</span> <span class='ocrx_word' id='word_1_734' title='bbox 1805 5716 2050 5775; x_wconf 83' lang='lat' dir='ltr'>humana</span> 
     </span>
    </p>
   </div>
   <div class='ocr_carea' id='block_1_92' title="bbox 403 5771 1801 5844">
    <p class='ocr_par' dir='ltr' id='par_1_92' title="bbox 403 5771 1801 5844">
     <span class='ocr_line' id='line_1_92' title="bbox 403 5771 1801 5844; baseline 0.009 -16"><span class='ocrx_word' id='word_1_735' title='bbox 403 5771 627 5830; x_wconf 82' lang='lat' dir='ltr'>libertas</span> <span class='ocrx_word' id='word_1_736' title='bbox 651 5775 836 5844; x_wconf 73' lang='lat' dir='ltr'>ﬂeret;</span> <span class='ocrx_word' id='word_1_737' title='bbox 875 5780 931 5831; x_wconf 87' lang='lat' dir='ltr'>at</span> <span class='ocrx_word' id='word_1_738' title='bbox 963 5779 1287 5837; x_wconf 85' lang='lat' dir='ltr'>substituta</span> <span class='ocrx_word' id='word_1_739' title='bbox 1317 5771 1581 5839; x_wconf 75' lang='lat' dir='ltr'>sunthaec</span> <span class='ocrx_word' id='word_1_740' title='bbox 1618 5771 1801 5844; x_wconf 71' lang='lat' dir='ltr'>exine.</span> 
     </span>
    </p>
   </div>
   <div class='ocr_carea' id='block_1_93' title="bbox 2161 4864 3802 4936">
    <p class='ocr_par' dir='ltr' id='par_1_93' title="bbox 2161 4864 3802 4936">
     <span class='ocr_line' id='line_1_93' title="bbox 2161 4864 3802 4936; baseline -0.001 -19"><span class='ocrx_word' id='word_1_741' title='bbox 2161 4879 2286 4920; x_wconf 84' lang='lat' dir='ltr'>nem</span> <span class='ocrx_word' id='word_1_742' title='bbox 2318 4866 2572 4920; x_wconf 79' lang='lat' dir='ltr'>veritatis</span> <span class='ocrx_word' id='word_1_743' title='bbox 2604 4864 2792 4920; x_wconf 88' lang='lat' dir='ltr'>venire</span> <span class='ocrx_word' id='word_1_744' title='bbox 2823 4867 2874 4932; x_wconf 87' lang='grc' dir='ltr'>(Ι</span> <span class='ocrx_word' id='word_1_745' title='bbox 2905 4864 3040 4920; x_wconf 89' lang='lat' dir='ltr'>Tim.</span> <span class='ocrx_word' id='word_1_746' title='bbox 3077 4883 3138 4932; x_wconf 89' lang='grc' dir='ltr'><strong>ιι,</strong></span> <span class='ocrx_word' id='word_1_747' title='bbox 3161 4866 3216 4936; x_wconf 83' lang='grc'>4)</span> <span class='ocrx_word' id='word_1_748' title='bbox 3237 4867 3396 4921; x_wconf 82' lang='lat' dir='ltr'>?Aut</span> <span class='ocrx_word' id='word_1_749' title='bbox 3419 4869 3576 4922; x_wconf 91' lang='lat' dir='ltr'>enim</span> <span class='ocrx_word' id='word_1_750' title='bbox 3601 4867 3736 4933; x_wconf 87' lang='lat' dir='ltr'>vult,</span> <span class='ocrx_word' id='word_1_751' title='bbox 3753 4869 3802 4918; x_wconf 89' lang='lat' dir='ltr'>et</span> 
     </span>
    </p>
   </div>
   <div class='ocr_carea' id='block_1_94' title="bbox 2163 4953 3800 5024">
    <p class='ocr_par' dir='ltr' id='par_1_94' title="bbox 2163 4953 3800 5024">
     <span class='ocr_line' id='line_1_94' title="bbox 2163 4953 3800 5024; baseline -0.002 -17"><span class='ocrx_word' id='word_1_752' title='bbox 2163 4969 2278 5008; x_wconf 91' lang='lat' dir='ltr'>non</span> <span class='ocrx_word' id='word_1_753' title='bbox 2313 4958 2530 5022; x_wconf 87' lang='lat' dir='ltr'>potest;</span> <span class='ocrx_word' id='word_1_754' title='bbox 2565 4957 2666 5008; x_wconf 91' lang='lat' dir='ltr'>aut</span> <span class='ocrx_word' id='word_1_755' title='bbox 2701 4953 2984 5008; x_wconf 91' lang='lat' dir='ltr'>mentitur</span> <span class='ocrx_word' id='word_1_756' title='bbox 3014 4953 3315 5024; x_wconf 89' lang='lat' dir='ltr'>Scriptura</span> <span class='ocrx_word' id='word_1_757' title='bbox 3338 4954 3558 5010; x_wconf 87' lang='lat' dir='ltr'>divina.</span> <span class='ocrx_word' id='word_1_758' title='bbox 3579 4955 3736 5019; x_wconf 89' lang='lat' dir='ltr'>Quod</span> <span class='ocrx_word' id='word_1_759' title='bbox 3758 4953 3800 5007; x_wconf 86' lang='lat' dir='ltr'>si</span> 
     </span>
    </p>
   </div>
   <div class='ocr_carea' id='block_1_95' title="bbox 2163 5040 3798 5115">
    <p class='ocr_par' dir='ltr' id='par_1_95' title="bbox 2163 5040 3798 5115">
     <span class='ocr_line' id='line_1_95' title="bbox 2163 5040 3798 5115; baseline 0 -19"><span class='ocrx_word' id='word_1_760' title='bbox 2163 5040 2364 5096; x_wconf 90' lang='lat' dir='ltr'>horum</span> <span class='ocrx_word' id='word_1_761' title='bbox 2397 5043 2698 5113; x_wconf 89' lang='lat' dir='ltr'>quodlibet</span> <span class='ocrx_word' id='word_1_762' title='bbox 2729 5043 2948 5099; x_wconf 90' lang='lat' dir='ltr'>sentire</span> <span class='ocrx_word' id='word_1_763' title='bbox 2977 5049 3067 5099; x_wconf 84' lang='lat' dir='ltr'>est</span> <span class='ocrx_word' id='word_1_764' title='bbox 3099 5043 3376 5115; x_wconf 91' lang='lat' dir='ltr'>impium,</span> <span class='ocrx_word' id='word_1_765' title='bbox 3405 5050 3590 5100; x_wconf 87' lang='lat' dir='ltr'>restat</span> <span class='ocrx_word' id='word_1_766' title='bbox 3612 5049 3670 5099; x_wconf 91' lang='lat' dir='ltr'>ut</span> <span class='ocrx_word' id='word_1_767' title='bbox 3698 5058 3798 5098; x_wconf 89' lang='lat' dir='ltr'>non</span> 
     </span>
    </p>
   </div>
   <div class='ocr_carea' id='block_1_96' title="bbox 2162 5129 3801 5206">
    <p class='ocr_par' dir='ltr' id='par_1_96' title="bbox 2162 5129 3801 5206">
     <span class='ocr_line' id='line_1_96' title="bbox 2162 5129 3801 5206; baseline 0 -22"><span class='ocrx_word' id='word_1_768' title='bbox 2162 5129 2260 5185; x_wconf 89' lang='lat' dir='ltr'>ille</span> <span class='ocrx_word' id='word_1_769' title='bbox 2285 5131 2496 5186; x_wconf 83' lang='lat' dir='ltr'>excitet</span> <span class='ocrx_word' id='word_1_770' title='bbox 2514 5131 2873 5188; x_wconf 87' lang='lat' dir='ltr'>voluntatem</span> <span class='ocrx_word' id='word_1_771' title='bbox 2896 5133 3345 5202; x_wconf 86' lang='lat' dir='ltr'>humanam,sed</span> <span class='ocrx_word' id='word_1_772' title='bbox 3366 5151 3494 5190; x_wconf 86' lang='lat' dir='ltr'>eam</span> <span class='ocrx_word' id='word_1_773' title='bbox 3518 5135 3801 5206; x_wconf 80' lang='lat' dir='ltr'>exspectet</span> 
     </span>
    </p>
   </div>
   <div class='ocr_carea' id='block_1_97' title="bbox 2163 5219 3799 5296">
    <p class='ocr_par' dir='ltr' id='par_1_97' title="bbox 2163 5219 3799 5296">
     <span class='ocr_line' id='line_1_97' title="bbox 2163 5219 3799 5296; baseline 0 -20"><span class='ocrx_word' id='word_1_774' title='bbox 2163 5219 2236 5276; x_wconf 89' lang='lat' dir='ltr'>ab</span> <span class='ocrx_word' id='word_1_775' title='bbox 2268 5219 2524 5289; x_wconf 90' lang='lat' dir='ltr'>homine,</span> <span class='ocrx_word' id='word_1_776' title='bbox 2560 5227 2624 5276; x_wconf 91' lang='lat' dir='ltr'>ut</span> <span class='ocrx_word' id='word_1_777' title='bbox 2653 5239 2883 5294; x_wconf 67' lang='lat' dir='ltr'>aequum</span> <span class='ocrx_word' id='word_1_778' title='bbox 2917 5224 2996 5280; x_wconf 92' lang='lat' dir='ltr'>sit</span> <span class='ocrx_word' id='word_1_779' title='bbox 3025 5225 3082 5278; x_wconf 92' lang='lat' dir='ltr'>in</span> <span class='ocrx_word' id='word_1_780' title='bbox 3116 5222 3448 5280; x_wconf 90' lang='lat' dir='ltr'>volentibus</span> <span class='ocrx_word' id='word_1_781' title='bbox 3479 5222 3799 5296; x_wconf 59' lang='lat' dir='ltr'>praemium,</span> 
     </span>
    </p>
   </div>
   <div class='ocr_carea' id='block_1_98' title="bbox 2160 5307 3346 5381">
    <p class='ocr_par' dir='ltr' id='par_1_98' title="bbox 2160 5307 3346 5381">
     <span class='ocr_line' id='line_1_98' title="bbox 2160 5307 3346 5381; baseline 0.002 -17"><span class='ocrx_word' id='word_1_782' title='bbox 2160 5307 2221 5364; x_wconf 91' lang='lat' dir='ltr'>in</span> <span class='ocrx_word' id='word_1_783' title='bbox 2253 5308 2587 5365; x_wconf 85' lang='lat' dir='ltr'>nolentibus</span> <span class='ocrx_word' id='word_1_784' title='bbox 2617 5319 2809 5367; x_wconf 86' lang='lat' dir='ltr'>autem</span> <span class='ocrx_word' id='word_1_785' title='bbox 2831 5313 2996 5381; x_wconf 86' lang='lat' dir='ltr'>justa</span> <span class='ocrx_word' id='word_1_786' title='bbox 3024 5311 3346 5368; x_wconf 90' lang='lat' dir='ltr'>damnatio.</span> 
     </span>
    </p>
   </div>
   <div class='ocr_carea' id='block_1_99' title="bbox 2229 5398 3794 5471">
    <p class='ocr_par' dir='ltr' id='par_1_99' title="bbox 2229 5398 3794 5471">
     <span class='ocr_line' id='line_1_99' title="bbox 2229 5398 3794 5471; baseline 0.001 -18"><span class='ocrx_word' id='word_1_787' title='bbox 2229 5401 2321 5453; x_wconf 88' lang='lat' dir='ltr'>2t.</span> <span class='ocrx_word' id='word_1_788' title='bbox 2356 5398 2487 5454; x_wconf 72' lang='lat' dir='ltr'>Haec</span> <span class='ocrx_word' id='word_1_789' title='bbox 2517 5400 2564 5455; x_wconf 91' lang='lat' dir='ltr'>si</span> <span class='ocrx_word' id='word_1_790' title='bbox 2597 5399 2678 5454; x_wconf 89' lang='lat' dir='ltr'>ita</span> <span class='ocrx_word' id='word_1_791' title='bbox 2709 5406 2942 5468; x_wconf 88' lang='lat' dir='ltr'>sunt,ut</span> <span class='ocrx_word' id='word_1_792' title='bbox 2962 5401 3523 5471; x_wconf 66' lang='lat' dir='ltr'>haereticijactitant,</span> <span class='ocrx_word' id='word_1_793' title='bbox 3547 5416 3794 5457; x_wconf 64' lang='lat' dir='ltr'>conpas-</span> 
     </span>
    </p>
   </div>
   <div class='ocr_carea' id='block_1_100' title="bbox 2159 5488 3798 5562">
    <p class='ocr_par' dir='ltr' id='par_1_100' title="bbox 2159 5488 3798 5562">
     <span class='ocr_line' id='line_1_100' title="bbox 2159 5488 3798 5562; baseline 0 -20"><span class='ocrx_word' id='word_1_794' title='bbox 2159 5503 2342 5542; x_wconf 74' lang='lat' dir='ltr'>nuNSA</span> <span class='ocrx_word' id='word_1_795' title='bbox 2372 5505 2516 5544; x_wconf 78' lang='lat' dir='ltr'>sUN&#39;r</span> <span class='ocrx_word' id='word_1_796' title='bbox 2541 5489 2612 5543; x_wconf 88' lang='lat' dir='ltr'>ab</span> <span class='ocrx_word' id='word_1_797' title='bbox 2635 5489 2780 5560; x_wconf 89' lang='lat' dir='ltr'>ipsis</span> <span class='ocrx_word' id='word_1_798' title='bbox 2801 5488 3209 5546; x_wconf 88' lang='lat' dir='ltr'>inscrutabilia</span> <span class='ocrx_word' id='word_1_799' title='bbox 3229 5497 3285 5545; x_wconf 87' lang='lat' dir='ltr'>et</span> <span class='ocrx_word' id='word_1_800' title='bbox 3307 5489 3798 5562; x_wconf 90' lang='lat' dir='ltr'>incomprehensi-</span> 
     </span>
    </p>
   </div>
   <div class='ocr_carea' id='block_1_101' title="bbox 2163 5575 3796 5651">
    <p class='ocr_par' dir='ltr' id='par_1_101' title="bbox 2163 5575 3796 5651">
     <span class='ocr_line' id='line_1_101' title="bbox 2163 5575 3796 5651; baseline -0.001 -19"><span class='ocrx_word' id='word_1_801' title='bbox 2163 5575 2304 5632; x_wconf 90' lang='lat' dir='ltr'>bilia</span> <span class='ocrx_word' id='word_1_802' title='bbox 2336 5577 2434 5632; x_wconf 91' lang='lat' dir='ltr'>Dei</span> <span class='ocrx_word' id='word_1_803' title='bbox 2457 5577 2700 5648; x_wconf 88' lang='lat' dir='ltr'>judicia.</span> <span class='ocrx_word' id='word_1_804' title='bbox 2733 5578 2791 5633; x_wconf 86' lang='lat' dir='ltr'>Si</span> <span class='ocrx_word' id='word_1_805' title='bbox 2823 5578 3003 5646; x_wconf 85' lang='lat' dir='ltr'>enim,</span> <span class='ocrx_word' id='word_1_806' title='bbox 3040 5583 3102 5634; x_wconf 91' lang='lat' dir='ltr'>ut</span> <span class='ocrx_word' id='word_1_807' title='bbox 3133 5579 3243 5651; x_wconf 89' lang='lat' dir='ltr'>ipsi</span> <span class='ocrx_word' id='word_1_808' title='bbox 3275 5577 3501 5646; x_wconf 90' lang='lat' dir='ltr'>volunt,</span> <span class='ocrx_word' id='word_1_809' title='bbox 3541 5581 3796 5635; x_wconf 87' lang='lat' dir='ltr'>nolentes</span> 
     </span>
    </p>
   </div>
   <div class='ocr_carea' id='block_1_102' title="bbox 2231 5717 3794 5796">
    <p class='ocr_par' dir='ltr' id='par_1_102' title="bbox 2231 5717 3794 5796">
     <span class='ocr_line' id='line_1_102' title="bbox 2231 5717 3794 5796; baseline 0.001 -23"><span class='ocrx_word' id='word_1_810' title='bbox 2231 5717 2304 5796; x_wconf 86' lang='lat' dir='ltr'>(b_)</span> <span class='ocrx_word' id='word_1_811' title='bbox 2335 5717 2710 5796; x_wconf 12' lang='lat' dir='ltr'>Editi,rpol_e_st</span> <span class='ocrx_word' id='word_1_812' title='bbox 2736 5719 2959 5796; x_wconf 81' lang='lat' dir='ltr'>credere</span> <span class='ocrx_word' id='word_1_813' title='bbox 2989 5723 3047 5777; x_wconf 87' lang='lat' dir='ltr'>in</span> <span class='ocrx_word' id='word_1_814' title='bbox 3071 5721 3229 5796; x_wconf 72' lang='lat' dir='ltr'>Filio</span> <span class='ocrx_word' id='word_1_815' title='bbox 3257 5721 3448 5796; x_wconf 73' lang='lat' dir='ltr'>Dei;at</span> <span class='ocrx_word' id='word_1_816' title='bbox 3480 5738 3616 5790; x_wconf 86' lang='lat' dir='ltr'>ms.,</span> <span class='ocrx_word' id='word_1_817' title='bbox 3631 5723 3794 5796; x_wconf 77' lang='lat' dir='ltr'>possit</span> 
     </span>
    </p>
   </div>
   <div class='ocr_carea' id='block_1_103' title="bbox 2155 5789 3451 5864">
    <p class='ocr_par' dir='ltr' id='par_1_103' title="bbox 2155 5789 3451 5864">
     <span class='ocr_line' id='line_1_103' title="bbox 2155 5789 3451 5864; baseline 0 -16"><span class='ocrx_word' id='word_1_818' title='bbox 2155 5789 2392 5861; x_wconf 78' lang='lat' dir='ltr'>credere,</span> <span class='ocrx_word' id='word_1_819' title='bbox 2429 5795 2526 5846; x_wconf 85' lang='lat' dir='ltr'>aut</span> <span class='ocrx_word' id='word_1_820' title='bbox 2556 5791 2710 5861; x_wconf 83' lang='lat' dir='ltr'>velle,</span> <span class='ocrx_word' id='word_1_821' title='bbox 2742 5792 3025 5864; x_wconf 80' lang='lat' dir='ltr'>abestque</span> <span class='ocrx_word' id='word_1_822' title='bbox 3058 5794 3114 5853; x_wconf 78' lang='lat' dir='ltr'>in</span> <span class='ocrx_word' id='word_1_823' title='bbox 3149 5795 3292 5850; x_wconf 84' lang='lat' dir='ltr'>Filio</span> <span class='ocrx_word' id='word_1_824' title='bbox 3315 5795 3451 5852; x_wconf 81' lang='lat' dir='ltr'>Dei.</span> 
     </span>
    </p>
   </div>
  </div>
