3878 6386
171 314 262 376 μθ
1547 305 1934 368 EPISTOLA
1979 311 2138 375 xw.

3430 336 3549 396 450

170 451 402 541 damnat,
449 449 638 504 salvat
669 453 862 504 autem
904 448 1190 541 volentes,
1240 447 1388 503 nihil
1421 449 1511 503 est
1542 442 1782 541 omni-n0
1815 444 1868 508 Α
1900 446 2230 541 antistean
2253 455 2498 524 epistola
2519 460 2606 530 (V.
2631 459 2691 514 in
2719 461 2884 532 capit.
2921 463 3226 535 Caelestini,
3255 472 3433 541 cap.8)
3475 473 3545 527 ad

170 541 292 610 quod
320 540 477 594 283
510 548 810 610 quaratur
844 540 1116 594 ulterius.
1155 540 1238 608 Et,
1271 541 1558 609 quantum
1593 533 1660 586 ad
1699 531 1786 603 ip-

170 646 260 692 sos,
290 629 431 682 iallit
471 629 775 699 Scriptura
806 628 1173 699 divinaque:
1205 622 1789 698 incomprehensibilia

171 717 245 772 Dei
272 722 520 771 testatur
555 718 775 786 judicia
805 716 985 788 (Rom.
1018 732 1100 782 x1,
1156 715 1268 784 33).
1315 714 1433 769 Nos
1464 717 1658 766 autem
1691 709 1782 762 in-

170 805 702 877 comprehensibilia
747 806 1054 859 credentes
1103 808 1158 859 et
1191 799 1786 869 demonstrantesju-

166 895 290 949 dit-ia
339 895 463 958 Dei,
513 911 584 948 ex
616 912 733 948 una
777 910 976 949 massa
1025 893 1370 965 perditionis
1401 891 1545 947 alios
1574 887 1785 944 salvari

157 984 380 1038 dicimus
446 984 712 1038 bonitate
763 988 819 1038 et
863 982 1050 1056 gratia
1082 983 1204 1050 Dei,
1237 981 1384 1037 alios
1406 980 1570 1051 justo
1602 983 1659 1034 et
1689 993 1784 1032 oc-

158 1077 295 1128 culto
323 1073 539 1142 judicio
572 1072 930 1144 derelinqui.

219 1166 286 1216 22
313 1162 580 1232 Alioquin
610 1162 834 1228 dicant,
862 1162 908 1216 si
936 1167 1183 1232 possunt
1213 1160 1271 1216 hi
1303 1158 1401 1233 qui
1437 1160 1544 1214 hoc
1577 1157 1784 1212 divinae

144 1251 366 1317 justitie
396 1259 452 1305 et
482 1250 733 1305 bonitati
765 1251 1128 1304 contrarium
1162 1249 1586 1316 mstimant,cur
1607 1247 1657 1302 is
1684 1244 1786 1317 qui

151 1356 333 1396 omnes
385 1339 662 1394 homines
694 1338 813 1393 vult
860 1339 1051 1394 salvos
1080 1338 1203 1393 ﬁeri
1235 1345 1291 1393 et
1323 1338 1392 1392 ad
1427 1337 1782 1404 agnitionem

155 1431 392 1483 veritatis
425 1428 649 1495 venire,
685 1435 803 1482 tam
840 1428 1052 1483 multas
1083 1428 1332 1482 virtutes
1365 1427 1498 1483 fecit
1526 1426 1584 1480 in
1618 1424 1786 1479 Coro-

161 1521 280 1574 taim
295 1525 350 1572 et
382 1517 703 1572 Belhsaida
732 1525 787 1571 et
818 1517 1036 1572 nullam
1065 1517 1270 1572 harum
1298 1519 1354 1571 in
1380 1517 1529 1587 Tyro
1553 1520 1608 1570 et
1628 1515 1786 1570 Sido-

165 1627 220 1663 ne
240 1606 744 1672 tacerevoluit,ulii
769 1608 815 1662 si
838 1607 998 1661 facta:
1034 1607 1282 1662 fuissent
1313 1606 1487 1677 (sicut
1516 1605 1640 1676 ipse
1672 1608 1786 1659 tes-

163 1700 316 1766 tatur)
345 1701 584 1765 forsitan
621 1698 678 1750 in
704 1696 890 1751 cinere
919 1701 972 1749 et
1009 1696 1192 1750 eicilio
1221 1696 1603 1766 péenitantiam
1634 1693 1777 1763 egis-

152 1794 252 1841 sent
284 1787 497 1855 (Matth.
547 1803 628 1846 x1,
687 1787 822 1856 2t)?
876 1790 990 1840 Aut
1019 1802 1120 1840 cur
1168 1785 1223 1839 in
1257 1785 1394 1840 Asia
1423 1789 1477 1840 et
1512 1784 1779 1855 Bithynia

162 1876 481 1947 Apestolum
518 1876 702 1929 vetuit
757 1875 994 1930 verbum
1025 1873 1233 1929 salutis
1265 1873 1614 1928 annuntiare
1647 1873 1778 1942 (Act.

147 1983 258 2028 ενι,
292 1967 342 2031 6,
367 1967 462 2030 7)?

208 2055 295 2107 23.
329 2055 485 2119 Quod
532 2054 579 2108 si
623 2053 706 2109 ita
753 2058 1045 2126 nequeunt
1081 2054 1512 2126 comprehendi,
1548 2053 1784 2109 redeant

143 2143 200 2195 ad
223 2159 302 2204 se,
337 2149 392 2197 et
420 2143 784 2197 invenientes
819 2160 881 2197 se
912 2143 1202 2209 homines,
1235 2143 1503 2198 desinant
1527 2158 1782 2214 quaerere

145 2248 237 2285 cur
250 2231 392 2287 alios
416 2234 602 2286 salvet
619 2232 876 2302 gratuito
897 2231 1221 2299 dono,alios
1244 2231 1782 2303 derelinquatjusto

136 2326 183 2374 et
211 2320 433 2376 occulto
466 2321 720 2391 judicio,
756 2322 856 2392 qui
894 2326 1242 2393 potestatem
1278 2320 1452 2376 habet
1482 2338 1550 2375 ex
1581 2321 1780 2376 eadem

141 2426 324 2464 massa
355 2410 518 2464 aliud
553 2428 657 2465 vas
684 2411 871 2466 facere
903 2411 960 2465 in
990 2411 1296 2476 honorem,
1330 2408 1485 2464 aliud
1507 2411 1563 2464 in
1584 2415 1782 2464 contu-

145 2498 366 2553 mellam
397 2505 495 2567 ;et
525 2500 784 2554 clament
811 2517 927 2554 una
949 2499 1279 2565 nobiscum,
1313 2499 1431 2552 imo
1457 2500 1784 2570 juxtaApo-

149 2589 351 2644 stolum
378 2607 390 2643 :
426 2591 465 2646 0
495 2589 734 2644 altitudo
759 2589 1086 2644 divitiarum
1119 2589 1411 2658 sapientia:
1451 2599 1502 2645 et
1536 2589 1779 2645 scientiae

149 2678 237 2731 Dei
260 2679 271 2731 !
294 2681 466 2748 Quam
491 2681 887 2734 inscrutabitia
909 2683 1036 2733 sunt
1052 2679 1264 2747 iudicia
1287 2680 1782 2749 ejus,etinvestiga-

148 2769 384 2822 bitesvia
407 2770 521 2831 eius
543 2769 554 2822 l
575 2770 706 2836 Quis
725 2768 872 2823 enim
895 2768 1150 2840 cognovit
1163 2785 1379 2822 sensum
1398 2769 1620 2822 Domini
1643 2771 1779 2823 Paut

145 2857 259 2925 quis
279 2859 640 2912 consiliarius
672 2859 793 2925 ejus
821 2856 930 2926 [uit
955 2860 1083 2910 Ξ)αυί
1113 2857 1237 2928 quis
1257 2860 1414 2923 prior
1429 2856 1582 2911 dedit
1595 2857 1702 2919 illi,
1724 2861 1779 2911 et

145 2949 476 3002 "tribuetur
515 2946 613 3002 ei?
643 2946 906 3017 quoniam
935 2962 1003 3001 ea:
1035 2949 1176 3016 ipso,
1209 2951 1263 3001 et
1291 2962 1394 3016 per
1418 2945 1616 3017 ipsum,
1647 2953 1696 3000 et
1720 2947 1774 3000 in

139 3034 248 3095 ipso
294 3040 418 3089 sunt
475 3039 684 3090 omnia.
723 3036 834 3106 Ipsi
884 3036 1061 3106 gloria
1092 3035 1150 3088 in
1175 3036 1379 3092 saecula
1423 3035 1773 3092 saeculorum.

133 3125 294 3177 Amen
329 3125 504 3193 (Rom.
541 3143 582 3191 ι,
613 3125 706 3188 33,
738 3125 808 3178 34
839 3127 887 3180 et
935 3141 1046 3194 seq.
1079 3130 1119 3192 ).
1154 3123 1460 3178 Manifeste
1491 3139 1627 3194 ergo
1661 3139 1774 3178 NON

138 3228 309 3281 sonis,
343 3231 437 3268 seu
472 3217 762 3268 Aposrom
794 3213 1034 3268 omnino
1058 3211 1275 3266 resistit
1302 3212 1402 3282 qui
1437 3212 1578 3266 dicit
1608 3228 1620 3265 :
1652 3211 1775 3267 Nisi

144 3316 229 3370 ego
261 3303 427 3370 prius
458 3302 717 3370 voluero,
779 3303 962 3372 gratia
1008 3302 1077 3356 ad
1116 3318 1207 3356 me
1256 3318 1368 3356 non
1403 3302 1576 3356 venit.
1613 3301 1772 3367 Quod

141 3391 362 3444 omnino
391 3391 534 3444 nihil
573 3391 729 3444 aliud
766 3398 856 3445 est
885 3391 1096 3456 dicere,
1132 3389 1242 3444 nisi
1279 3391 1441 3461 prius
1465 3390 1604 3445 dare
1636 3395 1772 3455 Deo,

141 3485 190 3529 ut
220 3481 585 3533 retribuatur
614 3479 722 3534 illi.

139 3569 252 3623 CAP.
287 3587 410 3624 vm.
467 3569 660 3624 Omnis
716 3574 894 3624 motus
927 3569 1084 3626 bona?
1116 3568 1420 3624 voluntatis
1450 3585 1519 3623 eo:
1549 3569 1673 3623 Deo.
1705 3598 1775 3608 --

136 3657 210 3710 2i.
241 3661 350 3712 Sed
386 3676 490 3714 nos
520 3666 837 3731 sequentes
871 3660 1142 3713 eumdem
1179 3659 1506 3728 apostolum
1541 3673 1772 3712 omnem

137 3745 406 3802 bonarum
438 3750 859 3819 cogitationum
881 3748 1190 3818 originem,
1208 3747 1775 3817 consensionemque

139 3841 442 3908 earum(a),
475 3846 531 3893 et
563 3839 917 3894 voluntatem
953 3857 1018 3893 ex
1047 3839 1162 3894 Deo
1193 3844 1249 3894 et
1283 3857 1382 3910 per
1410 3843 1684 3903 Deum,et
1715 3836 1774 3890 in

143 3924 243 3981 Deo
265 3929 540 3991 dicimus,
557 3929 656 3998 qui
674 3944 881 3997 pravas
899 3927 1205 3982 hominum
1222 3927 1646 3990 voluntates,et
1669 3934 1777 3980 ter-

141 4016 280 4069 renis
303 4017 905 4087 actibnsimplicatas,
931 4033 1031 4087 per
1054 4016 1411 4071 infusioncm
1438 4023 1493 4069 et
1512 4017 1778 4087 inopera—

141 4103 337 4160 tionem
384 4107 460 4176 (ὁ)
511 4106 867 4160 intrinsecus
927 4106 1108 4161 sancti
1172 4105 1423 4176 Spiritus
1453 4104 1777 4159 absolvitet

143 4195 378 4264 corrigit,
413 4196 564 4250 sicut
597 4195 880 4266 scriptum
913 4199 1031 4249 est:
1067 4196 1432 4265 Praeparetur
1454 4193 1719 4250 voluntas
1743 4211 1779 4249 a

148 4281 380 4338 Domino.

199 4374 280 4426 25.
314 4372 450 4427 Hinc
483 4374 656 4428 etiam
689 4374 894 4428 beatus
930 4372 1178 4427 Basilius
1225 4372 1602 4428 Caesariensis
1628 4371 1783 4444 epis-

145 4474 323 4527 ropus,
373 4463 432 4515 in
489 4465 756 4516 oratione
814 4464 962 4516 sacri
999 4462 1224 4525 altaris,
1260 4477 1437 4532 quam
1476 4477 1618 4532 pene
1654 4461 1778 4515 uni-

1898 537 2216 596 Conciiium
2239 543 2637 603 Milevitanum
2665 569 2677 618 ;
2705 572 2733 600 ‹‹
2765 553 2996 621 Omnia,
3031 555 3241 626 inquit,
3266 537 3462 614 studia
3491 568 3546 616 el

1897 626 2094 718 omnia
2124 645 2298 701 opera
2329 651 2394 688 ac
2430 637 2634 692 merita
2666 645 3004 697 sanctorum
3047 645 3117 698 ad
3154 645 3252 699 Dei
3285 647 3538 718 gloriam

1896 709 2249 789 laudemque
2299 724 2598 781 referenda
2641 735 2816 783 sunt:
2850 731 2986 800 quia
3029 749 3177 788 ΝεΜο
3205 735 3255 788 ei
3286 709 3544 793 “aliunde

1897 801 2102 873 placet,
2140 810 2249 864 nisi
2274 827 2340 866 ex
2363 829 2429 868 eo
2453 817 2606 885 quod
2639 815 2760 887 ipse
2792 819 3113 876 donaverit.
3145 843 3164 871 ι
3193 825 3354 886 Quod
3389 826 3544 882 284

1897 892 2241 965 diligentius
2276 903 2792 978 manifestiumque
2826 908 2884 962 in
2913 909 3162 980 epistola
3195 929 3302 967 sua
3333 915 3403 969 ad
3442 932 3545 985 pa-

1898 997 2030 1052 pam
2064 986 2354 1045 Zozimum
2385 993 2473 1062 (c),
2507 993 2860 1065 replicando,
2893 997 3080 1068 ipsius
3115 1017 3274 1068 papae
3303 1009 3542 1059 senten-

1895 1069 2038 1135 tiam
2071 1073 2365 1146 explicant
2398 1081 2669 1138 Africana
2715 1085 2965 1141 concilia
2999 1089 3248 1144 dicendo
3280 1109 3294 1157 ;
3328 1114 3355 1141 «
3390 1091 3540 1148 Illud

1897 1164 2091 1216 autem
2126 1165 2278 1234 quod
2331 1166 2390 1221 in
2444 1168 2651 1226 litteris
2678 1189 2824 1243 quas
2858 1174 2934 1228 ad
2966 1175 3272 1234 universas
3300 1181 3538 1250 provin-

1895 1250 2242 1309 ciascurasti
2265 1273 2389 1312 esse
2410 1259 2748 1326 mittendas,
2778 1265 3047 1334 posuisti,
3083 1267 3286 1323 dicene
3317 1287 3330 1324 :
3367 1293 3395 1320 ‹‹
3423 1271 3540 1328 Nos

1896 1345 2143 1398 «tamen
2176 1343 2463 1402 instinctu
2498 1351 2596 1402 Dei
2630 1351 2849 1419 (omnia
2878 1353 3033 1409 enim
3067 1356 3221 1412 bona
3253 1359 3323 1413 ad
3348 1365 3545 1416 aucto-

1895 1446 2063 1485 «rem
2094 1449 2266 1488 suum
2324 1437 2623 1492 referenda
2681 1445 2840 1506 sunt,
2902 1443 3056 1498 unde
3091 1447 3434 1520 nascuntur)
3467 1450 3538 1504 ad

1890 1542 1914 1565 εκ
1943 1518 2184 1575 fratrum
2209 1529 2266 1578 et
2323 1526 2804 1599 coepiscoporum
2858 1538 3196 1587 nostrorum
3233 1518 3541 1592 conscien-

1895 1607 2078 1662 ctiam
2109 1611 2381 1668 universa
2413 1616 2724 1672 retulimus
2760 1633 2772 1671 :
2807 1619 2890 1673 sic
2935 1622 3258 1692 accipimus
3291 1625 3539 1694 dictum,

1894 1718 1920 1744 «
1950 1701 2013 1750 ut
2044 1697 2176 1752 illos
2209 1701 2304 1770 qui
2364 1709 2566 1759 contra
2611 1707 2704 1759 Dei
2741 1708 3098 1777 adjutorium
3133 1711 3419 1768 extollunt
3446 1732 3538 1770 ar-

1815 1807 1860 1872 Β
1894 1807 1921 1834 ‹‹
1954 1786 2110 1840 bitrii
2160 1787 2514 1860 libertatem,
2568 1795 2833 1849 districto
2865 1797 3059 1866 gladio
3089 1801 3353 1856 veritatis
3379 1801 3540 1858 velut

1893 1896 1920 1922 ‹‹
1947 1876 2163 1930 cursim
2220 1883 2515 1936 transiens
2548 1889 2904 1954 amputares.
2941 1886 3088 1949 Quid
3122 1889 3277 1943 enim
3312 1895 3430 1945 tam
3465 1891 3539 1945 li-

1894 1962 2080 2018 «bero
2113 1967 2297 2022 fecisti
2330 1969 2591 2036 arbitrio,
2630 1988 2804 2042 quam
2847 1975 2996 2041 quod
3034 1975 3305 2032 universa
3344 1979 3402 2032 in
3436 1979 3537 2034 hu-

1897 2073 1923 2102 α
1949 2053 2216 2110 militatis
2237 2063 2449 2112 nostris
2485 2059 2908 2116 conscientiam
2939 2062 3182 2118 retulisti
3207 2069 3231 2117 .9
3255 2071 3311 2120 et
3340 2070 3538 2123 tamen

1891 2164 1916 2190 ‹‹
1944 2142 2222 2199 instinctu
2247 2145 2343 2200 Dei
2372 2149 2586 2202 factum
2609 2149 2862 2204 ﬁdeliter
2885 2152 3296 2224 sapienterque
3317 2154 3538 2225 vidisti,

1888 2250 1915 2279 «
1937 2235 2220 2288 veraciter
2270 2234 2634 2308 fidenterque
2686 2237 2911 2304 dixisti,
2943 2240 3071 2294 ideo
3104 2243 3306 2312 utique
3337 2243 3476 2314 quia
3505 2266 3534 2294 ››

1888 2327 2250 2390 praeparatur
2269 2323 2538 2380 voluntas
2564 2343 2594 2380 a
2615 2325 2865 2382 Domino
2891 2350 2918 2376 «
2947 2329 3275 2398 (Prov.vm,
3301 2332 3389 2396 35;
3415 2347 3530 2388 sec.

1891 2429 1915 2459 ι
1953 2409 2131 2482 LXX),
2167 2417 2222 2465 et
2253 2418 2317 2467 ut
2351 2413 2482 2468 boni
2519 2415 2738 2486 aliquid
2789 2421 2968 2488 agant
2998 2418 3254 2489 paternis
3286 2420 3534 2491 inspira-

1886 2521 1914 2548 «
1947 2500 2209 2556 tionibus
2256 2517 2496 2556 suorum
2533 2504 2657 2574 ipse
2711 2505 2900 2576 tangit
2930 2508 3102 2561 corda
3163 2507 3414 2562 filiorum
3451 2525 3463 2563 :
3499 2531 3528 2560 »

1886 2589 2179 2659 Quotquot
2217 2591 2372 2644 enim
2434 2591 2653 2662 Spiritu
2690 2592 2790 2647 Dei
2851 2600 3129 2665 aguntur,
3165 2595 3222 2649 hi
3256 2596 3359 2650 filii
3393 2602 3534 2654 sunt

1885 2677 1984 2731 Dei
2023 2700 2049 2726 ‹‹
2084 2678 2275 2745 (Rom.
2311 2696 2433 2747 vm,
2467 2681 2578 2750 54),
2617 2686 2678 2735 ut
2710 2699 2816 2736 nec
2849 2688 3117 2738 nostrum
3152 2686 3357 2740 deesse
3399 2703 3531 2742 sen-

1889 2787 1912 2816 a
1943 2769 2162 2822 tiamus
2193 2768 2528 2835 arbitrium,
2582 2775 2638 2825 et
2669 2770 2726 2824 in
2763 2772 2929 2826 bonis
2957 2773 3289 2844 quibusque
3322 2777 3528 2831 volun-

1887 2876 1914 2908 α
1945 2857 2081 2911 tatis
2113 2857 2386 2912 humanae.
2404 2859 2655 2931 singulis
2681 2861 2939 2916 motibus
2975 2863 3162 2933 magis
3194 2863 3351 2918 illius
3383 2881 3530 2936 prie-

1885 2968 1908 2995 ι(
1945 2945 2136 3000 venire
2168 2963 2282 3001 non
2315 2947 2957 3019 dubitemusgratiam;
2991 2954 3144 3021 quod
3179 2952 3259 3006 ita
3290 2953 3442 3009 Deus
3471 2955 3529 3009 in

1882 3057 1910 3084 «
1937 3035 2212 3090 cordibus
2237 3034 2544 3090 hominum
2587 3042 2763 3106 atque
2796 3041 2853 3092 in
2887 3037 3015 3108 ipso
3044 3037 3223 3094 libero
3259 3047 3531 3110 operetur

1895 3147 1914 3171 α
1951 3125 2211 3191 arbitrio,
2264 3129 2327 3178 ut
2376 3130 2580 3180 sancta
2630 3124 2925 3194 cogitatio;
2981 3126 3142 3196 pium
3194 3128 3530 3199 consilium,

1889 3235 1918 3263 ‹‹
1951 3214 2263 3286 omnisque
2278 3221 2470 3269 motus
2499 3215 2657 3269 honre
2681 3213 3002 3269 voluntatis
3031 3231 3098 3269 ex
3123 3220 3232 3270 Deo
3259 3216 3357 3282 sit,
3392 3217 3532 3287 quia

1885 3324 1913 3351 ‹‹
1943 3319 2043 3374 per
2074 3302 2240 3357 illum
2277 3302 2498 3373 aliquid
2532 3302 2668 3357 boni
2706 3319 3045 3374 possumus,
3083 3303 3208 3358 sine
3235 3321 3350 3375 quo
3383 3304 3531 3360 nihil

1890 3413 1910 3439 α
1950 3407 2286 3460 possumus.
2323 3413 2351 3440 »

1953 3479 2043 3532 27.
2063 3479 2164 3534 His
2178 3495 2432 3549 congrue
2447 3479 2687 3534 beatissi
2699 3496 2750 3533 m
2762 3479 3185 3536 uchelestinus
3201 3481 3260 3536 in
3276 3482 3526 3554 epistola

1886 3568 2030 3640 (cap.
2068 3569 2156 3639 ll)
2186 3569 2253 3622 ad
2291 3567 2485 3622 Gallos
2514 3569 2647 3622 data
2683 3585 2696 3622 :
2734 3591 2760 3617 «
2793 3568 2930 3624 Cum
2969 3570 3148 3636 enim,
3175 3571 3529 3640 inquit,san—

1884 3665 2108 3713 ctarum
2128 3657 2384 3728 plebium
2407 3656 2682 3728 praesules
2698 3659 2968 3712 mandata
2982 3659 3094 3712 sibi
3109 3660 3396 3730 legatione
3412 3662 3536 3716 tun-

1885 3746 2343 3817 guntur(d)apud
2360 3746 2615 3802 divinam
2637 3746 3282 3816 clementiam,humani
3298 3750 3532 3820 generis

1886 3841 2067 3905 agunt
2086 3840 2542 3896 causam.ettota
2562 3852 2760 3890 secum
2787 3837 3044 3892 Ecclesia
3066 3840 3532 3910 congemiscente

1889 3925 2253 3996 postulantet
2270 3932 2580 3996 precantur
2597 3931 2660 3979 ut
2677 3926 3014 3981 infidelibus
3028 3928 3278 3983 donetur
3294 3931 3532 3991 iides,ut

1885 4013 2285 4068 idololatraeab
2305 4014 2670 4069 inﬁdelitatis
2685 4016 3533 4083 suaeliberemurerroribus,ut

1884 4103 2126 4167 Judaeis,
2160 4102 2356 4158 ablato
2388 4103 2579 4158 cordis
2612 4103 2918 4173 velamine,
2946 4104 3039 4160 lux
3066 4107 3328 4161 veritatis
3360 4123 3534 4177 appa-

1889 4199 2030 4259 reat,
2065 4198 2128 4247 ut
2161 4194 2413 4248 haeretici
2447 4193 2745 4248 catholicis
2780 4194 2911 4248 fidei
2965 4196 3331 4264 perceptione
3391 4196 3532 4250 resi-

1890 4281 2212 4354 piscant.ut
2229 4281 2587 4337 sehismatici
2603 4282 2876 4350 spiritum
2895 4283 3155 4336 redivivas
3171 4283 3431 4336 caritatis
3445 4299 3536 4338 ac-

1890 4371 2131 4442 cipiant,
2168 4379 2226 4425 ut
2258 4371 2442 4440 lapsis
2468 4369 2815 4440 panitentiaa
2849 4370 3106 4423 remedia
3136 4371 3528 4438 conferantur,

1895 4465 1958 4514 ut
1988 4461 2243 4530 denique
2281 4456 2721 4512 catechumenis
2745 4457 2814 4510 ad
2848 4457 3305 4525 regenerationis
3336 4473 3532 4512 sacra-

140 4564 320 4605 versus
354 4551 683 4621 frequentat
712 4552 939 4620 Oriens,
970 4551 1120 4605 inter
1150 4559 1356 4605 caetera
1391 4567 1448 4604 ει
1485 4550 1766 4621 Dona(in-
1799 4536 1846 4601 D
1888 4556 2078 4604 menta
2104 4548 2419 4619 perductis,
2447 4546 2700 4600 caelestis
2731 4544 3144 4598 misericordia:
3164 4545 3529 4601 aularesere-

145 4638 295 4706 quit).
353 4639 618 4703 Domine,
679 4644 948 4694 Virtutem
985 4656 1051 4693 ac
1094 4645 1487 4693 tutamentum
1525 4655 1537 4692 :
1574 4639 1759 4694 malos

142 4741 456 4793 quaesumus
488 4729 672 4783 bonos
706 4729 898 4794 tacito,
933 4729 1114 4783 bonos
1145 4728 1204 4782 in
1236 4728 1493 4782 bonitate
1523 4743 1757 4783 conser-

139 4830 214 4877 va,
243 4820 440 4872 cmnia
489 4817 645 4871 enim
685 4823 870 4888 potes,
922 4822 978 4871 et
1017 4834 1132 4871 non
1155 4822 1244 4872 est
1274 4816 1372 4888 qui
1406 4816 1768 4871 contradicat

137 4905 227 4958 tibi
264 4924 276 4972 ;
311 4923 440 4962 cum
497 4906 655 4962 enim
694 4907 950 4962 volueris
983 4907 1196 4970 salvas,
1231 4913 1286 4961 et
1318 4906 1521 4961 nullus
1551 4905 1772 4961 resistit

143 4994 407 5051 voluntati
456 5004 592 5050 tuae.
635 5018 663 5044 »
716 4995 857 5049 Ecce
906 5011 1080 5065 quam
1153 4996 1425 5060 breviter,
1477 5009 1770 5064 quamque

141 5082 386 5141 districts
418 5087 623 5139 doctor
662 5084 935 5155 egregius
984 5083 1124 5138 olim
1183 5083 1321 5137 huic
1362 5083 1770 5139 controversias

129 5172 293 5230 tinem
333 5177 549 5246 posuit,
585 5175 802 5228 docens
839 5190 938 5244 per
971 5173 1120 5227 hanc
1146 5188 1396 5242 precem,
1422 5189 1535 5227 non
1561 5190 1594 5226 a
1625 5171 1774 5243 seip-

110 5268 215 5328 sis,
253 5265 358 5320 sed
385 5281 412 5317 a
445 5264 559 5318 Deo
595 5263 782 5317 malos
816 5263 1084 5318 homines
1130 5263 1312 5317 bonos
1343 5262 1499 5328 ﬁeri;
1537 5278 1640 5317 nec
1663 5278 1772 5317 sua

109 5359 347 5416 virtute,
405 5356 499 5408 sed
539 5352 754 5406 divinas
802 5352 1002 5424 gratiis
1036 5351 1326 5421 adjutorio
1358 5350 1419 5406 in
1453 5351 1581 5422 ipsa
1616 5349 1771 5405 boni-

130 5448 225 5497 tate
258 5457 661 5512 perseverare.

185 5536 266 5588 26.
300 5533 586 5588 Similiter
619 5534 823 5587 beatus
851 5529 1232 5587 Innocentius
1250 5529 1587 5602 apostolicae
1610 5530 1767 5586 sedis

183 5701 258 5766 (ri)
297 5697 468 5760 Editi,
512 5711 712 5750 earum
756 5697 1163 5766 confessionem
1196 5715 1210 5764 ;
1250 5695 1352 5750 sed
1385 5693 1602 5750 rectius
1636 5711 1772 5761 ms.,

134 5770 640 5838 consensionemque
667 5783 880 5821 earum.

189 5842 264 5910 (b)
295 5840 383 5910 Sic
415 5837 675 5910 ms.,at
703 5838 764 5892 in
795 5837 1049 5905 excusis,
1081 5846 1133 5895 et
1173 5838 1568 5910 operationem.

201 5908 268 5982 (ε)
302 5909 478 5981 Editi,
539 5908 612 5966 ad
657 5925 865 5982 papam
921 5908 1272 5981 Romanum;
1301 5925 1439 5978 ms.,
1476 5909 1548 5965 ad
1570 5925 1780 5982 papam

134 5982 423 6038 Zozimum.

159 5998 423 6041 mimum.

1869 4657 1990 4706 tur.
2032 4639 2156 4691 Haec
2187 4642 2383 4691 autem
2421 4651 2532 4689 non
2577 4631 2972 4704 perfunctorie
3004 4650 3193 4705 neque
3223 4634 3476 4690 inaniter
3499 4652 3534 4691 α

1885 4727 2133 4783 Domino
2165 4726 2280 4796 peti
2312 4726 2381 4794 (e)
2418 4739 2614 4777 rerum
2645 4723 2912 4794 ipsarum
2948 4729 3238 4778 monstrat
3265 4725 3529 4794 effectus,

1881 4813 2365 4887 quandoquidem
2413 4829 2480 4867 ex
2511 4812 2671 4866 omni
2705 4827 2969 4866 errorum
3003 4828 3216 4883 genere
3249 4815 3534 4885 plurimos

1881 4905 2156 4976 dignatur
2187 4902 2502 4969 attrahere,
2545 4918 2692 4971 quos
2716 4917 2930 4957 eruens
2963 4903 3034 4956 de
3067 4909 3354 4974 potestate
3370 4909 3533 4960 tene-

1880 4991 2504 5058 brarum,transfertin
2525 5007 2768 5063 regnum
2802 4990 2905 5044 filii
2926 4991 3187 5046 caritatis
3206 5009 3346 5058 suis,
3381 5002 3434 5048 et
3465 5009 3535 5047 ex

1880 5083 2153 5139 vasisirte
2170 5083 2302 5136 facit
2332 5097 2472 5136 vasa
2499 5080 2933 5135 misericordiae.
2971 5079 3131 5142 Quod
3167 5082 3309 5134 adeo
3343 5085 3532 5134 totum

1879 5173 2059 5228 divini
2083 5171 2276 5242 cperis
2293 5186 2422 5225 esse
2445 5171 2791 5234 sentitur,ut
2816 5169 2934 5221 haec
2957 5167 3229 5221 etticienli
3259 5169 3370 5221 Deo
3404 5183 3534 5236 gra-

1879 5263 2091 5318 tiarum
2117 5259 2514 5332 semperactio
2544 5257 2855 5327 laudisque
2873 5256 3159 5309 confessio
3185 5271 3289 5324 pro
3312 5255 3536 5309 illumi-

1878 5352 2113 5405 natione
2144 5348 2353 5403 talium
2384 5346 2472 5400 vel
2505 5349 2864 5400 correctione
2898 5346 3209 5396 referatur.
3247 5364 3274 5390 »
3304 5347 3535 5400 Rursus

1880 5444 2011 5509 post
2036 5454 2218 5508 pauca
2252 5453 2264 5490 :
2301 5457 2321 5485 ι
2360 5437 2461 5488 His
2492 5449 2629 5503 ergo
2663 5430 2878 5501 (inquit
2902 5430 3142 5501 [Caelesu
3175 5432 3410 5503 cap.t‘2])
3443 5449 3534 5489 ec.

1880 5525 2192 5584 clesiastiei
2237 5523 2453 5594 regulis
2479 5528 2537 5576 et
2566 5537 2634 5575 ex
2665 5519 2864 5573 divina
2895 5519 3152 5590 sumptis
3189 5523 3537 5580 auctoritate

1955 5687 2032 5756 (d)
2074 5682 2246 5747 Editi,
2279 5686 2603 5756 fungantur.

2053 5759 2142 5812 Sic
2175 5750 2286 5830 ms.
2320 5750 2566 5830 et’editi,
2593 5755 2809 5830 praeter
2834 5750 3035 5830 Basi|_.,
3070 5752 3127 5830 in
3160 5769 3277 5830 quo
3301 5754 3535 5830 legitur,

1885 5822 2060 5903 necne
2089 5826 2338 5884 inaniter
2383 5841 2419 5880 a
2447 5825 2678 5903 Domino
2730 5825 2868 5903 peti,
2897 5822 2994 5880 sed
3023 5822 3533 5899 efﬁcaciter-{imm

1883 5895 2016 5961 rum
2042 5916 2264 5974 precum
2290 5898 2571 5956 monstrat
2599 5895 2845 5969 effectus.
