3878 6322
136 379 238 441 469

1520 370 1911 436 EPISTOL'A
1950 368 2147 433 XVII.

3405 356 3534 419 ιτο

132 509 375 581 parvulus
395 508 728 581 subjicitur
752 509 974 582 peccati
991 508 1304 581 stipendio,
1332 508 1383 564 si
1406 506 1567 563 nulla
1591 509 1680 562 est
1702 505 1761 561 in
1794 503 1850 572 Α
1880 504 2037 559 unde
2057 518 2191 558 caro
2215 514 2417 557 eorum
2439 512 2575 556 caro
2598 494 2821 571 peccati
2844 510 2960 551 non
2983 490 3281 549 immerito
3301 502 3533 547 nuncu-

127 614 186 655 eo
215 600 414 672 peccati
445 598 707 671 pollutio
729 598 760 653 ?
788 597 893 654 Vel
924 599 1219 671 quomodo
1261 597 1537 654 videmus
1572 598 1758 651 morte

127 696 400 759 punctum,
423 690 472 745 si
492 706 612 745 non
638 689 831 745 sensit
852 690 1121 744 aculeum
1137 687 1164 742 ?
1183 688 1249 743 Et
1265 703 1398 742 cum
1422 703 1538 741 non
1557 685 1633 741 sit
1656 683 1764 739 ini-

123 781 299 850 quitas
320 782 465 852 apud
492 779 706 845 Deum,
734 778 835 851 qui
862 778 997 834 fecit
1020 777 1313 833 hominem
1336 778 1407 832 ad
1432 773 1757 846 imaginem

122 885 301 935 suam,
334 887 456 941 qua
480 867 721 939 justitia
741 873 853 939 est,
877 872 941 923 ut
966 868 1158 940 imago
1180 867 1305 937 Dei,
1331 884 1459 939 qua;
1482 864 1628 921 nihil
1652 881 1755 936 po-

117 958 219 1013 tuit
246 975 342 1030 per
377 959 623 1031 seipsam
652 957 1077 1031 delinquere,si
1100 972 1215 1013 non
1239 956 1597 1012 redimtatur
1616 970 1759 1010 san-

120 1050 286 1119 guine
314 1048 435 1104 Filii
462 1047 663 1114 Dei,in
698 1064 949 1120 regnum
978 1047 1079 1103 Dei
1110 1064 1226 1102 non
1258 1044 1633 1118 permittatur
1661 1043 1757 1098 in-

130 1142 275 1193 trare
292 1158 306 1207 ;
320 1154 425 1209 quo
439 1138 634 1209 utique
648 1136 923 1209 quisquis
936 1154 1051 1192 non
1070 1134 1541 1208 ingredietur(al.
1556 1135 1753 1206 ingre-

127 1226 303 1298 ditur),
331 1226 868 1282 interminsbilibus
881 1226 1035 1298 ignis
1049 1225 1247 1282 aeterni
1263 1225 1449 1297 poenis
1464 1222 1754 1280 cruciabi-

125 1318 258 1374 bitur
277 1318 633 1390 7Quaigitur
654 1317 889 1389 justitia
918 1321 1071 1372 Deus
1092 1317 1297 1388 justus
1319 1316 1404 1388 (α)
1424 1314 1751 1370 infantibus

124 1409 221 1463 sine
245 1412 471 1479 peccato
495 1406 879 1463 nascentibus
900 1406 1113 1478 ingerit
1138 1421 1396 1478 poenam,
1426 1405 1487 1459 in
1534 1404 1750 1477 quibus

121 1515 269 1569 pensa
284 1515 394 1553 non
408 1497 640 1553 invenit
653 1494 1526 1554 causamﬂlmcneestcreatoris
1540 1494 1639 1550 Dei
1656 1496 1750 1550 be-

121 1587 779 1660 nignitas,utimaginem
809 1604 977 1643 suam
992 1590 1166 1657 creet,
1190 1601 1438 1657 eamque
1459 1584 1585 1639 sine
1628 1584 1748 1641 ulla

126 1678 401 1749 iniquitate
414 1676 1141 1745 condemnet,cumnonsit
1153 1677 1654 1749 iniquusDeus,qui
1664 1678 1748 1731 in-

118 1766 303 1837 {ei-Mal.
334 1768 919 1838 inforat)iram(Rom.
944 1784 1027 1835 ιιι,
1054 1767 1110 1839 5)
1138 1766 1167 1821 ‘t
1198 1767 1257 1823 Si
1289 1782 1423 1837 ergo
1446 1765 1655 1821 nolunt
1683 1765 1744 1820 in

1871 597 2044 664 patur
2066 610 2082 663 ;
2107 608 2221 648 non
2245 588 2406 662 quali
2424 604 2600 644 carne
2626 584 2853 659 parvuli
2873 583 3003 641 sine
3025 582 3219 654 aliqua
3240 577 3525 654 peccandi

1866 682 2164 738 voluntate
2186 685 2531 737 nascuntur.
2551 676 2662 733 Ubi
2686 692 2801 732 non
2820 674 3132 731 attendunt
3151 670 3289 744 quia
3312 670 3361 726 si
3384 685 3521 725 caro

1868 772 2248 844 parvulorum
2269 787 2302 825 a
2323 785 2497 825 carne
2521 768 2814 837 majorum
2831 764 3059 820 diversa
3071 759 3357 833 qualitate
3379 757 3522 814 fuis-

1865 868 2092 931 set,non
2109 857 2683 917 nisiinsimilitudine
2696 856 2765 927 (e)
2780 853 2974 911 carnis
2987 850 3524 925 parvulorum(quos

1865 953 2093 1008 nullum
2124 948 2486 1024 originaliter
2511 948 2666 1004 308
2694 948 2900 1001 dicunt
2934 944 3151 999 habere
3181 938 3517 1013 peccatum)

1858 1048 2017 1099 Deus
2030 1043 2101 1097 ad
2112 1038 2571 1109 venisset.Magis
2585 1036 2739 1092 enim
2756 1032 2970 1092 similis
2984 1036 3141 1088 esset
3153 1046 3285 1086 caro
3300 1027 3518 1085 Christi

1858 1132 2013 1189 carni
2030 1118 3519 1203 parvulorum,cumquaveritatemhaberetsubstan-

1859 1221 1956 1278 tiae
1980 1218 2396 1293 qualitatisque
2409 1229 2996 1287 communem,quam
3011 1210 3175 1269 carni
3189 1207 3506 1266 hominum

1857 1312 2170 1382 majorum,
2187 1325 2317 1366 cum
2333 1307 2549 1380 quibus
2565 1306 2650 1361 illi
2662 1302 2996 1361 communis
3007 1298 3301 1358 essetsola
3316 1295 3512 1354 carnis

1855 1404 1995 1455 natu
2004 1417 2209 1468 ra,non
2222 1396 2574 1455 macula.Sed
2588 1395 2698 1452 hoc
2710 1393 2793 1449 illi
2810 1391 3050 1449 forsitan
3062 1388 3363 1455 volunt,ut
3374 1401 3507 1443 caro

1854 1489 2067 1546 Christi
2080 1506 2211 1545 cum
2228 1504 2401 1545 carne
2416 1486 2722 1543 hominum
2743 1483 3025 1554 majorum
3035 1480 3218 1537 solam
3231 1475 3508 1534 habuerit

1856 1583 2076 1635 naturae
2109 1578 2579 1646 similitudinem,
2603 1592 2738 1631 cum
2762 1589 2936 1630 carne
2956 1588 3094 1630 vero
3122 1567 3499 1642 parvulorum

1854 1668 2209 1724 munditiam
2225 1684 2457 1738 quoque
2471 1665 2729 1738 potuerit
2744 1663 2960 1719 habere
2980 1673 3375 1717 communem.
3398 1655 3503 1711 F’a-

1850 1760 2086 1813 teantur
2100 1773 2237 1829 ergo
2258 1754 2534 1827 parvulos
2559 1755 2617 1809 in
2638 1751 3028 1810 similitudine
3039 1748 3235 1805 carnis
3248 1746 3495 1819 peccati,

118 1856 287 1929 ipsius
302 1856 400 1912 Dei
416 1858 840 1913 contumeliam
865 1835 1484 1929 mortiferaimpietate
1505 1855 1743 1924 versari,
1772 1877 1820 1945 Β
1850 1864 2000 1921 quos
2030 1850 2301 1902 asserunt
2322 1844 2485 1900 nasci
2511 1844 2749 1915 quidem
2780 1842 2841 1897 in
2872 1856 3046 1897 carne
3074 1838 3356 1903 humana.
3388 1835 3490 1890 sed

1919 1936 1932 1945 .
1982 1937 1993 1945 .
2080 1936 2116 1945 ..
2345 1934 2378 1945 ..
2516 1939 2525 1945 .
2615 1933 2626 1944 .
2895 1928 2929 1945 ..
2982 1932 2992 1945 .
3051 1927 3108 1945 ,Α
3160 1924 3459 1945 κλμ---

110 1948 382 2005 fateantur
424 1949 689 2006 hominis
738 1950 912 2023 primi
942 1950 1003 2006 in
1036 1966 1238 2007 omnes
1284 1948 1556 2006 homines
1600 1965 1733 2005 cum

106 2044 268 2094 morte
297 2039 587 2096 transisse
621 2044 924 2111 peccatum
959 2041 1058 2110 (b).

152 2132 325 2185 Cum
343 2145 442 2184 xv.
472 2129 732 2185 Absurda
752 2147 871 2201 qua
884 2134 1193 2203 sequuntur
1205 2146 1294 2188 eos
1314 2130 1411 2203 qui
1430 2133 1634 2199 negant
1655 2127 1741 2183 in-

97 2222 251 2286 {astes
272 2220 480 2275 habere
507 2228 814 2291 peccatum.
845 2252 915 2261 —
941 2220 1032 2276 29.
1058 2219 1249 2277 Aliam
1271 2236 1481 2276 rursus
1537 2217 1741 2291 impie-

100 2312 255 2363 tatem
288 2310 517 2364 debent
540 2308 609 2363 in
643 2307 752 2365 hac
784 2326 890 2364 sua
909 2309 1105 2368 videre
1130 2327 1196 2366 ac
1217 2310 1403 2366 vitare
1426 2306 1735 2365 sententia.

96 2395 342 2454 Dicentes
375 2398 545 2453 enim
573 2397 845 2469 parvulos
868 2414 936 2453 ex
955 2399 1137 2456 Adam
1163 2416 1278 2455 non
1300 2398 1531 2454 trahere
1552 2395 1730 2469 origi-

98 2487 212 2543 nale
239 2492 581 2559 peccatum,
606 2492 823 2560 negant
855 2505 954 2544 eos
977 2489 1235 2560 profecto
1258 2488 1472 2544 habere
1494 2504 1729 2543 carnem

94 2578 289 2647 peccati
311 2594 464 2648 quos
477 2586 680 2633 tamen
693 2575 1016 2634 humanam
1034 2595 1269 2634 carnem
1286 2578 1498 2633 habere
1513 2594 1628 2632 non
1643 2592 1739 2632 ne-

91 2667 319 2733 gantEx
334 2684 400 2723 eo
414 2683 553 2723 vero
568 2668 724 2737 quod
740 2684 838 2723 eos
857 2667 941 2723 sic
953 2667 1032 2723 hu
1045 2685 1273 2724 manem
1290 2667 1738 2725 carnemhahere

93 2772 208 2810 non
224 2762 461 2828 negant,
479 2762 547 2812 ut
566 2774 699 2812 eam
717 2773 848 2813 esse
862 2774 1095 2814 carnem
1114 2758 1336 2831 peccati
1352 2760 1585 2829 negent,
1603 2772 1737 2811 con-

91 2860 349 2917 sequens
365 2851 526 2902 estut
542 2847 869 2903 humanam
888 2864 1120 2905 carnem
1134 2853 1347 2919 negent
1359 2862 1593 2903 carnem
1610 2862 1737 2903 esse

86 2935 922 3009 peccati.Fatentur,Apostolo
938 2937 1318 3010 compellente
1338 2936 1573 3009 (c),quia
1586 2937 1739 2992 misit

91 3024 232 3079 Deus
261 3024 466 3081 Filiam
494 3042 661 3082 suum
683 3030 743 3081 in
772 3026 1204 3082 similitudinem
1223 3026 1300 3098 (d)
1323 3028 1511 3082 carnis
1529 3026 1742 3098 peccati

112 3114 255 3178 (Rom.
285 3132 410 3182 vm,
430 3116 506 3188 3).
534 3117 619 3170 Ad
645 3116 757 3173 hoc
774 3116 1115 3189 igituristos
1139 3116 1367 3173 caecitas
1388 3115 1584 3188 impie
1604 3132 1736 3186 pro-

112 3202 646 3315 fessionisimpellit,
662 3211 727 3261 ut
749 3207 886 3278 quia
904 3207 1000 3278 (al.
1019 3206 1141 3278 qui)
1164 3223 1399 3261 carnem
1417 3205 1734 3261 humanam
1771 3247 1814 3315 C

112 3298 298 3363 negant
315 3309 560 3349 carnem
575 3311 704 3349 esse
722 3294 1273 3366 peccati,Christum
1292 3299 1485 3350 autem
1506 3294 1562 3349 in
1582 3293 1743 3351 simi-

114 3381 399 3440 litudinem
432 3386 631 3442 carnis
662 3387 882 3458 peccati
902 3386 1134 3442 venisse
1156 3404 1272 3442 non
1298 3390 1533 3458 negant,
1558 3386 1747 3455 ipsam

113 3470 301 3529 Christi
325 3491 567 3530 carnem
592 3492 709 3530 non
732 3476 1052 3532 humanam
1079 3493 1229 3547 esse,
1253 3476 1354 3532 sed
1377 3475 1617 3532 alterius
1645 3493 1751 3531 na-

111 3567 231 3617 ture
254 3564 548 3636 sacrilega
575 3564 918 3622 infidelitate
940 3565 1292 3637 conﬁngant.
1315 3565 1415 3622 Isti
1439 3565 1595 3621 enim
1621 3582 1752 3621 caro

112 3667 221 3709 nem
242 3653 303 3708 in
325 3671 448 3725 qua
467 3654 702 3726 parvuli
716 3660 1045 3712 nascuntur
1060 3655 1383 3711 humanam
1402 3655 1605 3711 dicunt
1626 3672 1754 3712 esse

111 3758 358 3813 carnem,
411 3761 593 3816 quam
624 3748 826 3802 tamen
861 3761 989 3801 esse
1020 3762 1255 3802 carnem
1289 3745 1510 3817 peccati
1543 3761 1755 3817 negare

107 3834 502 3904 contendunt;
527 3835 829 3892 Christum
852 3845 1045 3893 autem
1070 3837 1128 3892 in
1154 3836 1540 3893 similitudine
1561 3835 1754 3894 carnis

104 3924 315 3989 peccati
348 3926 587 3981 venisse
619 3926 747 3997 pari
770 3926 1079 3982 nobiscum
1113 3927 1473 3999 professione
1505 3942 1754 3982 consen-

101 4011 272 4067 tiunt.
307 4017 419 4071 Aut
438 4016 625 4088 igitur
649 4032 882 4072 carnem
906 4016 1117 4072 Christi
1144 4018 1466 4072 humanam
1488 4033 1617 4073 esse
1640 4034 1755 4072 non

96 4101 312 4175 dicant,
338 4110 447 4161 aut
469 4106 740 4162 omnium
763 4107 1073 4164 hominum
1101 4124 1361 4175 carnem,
1394 4107 1454 4163 in
1480 4108 1650 4178 cujus
1676 4106 1758 4164 si-

93 4192 497 4252 militudinem
511 4195 665 4252 Deus
680 4197 894 4253 Filium
910 4215 1073 4253 suum
1084 4196 1759 4269 misit,carnem,peccati

88 4296 222 4337 esse
245 4286 629 4343 consentiant
657 4286 757 4359 (al.
783 4290 1233 4358 consenserint).
1262 4289 1425 4353 Quod
1450 4304 1584 4344 cum
1608 4289 1756 4343 fece-

83 4371 244 4435 rint,
266 4374 472 4430 nullus
495 4376 824 4431 remanebit
844 4375 1010 4433 labor
1028 4394 1143 4450 quo
1166 4377 1250 4433 eis
1271 4381 1574 4449 peccatum
1599 4375 1760 4431 carni

81 4461 486 4529 parvulorum
502 4466 697 4523 inesse
718 4471 1106 4524 monstretur.
1122 4467 1183 4523 Si
1203 4467 1359 4523 enim
1385 4482 1516 4524 caro
1540 4466 1757 4539 peccati

78 4566 209 4605 non
248 4554 613 4613 mendaciter
642 4555 883 4625 dicitur,
916 4557 1090 4613 habet
1119 4556 1180 4612 in
1212 4574 1274 4613 se
1304 4573 1437 4613 caro
1469 4557 1599 4629 ipsa
1620 4572 1758 4628 pec-

84 4643 317 4699 catum.
354 4644 423 4699 Si
451 4660 585 4702 vero
618 4650 924 4719 peccatum
950 4664 1069 4703 non
1099 4646 1294 4715 habet,
1329 4646 1543 4703 falsum
1566 4650 1759 4719 portat

93 4730 289 4788 carnis
306 4735 541 4806 peccati
555 4734 930 4793 vocabulum.
952 4736 1211 4793 Sedeam
1229 4737 1300 4793 de
1322 4754 1439 4809 qua
1454 4736 1760 4808 loquimur

92 4830 337 4877 carnem
398 4825 625 4895 peccati
655 4841 833 4881 verax
880 4825 1209 4897 discipulus
1240 4826 1512 4882 Veritatis
1542 4826 1759 4882 Paulus

94 4908 386 4977 appellat.
411 4911 616 4968 Restat
636 4914 813 4985 igitur
826 4913 1060 4971 utsicut
1073 4931 1202 4971 vere
1224 4931 1357 4971 caro
1373 4919 1463 4971 est
1476 4932 1609 4971 cum
1624 4931 1759 4971 caro

92 5000 325 5062 peccati
354 5018 457 5058 ore
487 5004 809 5074 apostolico
848 5012 1243 5076 nuncupatur.

162 5086 255 5143 3U.
291 5089 415 5146 Sed
448 5090 695 5148 forsitan
724 5092 918 5150 dicent
949 5093 1010 5148 in
1042 5093 1202 5149 illius
1225 5093 1418 5150 carnis
1443 5094 1657 5163 peccati
1680 5094 1759 5150 si-

94 5173 444 5237 militudine
477 5182 728 5239 missum
758 5182 970 5239 Filium
994 5183 1119 5254 Dei,
1152 5182 1386 5256 qualem
1410 5183 1628 5240 habent
1657 5184 1761 5240 ho-

96 5262 292 5326 mines
328 5272 435 5343 qui
478 5272 717 5345 propria
745 5271 1045 5330 voluntate
1075 5274 1455 5345 peccarejam
1489 5278 1761 5346 possunt,

161 5428 249 5507 (ᾳ)
293 5433 486 5491 Abest
505 5436 694 5507 justus
718 5452 751 5492 a
774 5452 885 5493 me.

164 5498 242 5590 ib)
279 5508 395 5590 με.
430 5498 522 5562 sic
542 5509 717 5590 habet
737 5528 758 5590 ;_
777 5513 837 5563 at
859 5507 1021 5574 editi,
1043 5510 1327 5590 fateantur
1344 5509 1619 5590 hominem
1644 5508 1765 5581 pri-

103 5578 355 5703 m‘r‘nmin
385 5594 574 5635 omnes
604 5582 855 5636 homines
874 5596 997 5636 cum
1021 5578 1200 5636 morte
1219 5579 1621 5637 transmississe
1635 5578 1765 5653 pec-

159 5718 233 5792 (c)
266 5720 461 5795 Editi,
491 5722 810 5796 Apostolum
838 5724 1267 5797 compellenlem.

1849 1936 2153 2009 originalis
2169 1934 2383 2008 peccati
2397 1933 2668 2005 contagio
2684 1948 2798 1986 non
2814 1928 3035 2002 polluta
3049 1927 3133 1998 (Ι).
3158 1924 3382 1990 Quibus
3395 1938 3489 1978 os-

1844 2026 2205 2083 tendendum
2220 2028 2310 2081 est
2322 2027 2542 2096 quanta
2553 2038 2653 2077 eos
2668 2019 2843 2077 etiam
2856 2018 2953 2073 hic
2985 2012 3489 2087 sequaturahsur-

1846 2117 2022 2173 ditas.
2046 2114 2339 2187 Negantes
2363 2113 2520 2169 enim
2545 2112 2604 2168 in
2629 2108 2887 2184 parvulis
2910 2104 3293 2164 nascentibus
3310 2099 3488 2172 origi-

1846 2205 1976 2262 nale
1990 2209 2226 2279 peccatu
2238 2203 2643 2274 m,humanam
2659 2216 2757 2257 eos
2773 2213 3009 2255 carnem
3026 2194 3243 2251 habere
3257 2206 3371 2247 non
3384 2204 3490 2246 ne-

1844 2300 2007 2370 gant,
2028 2295 2240 2351 Filium
2260 2299 2454 2349 autem
2483 2291 2579 2349 Dei
2597 2306 2827 2347 carnem
2846 2288 3171 2343 humanam
3185 2283 3257 2338 de
3270 2280 3493 2353 virgine

1844 2368 1971 2443 sine
1985 2389 2217 2459 peccato
2232 2382 2528 2455 accepisse
2545 2380 2874 2439 concedunt
2896 2394 2910 2434 :
2927 2387 3295 2446 consequens
3312 2368 3495 2442 igitur

1844 2482 1934 2533 est
1947 2458 2011 2531 ut
2024 2475 2175 2531 inter
2187 2489 2423 2530 carnem
2440 2471 2737 2528 nascentis
2750 2486 2820 2526 ex
2838 2466 3060 2539 virgine
3078 2459 3375 2535 Unigeniti
3392 2458 3494 2516 Dei

1844 2571 1903 2622 et
1919 2565 2235 2637 cujuslibet
2256 2562 2499 2619 alterius
2519 2559 2745 2633 parvuli
2762 2557 2911 2614 nihil
2932 2555 3152 2612 distare
3180 2552 3492 2608 fateantur.

1844 2655 2008 2712 Unde
2024 2653 2336 2711 conficitur
2358 2657 2423 2707 ut
2439 2667 2644 2707 omnes
2666 2646 2961 2721 parvulos,
2985 2660 3132 2717 quos
3156 2640 3317 2698 nasci
3341 2655 3499 2696 asse-

1844 2763 1909 2801 ru
1920 2744 2120 2800 ntsine
2134 2740 2725 2816 peccato,dicantnon
2739 2754 2908 2811 egere
2920 2732 3241 2795 Salvatoris
3256 2730 3497 2793 auxilio;

1843 2839 2019 2907 atque
2040 2833 2122 2889 ita
2145 2833 2421 2905 laqueum
2445 2828 2744 2901 Pelagiani
2767 2826 2980 2885 erroris
2997 2824 3330 2891 incurrunt,
3353 2820 3495 2876 dum

1846 2923 1983 2979 fidei
2005 2920 2633 2979 catholiczeinﬁdeliter
2650 2916 3082 2976 contradicunt.
3107 2914 3169 2970 Si
3190 2912 3348 2969 enim
3374 2908 3497 2965 sine

1846 3018 2080 3086 peccato
2112 3012 2366 3068 infantes
2389 3010 2550 3067 nasci
2571 3011 2867 3076 asserunt,
2897 3004 3039 3079 quid
3066 3006 3269 3067 restat,
3300 2998 3500 3054 nisiut

1846 3105 2045 3160 dicant
2059 3102 2208 3158 nihil
2230 3118 2358 3157 esse
2378 3101 2439 3155 in
2467 3100 2552 3156 eis
2573 3099 2728 3172 quod
2750 3097 2958 3153 debeat
2981 3089 3234 3164 spiritali
3257 3101 3500 3159 regene-

1849 3194 2073 3250 ratione
2103 3190 2380 3247 mundari
2401 3189 2428 3244 ?
2452 3194 2519 3244 Et
2549 3188 2597 3245 si
2617 3187 2923 3244 removent
2952 3179 3177 3254 peccati
3197 3173 3499 3249 originalis

1855 3284 2148 3340 maculam
2164 3300 2197 3337 a
2213 3280 2596 3337 nascentibus
2610 3273 3039 3350 parvulis,quid
3056 3270 3213 3327 aliud
3232 3268 3502 3325 nituntur

1857 3373 1969 3429 nisi
1994 3372 2203 3427 divina
2225 3369 2453 3425 veritati
2476 3381 2822 3425 succensere
2843 3360 3241 3427 mendacium,
3264 3356 3500 3430 quando

1855 3479 1956 3519 eos
1985 3462 2047 3516 iu
2078 3457 2484 3515 remissionem
2517 3458 2889 3529 peccatorum
2909 3452 3110 3509 vident
3126 3446 3505 3521 baptismatis

1858 3549 2118 3622 accipere
2148 3551 2587 3604 sacramentum
2612 3545 2640 3601 ?
2676 3544 2829 3616 quod
2860 3541 2991 3598 ideo
3021 3535 3506 3597 uniformiterin-

1858 3639 2122 3696 fantibus
2145 3635 2587 3710 majoribusque
2610 3633 2931 3700 confertur,
2954 3635 3020 3688 ut
3039 3628 3316 3688 omnibus
3341 3624 3509 3697 origi-

1860 3730 2014 3787 nalis
2047 3729 2243 3785 inesse
2274 3726 2496 3799 peccati
2531 3724 2761 3781 macula
2792 3723 3178 3795 cognoscatur
3199 3718 3228 3774 ‘I

1930 3821 2020 3875 31.
2052 3816 2332 3889 Quisquis
2353 3815 2535 3889 igitur
2564 3815 2817 3873 salutem
2839 3828 3036 3870 veram
3063 3809 3510 3879 sempiternam-

1863 3926 1977 3982 que
2007 3908 2302 3965 desiderat
2331 3905 2599 3979 adipisci,
2625 3922 2865 3963 sensum
2890 3902 3173 3959 haereticos
3205 3897 3511 3972 pravitatis

1863 3998 2167 4070 abjiciens,
2202 4013 2349 4069 quos
2368 4013 2502 4053 cum
2536 4012 2707 4068 poena
2738 3993 2956 4067 peccati
2980 3996 3149 4048 natos
3180 3990 3354 4055 videt,
3375 4003 3512 4044 cum

1863 4094 2100 4163 peccato
2135 4103 2367 4160 quoque
2386 4092 2558 4142 natos
2589 4102 2718 4141 esse
2740 4102 2856 4141 non
2892 4083 3160 4138 dubitet:
3198 4077 3514 4148 audiatque

1864 4179 2104 4235 beatum
2128 4177 2157 4233 J
2165 4178 2237 4233 ob
2271 4177 2572 4233 dicentum
2598 4192 2612 4229 :
2638 4173 2780 4243 Quia
2800 4189 2911 4227 non
2941 4181 3024 4227 est
3039 4170 3285 4226 mundus
3305 4185 3339 4222 a
3361 4165 3518 4222 sorde

1862 4285 1965 4324 nec
1989 4270 2176 4341 infans
2205 4267 2362 4339 cujus
2386 4269 2555 4321 unius
2583 4264 2696 4319 diei
2723 4265 2836 4318 vita
2865 4269 2942 4317 est
2968 4275 3133 4330 super
3166 4263 3371 4312 terram
3399 4253 3515 4323 (Job

1862 4376 1981 4425 xxv,
2021 4358 2076 4428 4,
2101 4358 2266 4429 juxta
2296 4356 2462 4427 LXX).
2516 4351 2674 4409 Beati
2706 4365 2942 4423 quoque
2995 4344 3171 4402 David
3206 4343 3402 4398 luctus
3434 4340 3515 4412 pii

1867 4449 2058 4505 cordis
2088 4444 2419 4503 humilitate
2450 4440 2799 4506 consideret,
2829 4435 3083 4492 dicentis
3110 4448 3125 4490 :
3148 4434 3288 4487 Ecce
3308 4429 3370 4485 in
3400 4429 3515 4485 ini-

1867 4538 2167 4611 quitatibus
2194 4536 2481 4602 conceptus
2500 4547 2645 4598 sum,
2663 4530 2795 4586 etin
2818 4525 3035 4582 delictis
3061 4519 3273 4611 peperit
3291 4536 3381 4611 me
3396 4534 3515 4611 ma-

1790 4612 1837 4678 D
1870 4607 1949 4683 ter
1970 4640 2088 4681 mea
2118 4620 2286 4693 (Psal.
2314 4640 2363 4689 L,
2406 4622 2483 4694 7).
2510 4621 2724 4676 Sancto
2755 4631 2990 4689 quoque
3031 4610 3278 4670 Abraha
3322 4607 3518 4666 videat

1867 4711 2335 4773 circumcisionis
2350 4712 2784 4769 sacramentum
2800 4722 2916 4763 non
2935 4704 3060 4762 sine
3074 4702 3380 4760 tremenda
3392 4715 3519 4775 par-

1865 4804 1987 4862 vuli
2003 4802 2455 4860 comminatione
2468 4795 2923 4856 mandatum.lbi
2938 4795 3151 4869 quippe
3162 4793 3317 4850 Deus
3329 4788 3517 4847 fidelis

1869 4898 1925 4951 et
1942 4894 2168 4965 justus,
2190 4892 2288 4965 qui
2313 4909 2429 4949 non
2462 4892 2639 4947 infert
2665 4890 2813 4946 iram
2837 4886 2937 4943 ubi
2960 4884 3194 4957 culpam
3216 4899 3330 4939 non
3352 4881 3518 4937 inve-

1870 4983 1983 5055 nit,
2015 4983 2167 5055 patri
2199 4987 2399 5039 nostro
2419 4979 2667 5036 Abrahae
2699 4979 2781 5036 sic
2800 4971 3394 5048 loquiturzblasculus
3422 4966 3520 5055 qui

1869 5090 1982 5130 non
2012 5073 2190 5146 fuerit
2220 5073 2576 5129 circumcisus
2623 5085 2791 5127 carne
2826 5065 2927 5137 (al.
2960 5062 3207 5131 carnem)
3250 5052 3520 5131 praeputii

1870 5164 1959 5219 sui
1989 5142 2174 5219 octavo
2203 5162 2312 5233 die,
2345 5159 2821 5219 exterminabitur
2852 5158 3043 5211 anima
3082 5151 3184 5206 illa
3212 5146 3279 5204 de
3325 5142 3519 5233 populo

1869 5268 1970 5309 suo
1993 5271 2007 5323 ;
2035 5255 2167 5326 quia
2202 5232 2595 5309 Testamentum
2616 5263 2797 5305 meum
2818 5249 3194 5313 transgressus
3213 5238 3290 5291 est
3307 5232 3518 5306 (Genes.

1868 5358 2010 5411 xvu,
2046 5324 2161 5415 ⁷14).
2195 5342 2475 5414 Quisquis
2506 5340 2704 5409 itaque
2735 5340 2910 5404 negat
2939 5332 3000 5386 in
3031 5324 3292 5402 parvulis
3314 5335 3521 5380 secun-

2049 5504 2139 5560 Sic
2172 5521 2286 5559 ms.
2313 5520 2328 5572 ;
2357 5504 2418 5558 in
2452 5500 2628 5572 editis
2654 5502 2873 5563 autem,
2903 5495 2960 5552 in
2993 5488 3398 5550 similitudine.

2049 5507 2139 5560 Sic
2172 5521 2286 5559 ms.
2313 5520 2328 5572 ;
2357 5507 2418 5558 in
2452 5507 2628 5557 editis
2654 5507 2754 5554 aut

1970 5507 2022 5648 (ei;
2056 5576 2190 5647 Ms.,
2216 5577 2279 5631 in
2306 5571 2758 5648 similitudinem.

1967 5637 2016 5719 Ῑ)’
2036 5648 2128 5703 Sic
2153 5637 2290 5715 me,
2324 5651 2383 5703 at
2410 5643 2571 5713 editi,
2600 5642 2694 5701 sed
2744 5637 3038 5712 originalis
3064 5638 3279 5715 peccati
3323 5640 3528 5708 negant

1876 5722 2203 5792 contagione
2226 5720 2485 5794 pollutos.

1948 5506 1965 5720 ἓ
