3900 6214
363 282 480 346 ιιι
1361 286 1428 346 S.
1474 281 1896 348 FULGENTII
1939 278 2294 342 EPISGOPI
2339 275 2771 340 BUSPENSIS
3681 270 3790 331 £12

366 415 508 470 dum
523 429 758 472 carnem
773 414 1453 486 nascentibusoriginale
1468 413 2018 488 peccatum,dicatin
2051 417 2103 484 Α
2133 413 2322 471 ranlia
2350 411 2570 486 peccati
2603 408 2908 475 minuitur,
2947 408 3179 463 tantum
3221 405 3423 462 reatus
3451 405 3798 476 peccatoris

370 520 488 576 quo
519 505 710 577 potuit
739 507 936 562 infans
981 510 1108 562 octo
1157 507 1388 564 dierum
1422 507 1870 563 Testamentum
1919 503 2021 560 Dei
2127 507 2396 576 augetur.
2435 503 2568 558 Ideo
2598 499 2912 572 Apostolus
2944 498 3059 553 ait:
3096 497 3209 552 Lex
3229 495 3382 550 enim
3402 495 3566 550 iram
3590 509 3796 565 opera~

367 594 1092 666 transgredi,sinoninillo
1105 600 1512 670 transgressus
1525 597 1685 652 estin
1699 612 1811 669 quo
1825 611 2021 651 omnes
2127 602 2220 650 tur
2248 613 2262 661 ς
2295 592 2391 648 ubi
2418 592 2568 647 enim
2592 605 2704 645 non
2729 591 2805 646 est
2838 589 3051 654 lex,nec
3071 581 3462 658 pravaricatio
3483 584 3685 652 (Rom.
3722 601 3797 651 ιγ,

370 685 804 755 peccaverunt?
824 685 968 742 Cum
990 691 1046 742 et
1061 692 1376 758 antequam
1397 691 1779 744 nascerentur
1795 688 2025 742 asserat

372 773 682 845 Apostolus
696 774 774 846 (a)
787 774 1038 832 infantes
1052 775 1199 832 nihil
1212 776 1405 850 egisse
1416 775 1555 833 boni
1568 775 1657 833 vel
1671 775 1826 832 mala
1839 776 2022 846 (Rom.

375 877 452 929 ιιι,
479 861 568 935 11)
595 880 609 934 ;
640 867 698 920 et
717 863 1023 922 videamus
1041 867 1166 936 jam
1191 871 1383 934 natos,
1406 883 1524 922 non
1545 865 1738 922 solum
1761 864 1916 920 intra
1937 881 2026 919 oc-

377 953 576 1006 tavum
608 953 764 1008 diem
798 954 1121 1012 nativitatis
1152 973 1270 1012 suae
1297 957 1432 1027 (quo
1463 961 1604 1012 tunc
1629 960 1891 1026 tempore
1913 953 2029 1009 cir-

382 1041 1013 1113 cumcidijubebantur
1032 1045 1330 1116 infantes),
1351 1047 1450 1100 sed
1477 1045 1654 1102 etiam
1679 1050 1812 1116 post
1834 1044 2028 1116 ipsum

385 1129 538 1186 diem
561 1135 682 1187 toto
700 1131 960 1188 infantis:
990 1151 1107 1190 suae
1126 1138 1386 1205 tempore
1408 1134 1467 1189 in
1487 1139 1715 1190 tantum
1731 1149 1844 1188 non
1861 1148 2033 1204 posse

388 1220 830 1278 Testamentum
880 1223 980 1280 Dei
1011 1225 1370 1296 transgredi,
1420 1229 1484 1278 ut
1513 1224 1598 1280 eis
1630 1240 1736 1279 nec
1764 1223 2033 1295 ejusdem

389 1311 748 1368 Testamenti
779 1313 1035 1386 cognitio
1064 1313 1256 1370 valeat
1286 1315 1568 1370 intimari.

462 1405 618 1460 804
647 1407 735 1461 32.
767 1407 854 1460 An
885 1405 986 1462 illo
1016 1407 1334 1479 quisquam
1382 1405 1539 1462 beati
1570 1403 1736 1460 Pauli
1767 1419 2037 1460 sermone

391 1492 450 1547 in
475 1493 733 1564 parvulis
755 1510 1035 1552 evacuare
1057 1494 1560 1567 nitituroriginale
1573 1497 1901 1566 peccatum,
1921 1509 2037 1564 quo

391 1580 536 1636 dicit
565 1599 842 1656 regnasse
873 1591 1121 1642 mortem
1173 1586 1247 1642 ab
1276 1585 1452 1642 Adam
1491 1600 1664 1656 usque
1691 1583 1760 1639 ad
1800 1582 2037 1653 Moysen,

395 1673 571 1728 etiam
619 1673 679 1728 in
706 1689 794 1730 eos
817 1675 916 1746 qui
948 1691 1060 1731 non
1107 1679 1465 1746 peccaverunt
1519 1676 1582 1729 in
1614 1673 2043 1729 similitudinem

288 1834 292 1838 _
397 1762 878 1832 prevaricationis
903 1766 1042 1820 Adae
1064 1765 1236 1836 (Rom.
1261 1782 1318 1835 ν,
1346 1763 1676 1836 11:)?Cuisi
1704 1763 1876 1819 fuerit
1895 1761 2042 1817 illud

401 1852 727 1908 econtrario
759 1853 1128 1925 replicatum,
1179 1855 1335 1926 quod
1386 1854 1540 1908 idem
1573 1851 1890 1925 Apostolus
1919 1851 2002 1906 ait
2033 1867 2046 1905 :

398 1941 506 1997 Per
519 1944 689 1998 unius
709 1943 971 2000 delictum
995 1944 1057 1999 in
1079 1960 1264 2000 omnes
1283 1945 1535 2000 homines
1558 1945 1616 1998 in
1642 1941 2052 1999 condemnatio-

2132 685 2237 753 t3).
2272 682 2429 737 Idem
2463 696 2700 752 quoque
2730 677 2904 734 dicit:
2939 678 3083 746 Quia
3112 675 3202 732 lea:
3218 677 3439 746 prapter
3465 674 3801 742 transgres-

2131 771 2340 828 sionem
2368 773 2551 843 posita
2579 777 2659 826 est
2689 767 2892 842 (Galat.
2924 783 3010 837 ιιι,
3045 765 3132 838 19)
3151 783 3176 830 ,ο
3225 768 3301 833 et,
3339 763 3479 831 Quia
3519 761 3802 819 conclusit

2135 861 2426 932 Scriptura
2451 861 2649 916 omnia
2687 857 2790 914 sub
2815 860 3067 929 peccato,
3109 858 3171 910 ut
3203 852 3538 926 justiﬂcatio
3593 868 3671 908 ex
3703 851 3802 920 ﬁde

2133 954 2261 1010 Jesu
2283 950 2490 1006 Christi
2510 949 2736 1005 daretur
2763 945 3109 1003 credentibus
3129 943 3315 1012 (Ibid,
3337 944 3452 1010 22).
3481 941 3796 1008 Quomodo

2134 1041 2317 1114 igitur
2347 1041 2418 1095 de
2441 1037 2827 1112 possibilitate
2850 1037 2924 1108 (ά)
2946 1032 3312 1092 soliusliberi
3335 1031 3577 1088 arbitrii
3597 1030 3676 1102 (si
3697 1046 3805 1086 non

2139 1128 2528 1202 praeveniatur
2541 1129 2610 1184 ad
2611 1127 2833 1200 jutorio
2856 1123 3060 1198 gratias
3077 1123 3198 1192 Dei,
3217 1139 3320 1195 per
3334 1137 3518 1192 quam
3537 1121 3702 1177 bona
3712 1137 3802 1175 vo-

2137 1219 2336 1275 luntas
2356 1221 2660 1290 reparatur
2681 1220 2739 1272 et
2761 1213 3096 1272 servaturin
3115 1211 3373 1281 homine)
3400 1214 3632 1267 natura
3653 1212 3806 1265 tanto

2143 1309 2332 1380 magis
2359 1307 2634 1379 superba,
2659 1309 2882 1377 quanto
2911 1301 3095 1374 magis
3117 1300 3378 1357 dominio
3405 1298 3643 1372 peccati
3669 1315 3808 1353 mor-

2141 1402 2304 1472 tique
2323 1398 2608 1470 subjecta,
2623 1393 3210 1469 quantulumcunque
3224 1391 3337 1448 sibi
3351 1389 3808 1448 bonaevolunta-

2144 1490 2220 1546 tis
2241 1493 2301 1545 et
2319 1488 2514 1560 operis
2534 1487 2836 1544 exordium
2856 1482 3234 1556 repromittit,
3253 1498 3379 1555 quae
3401 1497 3512 1538 nec
3548 1496 3697 1536 sana
3716 1493 3806 1549 po-

2145 1578 2260 1636 tuit
2287 1576 2388 1632 Dei
2419 1591 2651 1632 servare
2680 1575 3055 1638 mandatum,
3087 1588 3192 1628 nec
3209 1569 3523 1626 vulnerata
3554 1572 3807 1640 quantu-

2148 1668 2514 1737 lumcunque
2545 1662 2868 1720 curationis
2900 1661 3158 1734 sumpsit
3187 1660 3258 1716 de
3286 1659 3415 1731 lege
3446 1657 3805 1722 remedium,

2157 1757 2259 1814 sed
2274 1758 2516 1829 insuper
2528 1751 2968 1811 auxitmandati
2987 1750 3322 1824 cognitione
3339 1755 3586 1822 peccatu
3599 1765 3652 1804 m
3666 1747 3694 1802 ?
3708 1752 3810 1804 Lex

2155 1848 2310 1904 enim
2325 1847 2688 1915 subintravit,
2720 1855 2781 1901 ut
2801 1844 3116 1901 abundaret
3131 1841 3607 1915 peccatum,(Rom.
3634 1855 3690 1908 v,
3701 1836 3811 1904 20),

2159 1937 2230 1993 de
2261 1954 2376 2008 quo
2425 1937 2661 1994 liberari
2693 1951 2868 1990 nemo
2903 1936 3118 2006 potest,
3151 1931 3266 1987 nisi
3298 1946 3393 2002 per
3419 1931 3662 1999 Agnum
3692 1925 3804 1993 Dei,

403 2047 530 2088 nem
551 2033 740 2102 (Ibid.,
774 2034 864 2106 18)
886 2050 908 2096 ;
931 2035 1088 2106 quod
1121 2033 1297 2106 paulo
1330 2038 1463 2105 post
1480 2050 1777 2104 exponens
1799 2035 1880 2088 ait
1907 2049 1921 2087 :
1949 2033 2056 2086 Per
2161 2025 2426 2098 quitollit
2448 2029 2686 2098 peccata
2701 2023 2928 2078 mundi.
2954 2027 3030 2078 De
3053 2035 3292 2093 corpore
3308 2017 3448 2074 8θῦ
3467 2015 3630 2071 enim
3657 2029 3813 2106 mor—

399 2117 832 2176 inobedientiam
847 2102 1018 2174 unius
1036 2102 1278 2175 hominis
1300 2102 1608 2190 peccatores
1624 2115 1911 2174 constituti
1929 2120 2059 2171 sunt
2160 2117 2236 2171 tis
2251 2115 2430 2188 hujus
2446 2132 2560 2171 non
2574 2113 2825 2169 liberum
2845 2112 3103 2168 hominis
3122 2102 3811 2178 arbitrium,nequelegis

399 2207 570 2261 multi
595 2207 777 2277 (lbid.,
803 2210 890 2278 19)
915 2225 928 2274 ;
962 2213 1174 2263 etcum
1207 2208 1279 2262 de
1299 2207 1521 2262 Judaeis
1544 2210 1724 2277 atque
1749 2205 1964 2261 Graecis
1981 2205 2060 2262 lo-

404 2299 702 2363 queretur,
734 2295 1087 2366 generaliter
1117 2295 1321 2350 intulit
1347 2312 1361 2350 :
1396 2295 1600 2350 Omnes
1621 2296 1774 2350 enim
1795 2310 2061 2367 peccave-

398 2385 539 2436 runt
571 2386 624 2436 et
651 2386 810 2453 egent
833 2383 1011 2454 gloria
1049 2383 1147 2438 Dei
1166 2384 1465 2454 justiﬁcati
1491 2385 1668 2455 gratis
1697 2400 1796 2455 per
1821 2383 2064 2456 gratiam

395 2469 594 2541 ipsius,
644 2486 745 2542 per
785 2470 1225 2542 redemptionem
1283 2487 1408 2544 quae
1455 2476 1534 2530 est
1584 2474 1646 2529 in
1692 2473 1914 2530 Christo
1941 2475 2064 2530 Iesu

398 2559 574 2629 (Rom.
611 2576 698 2631 ιιι,
730 2561 820 2632 23)
853 2560 964 2633 (b):
998 2577 1192 2617 nonne
1225 2561 1380 2618 illico
1422 2563 1484 2618 in
1519 2579 1767 2636 magnas
1801 2564 2066 2620 trudetur

403 2649 738 2720 angustias,
767 2649 816 2705 si
846 2666 961 2705 non
987 2654 1306 2723 utrumque
1324 2669 1565 2708 sensum
1591 2655 1919 2710 secundum
1937 2639 2068 2726 prot

403 2736 721 2796 fessionem
744 2738 1048 2796 catholicae
1061 2741 1428 2798 credulitatis
1446 2744 1754 2815 acceperit;
1773 2748 1835 2800 ut
1847 2742 2066 2800 scilice-

407 2826 665 2886 infantes
681 2828 932 2901 propriis
945 2829 1181 2902 quidem
1195 2831 1473 2903 operibus
1490 2832 1638 2887 nihil
1653 2831 1972 2904 deliquisse
1985 2831 2070 2886 di'

407 2922 522 2987 cat,
554 2919 616 2974 in
645 2919 746 2976 illo
771 2924 968 2976 autem
999 2920 1188 2993 primo
1209 2920 1448 2979 homine
1468 2937 1672 2978 omnes
1684 2921 1956 2979 homines
1967 2937 2070 2995 ge-

419 3011 699 3068 neraliter
726 3027 999 3084 peccasse
1028 3017 1342 3085 cognoscat
1361 3012 1388 3066 τ

2165 2204 3058 2276 sanctum,justum,bonumque
3071 2199 3439 2265 mandatum;
3453 2195 3560 2252 sed
3579 2193 3702 2250 sola
3713 2209 3814 2248 nos

2163 2296 2574 2368 liberatgratia
2589 2293 2684 2350 Dei
2699 2311 2801 2366 per
2819 2294 2850 2349 J
2859 2309 3024 2348 esum
3047 2291 3350 2347 Christum
3373 2285 3693 2344 Dominum
3714 2299 3811 2339 no-

2168 2391 2377 2441 atrum.
2397 2386 2512 2441 Lex
2531 2385 2682 2441 enim
2701 2382 2932 2456 spiritus
2948 2381 3077 2438 vitae
3105 2383 3163 2437 in
3189 2379 3554 2436 ChristoJesu
3569 2373 3812 2430 liberavit

2168 2492 2278 2533 non
2309 2493 2342 2532 a
2374 2476 2493 2546 lege
2514 2477 2726 2548 peccati
2755 2481 2809 2530 et
2834 2474 3029 2529 mortis
3059 2473 3234 2542 (Rom.
3263 2487 3390 2542 νιιι,
3421 2469 3506 2530 3).

2240 2565 2374 2623 CAP.
2405 2582 2543 2621 xvu.
2569 2565 2813 2620 Christus
2828 2562 3101 2620 hominem
3122 2560 3343 2628 liberat,
3362 2574 3484 2614 non
3503 2551 3806 2614 inveniendo

2170 2656 2356 2727 ﬁdem,
2379 2655 2471 2711 sed
2490 2653 2784 2710 dando.-—
2810 2653 2899 2708 34.
2921 2649 3208 2708 Liberavit
3234 2654 3433 2704 autem
3455 2664 3582 2705 non
3603 2646 3660 2702 in
3682 2658 3802 2716 quo-

2169 2745 2314 2802 libet
2343 2744 2580 2802 homine
2613 2743 2787 2799 ﬁdem
2831 2740 3199 2810 inveniendo,
3244 2739 3346 2795 sed
3397 2738 3621 2795 dando.
3669 2734 3802 2790 Deus

2172 2833 2328 2891 enim
2352 2833 2452 2906 qui
2478 2833 2728 2905 impium
2748 2831 3058 2904 justiﬁcat,
3076 2830 3204 2902 ipse
3225 2827 3452 2884 inﬁdeli
3475 2828 3672 2895 ﬁdem,
3694 2837 3802 2894 quae

2173 2941 2277 2998 per
2300 2923 2601 2980 caritatem
2631 2927 2929 2995 operatur,
2961 2919 3150 2993 gratia
3178 2935 3297 2976 sua:
3315 2918 3491 2974 bonas
3513 2911 3802 2974 voluntatis

2175 3013 2444 3086 inspirat.
2465 3012 2629 3068 Unde
2647 3012 2808 3084 quod
2829 3011 2901 3067 ad
2921 3011 3067 3066 bene
3089 3007 3386 3081 cogitandi
3417 3007 3626 3064 attinet
3643 3003 3805 3058 facul-

480 3104 692 3158 CAPUT.
726 3103 906 3159 xv1.A
934 3107 1155 3174 peccato
1175 3101 1414 3174 originis
1431 3118 1544 3159 non
1565 3103 1770 3161 liberat
1789 3103 1905 3159 nisi
1926 3104 2062 3173 ﬁdes
2099 3162 2135 3174 ,-
2174 3109 2382 3171 tatem,
2412 3106 2666 3158 testatur
2713 3099 3032 3172 Apostolus
3065 3098 3288 3168 dicens,
3323 3097 3472 3168 quia
3498 3111 3607 3152 non
3635 3103 3804 3151 sumus

408 3190 834 3262 Redemptioris.
864 3162 1078 3248 Ntitura
1096 3207 1245 3250 caeca
1263 3162 1383 3249 line
1412 3193 1528 3262 lege
1547 3201 1748 3262 peccat.
1767 3223 1834 3234 —-
1853 3162 1942 3248 33'.
1970 3193 2056 3247 Ab
2093 3162 2136 3230 θ

404 3279 516 3336 hoc
540 3285 772 3350 peccato
793 3282 946 3352 quod
969 3281 1332 3354 originaliter
1371 3280 1624 3338 carnalis
1649 3282 1925 3339 nativitas
1948 3286 2061 3337 tra-

405 3368 498 3425 hit
529 3371 825 3426 neminem
871 3370 1119 3428 facultas
1176 3371 1486 3439 naturalis,
1539 3373 1836 3429 neminem
1869 3370 2062 3426 littera

408 3464 625 3516 sanctis
655 3459 826 3534 legis,
859 3462 958 3517 sed
992 3461 1118 3518 sola
1147 3461 1291 3518 ﬁdes
1323 3461 1497 3534 eripit
1517 3463 1653 3518 Iesu
1686 3461 1903 3519 Christi
1933 3459 2062 3516 Filii

413 3548 539 3619 Dei,
571 3550 674 3620 qui
704 3551 947 3606 veniens
967 3551 1066 3622 (at.
1088 3552 1270 3621 venit)
1294 3567 1546 3623 quaerere
1566 3555 1619 3608 et
1641 3551 1865 3608 salvum
1884 3554 2065 3622 facere

410 3637 556 3707 quod
580 3641 827 3709 perierat
847 3639 1002 3707 (Luc.
1027 3656 1144 3705 xxx,
1171 3640 1278 3710 ιο),
1313 3657 1417 3710 pro
1441 3641 1646 3712 impiis
1677 3645 1950 3696 mortuus
1977 3641 2066 3696 est

415 3725 596 3795 (Rom.
646 3743 702 3793 ν,
753 3729 830 3796 6),
869 3728 1103 3796 oﬂerens
1149 3731 1501 3800 semetipsum
1535 3745 1639 3799 pro
1676 3730 1834 3784 nobis
1891 3728 2066 3799 (sicut

415 3813 733 3881 Apostolus
754 3811 918 3882 dicit)
941 3811 1290 3868 oblationem
1313 3819 1366 3870 et
1386 3816 1621 3871 hostiam
1644 3817 1748 3873 Deo
1769 3817 1830 3871 in
1849 3816 2068 3873 odorem

416 3900 716 3956 suavitatis
737 3899 955 3973 (Ephes.
978 3917 1030 3968 v,
1061 3901 1137 3970 2).
1171 3903 1235 3956 In
1254 3901 1364 3959 hoc
1395 3902 1715 3960 mediatore
1736 3905 1838 3961 Dei
1869 3909 1926 3961 et
1954 3905 2064 3962 ho-

413 3991 672 4060 minum,
697 3996 757 4049 et
782 3991 1058 4050 humanas
1088 3997 1312 4049 naturae
1339 3997 1532 4051 status
1553 4001 1860 4068 reparatus
1879 4000 1988 4068 est,
2011 4003 2069 4056 et

409 4078 724 4152 implendas
751 4081 898 4154 legis
923 4086 1013 4138 est
1036 4087 1486 4140 consummatus
1505 4083 1745 4141 effectus
1767 4086 1864 4156 (al.
1897 4086 2068 4142 affec-

410 4172 526 4243 tus)
555 4190 569 4242 ;
593 4172 735 4244 quia
748 4189 853 4231 nec
867 4172 978 4229 sibi
991 4173 1062 4229 ad
1075 4173 1351 4231 virtutem
1367 4174 1638 4231 sufficere
1655 4174 1946 4232 ullatenus
1966 4193 2069 4248 po-

409 4261 826 4320 tuitnaturalis
841 4263 1317 4336 infirmitas,quse
1333 4265 1537 4336 utique
1549 4281 1616 4322 ex
1631 4281 1744 4336 quo
1758 4267 2072 4323 omnesdies

407 4355 590 4412 nostri
606 4353 948 4427 defecerunt,
966 4363 1019 4410 et
1041 4355 1101 4412 in
1115 4356 1202 4411 ira
1213 4355 1316 4410 Dei
1327 4354 1625 4425 defecimus
1646 4357 1822 4426 (Psal.
1839 4373 2070 4424 LXXXIX,

411 4445 490 4518 9),
509 4444 733 4502 lumine
745 4445 918 4502 simul
939 4450 996 4502 et
1010 4444 1220 4502 virtute
1237 4444 1486 4518 privata,
1507 4445 1567 4501 in
1589 4449 1820 4502 tantum
1836 4463 1985 4503 caeca
2001 4436 2069 4519 (ο)

2174 3193 2364 3250 idonei
2386 3191 2626 3264 cogitare
2671 3190 2887 3262 aliquid
2927 3206 3002 3246 ea:
3029 3187 3186 3244 nobis
3217 3186 3381 3260 quasi.
3433 3204 3506 3244 ea:
3534 3184 3699 3247 nobis,
3730 3176 3807 3234 sed

2166 3281 2515 3355 sufﬁcientia
2545 3289 2738 3339 nostra
2758 3297 2827 3337 ea;
2855 3281 2964 3336 Deo
2993 3284 3074 3336 est
3103 3280 3183 3351 (Π
3204 3277 3328 3332 Cor.
3359 3293 3456 3344 ιιι,
3485 3277 3559 3348 5).
3603 3278 3806 3329 Revera

2169 3372 2349 3443 enim,
2367 3373 2695 3428 secundum
2717 3371 2982 3442 ejusdem
3006 3367 3268 3441 Apostoli
3290 3367 3454 3423 dictu
3465 3365 3679 3434 m,Deus
3693 3356 3808 3430 qui-

2171 3463 2283 3519 bus
2316 3461 2564 3519 voluerit
2583 3461 2678 3517 dat
2695 3461 3080 3533 paenitentiam
3099 3458 3171 3514 ad
3192 3455 3616 3531 cognoscendam
3629 3451 3806 3508 uerita-

2173 3558 2302 3619 tem,
2335 3556 2395 3608 ut
2427 3550 2757 3625 resipiscant
2783 3567 2817 3605 a
2838 3548 3054 3606 diaboli
3079 3549 3313 3621 laqueis,
3336 3565 3370 3603 a
3394 3564 3507 3620 quo
3521 3541 3714 3616 captivi
3737 3546 3801 3592 te-

2172 3650 2377 3698 nentur
2404 3643 2475 3698 ad
2496 3641 2675 3713 ipsius
2696 3641 3038 3697 voluntatem
3058 3639 3135 3710 (ll
3157 3640 3294 3694 Tim.
3321 3654 3384 3706 ιι,
3411 3639 3527 3706 25).
3559 3625 3802 3690 Undeille

2175 3731 2577 3805 apostolorum
2597 3731 2824 3802 primus
2840 3729 3085 3800 etdigne
3097 3729 3310 3784 beatus
3322 3715 3800 3805 veritatiseloquio

2175 3804 2650 3893 nuncupatus,de
2661 3817 3007 3876 credulitate
3019 3804 3804 3890 gentiumloquens,Deumdi-

2173 3911 2259 3966 xit
2276 3910 2448 3965 fidem
2471 3911 2728 3966 undasse
2745 3909 3157 3975 cordaeorum;
3179 3911 3238 3963 et
3252 3923 3464 3964 rursus
3478 3898 3804 3963 aiteamdem

2177 3998 2428 4073 gratiam
2452 3999 2735 4055 divinitus
2747 3999 2947 4055 datam
2977 3997 3257 4071 gentibus
3271 4013 3456 4070 quam
3471 3989 3803 4066 etipsisuct.

2175 4089 2422 4160 xv,9),ut
2433 4089 2754 4144 crederent:
2773 4088 2871 4144 ubi
2885 4086 3204 4161 gratuitum
3219 4087 3425 4160 gratia:
3439 4088 3647 4143 donum
3660 4092 3809 4151 apos-

2177 4176 2281 4232 toli
2296 4180 2354 4232 et
2367 4178 2476 4248 ma)
2483 4194 2613 4234 ores
2627 4182 2768 4235 natu
2781 4177 2842 4234 in
2858 4177 3126 4234 doctrina
3138 4177 3324 4234 sancti
3337 4176 3582 4249 Spiritus
3591 4181 3810 4244 agnove-

2179 4271 2352 4334 runt;
2371 4283 2696 4340 omnesque
2714 4269 3027 4325 unanimes
3054 4284 3174 4324 uno
3188 4268 3359 4324 orein
3373 4266 3529 4325 beati
3541 4261 3682 4321 Petri
3695 4273 3807 4316 sen-

2181 4357 2426 4414 tentiam
2460 4358 2829 4415 transierunt
2861 4359 3126 4415 dicentes
3157 4359 3328 4431 :Ergo
3345 4365 3400 4414 et
3419 4355 3668 4428 gentibus
3695 4350 3808 4404 Deus

2176 4451 2561 4520 paenitentiam
2591 4450 2662 4506 ad
2682 4451 2852 4506 vitam
2873 4448 3023 4507 dedit
3051 4450 3185 4520 (Act.
3205 4467 3284 4521 ιι,
3316 4449 3397 4520 8).
3431 4450 3650 4520 Nempe
3691 4453 3802 4497 cum

415 4533 544 4590 sine
561 4532 687 4604 lege
705 4539 924 4605 peccat,
948 4539 1015 4590 ut
1031 4551 1267 4608 peccare
1290 4551 1352 4592 se
1373 4535 1614 4593 nesciat.
1641 4536 1881 4610 Propter
1903 4535 2056 4608 quod
2091 4530 2134 4596 Ι)
2169 4528 2185 4582 ί
2193 4555 2297 4612 pse
2312 4539 2578 4597 Salvator
2590 4544 2788 4596 noster
2809 4539 3055 4612 proprie
3069 4542 3228 4596 vocis
3245 4539 3498 4610 imperio
3516 4539 3800 4594 humanam

411 4620 628 4677 dicitur
652 4637 666 4676 :
693 4623 1216 4693 Concupiscentiam
1235 4625 1564 4696 nesciebam,
1579 4626 1695 4682 nisi
1711 4627 1800 4682 lea:
1820 4625 2023 4684 diceret
2042 4642 2056 4682 :

417 4716 544 4771 Non
567 4711 915 4782 concupisces
947 4712 1124 4782 (Rom.
1151 4729 1254 4783 vn,
1291 4716 1363 4784 7).
1387 4716 1616 4786 Legalis
1641 4734 1870 4788 quoque
1892 4717 2062 4773 audi-

415 4805 516 4857 tus
527 4817 644 4856 non
661 4798 854 4856 solum
869 4800 1164 4856 neminem
1184 4801 1254 4855 de
1267 4807 1552 4871 potestate
1571 4805 1941 4862 tenebrarum
1957 4805 2064 4862 eri-

415 4891 564 4965 puit,
589 4888 732 4962 quin
754 4888 929 4944 etiam
958 4888 1359 4959 peccatoribus
1381 4891 1688 4948 cumulum
1717 4895 2060 4966 pracvarica-

411 4982 594 5040 tionis
623 4978 858 5051 adjecit.
891 4977 1029 5034 Sine
1060 4977 1250 5050 gratia
1277 4977 1493 5051 quippe
1543 4981 1677 5036 ﬁdei
1709 4984 1944 5053 gravius
1969 4983 2061 5040 lex

413 5073 614 5148 agnita
634 5086 814 5145 quam
835 5069 1033 5142 ignota
1053 5068 1423 5125 condemnat.
1449 5067 1557 5124 Ubi
1582 5076 1870 5140 quantum
1897 5073 2063 5144 igno-

489 5258 565 5329 (a)
595 5256 730 5326 Ms.,
764 5271 891 5311 cum
920 5262 971 5311 et
1000 5256 1297 5324 antequam
1324 5255 1648 5309 nasceretur
1703 5256 1913 5309 asserat
1943 5269 2068 5312 eum

419 5330 734 5400 Apostolus,
767 5333 878 5400 etc.

491 5401 566 5474 (b)
597 5401 780 5474 Abest
795 5399 890 5474 hic
917 5415 952 5454 a
970 5415 1083 5474 ms.
1100 5399 1331 5474 Domino
1354 5403 1554 5469 nostro,
1577 5401 1635 5456 et
1657 5413 1722 5455 ea
1737 5400 1898 5456 textu
1921 5403 2068 5474 Apo-

423 5469 558 5542 stoli
585 5487 601 5538 ;
633 5471 846 5542 legitur
876 5469 936 5525 in
969 5471 1168 5528 editis.

495 5540 565 5612 (c)
594 5540 864 5612 lta'ms.;
889 5546 948 5597 at
969 5543 1130 5610 editi,
1161 5545 1222 5600 in
1251 5547 1469 5602 tantum
1492 5547 1698 5601 natura
1729 5558 1897 5602 caeca.

492 5610 570 5683 (d)
605 5612 699 5668 Sic
727 5611 942 5684 legitur
970 5613 1030 5668 in
1060 5614 1233 5672 editis
1258 5633 1272 5686 ;
1301 5621 1360 5673 at
1392 5616 1451 5672 in
1485 5632 1597 5673 ms.
1625 5617 1746 5676 haac
1766 5618 2073 5690 praefertur

2173 4629 2510 4685 convenerit
2534 4627 2992 4700 (e)voluntatem,
3015 4629 3218 4686 dicens
3243 4647 3256 4686 :
3276 4623 3632 4685 Paznitemini
3649 4629 3694 4679 et
3708 4633 3801 4674 cre-

2171 4718 2282 4774 dite
2313 4719 2621 4790 Evangelia
2661 4719 2845 4789 (Marc.
2879 4733 2920 4788 ι,
2952 4719 3078 4790 15);
3134 4719 3316 4776 claret
3361 4721 3563 4774 tamen
3593 4711 3718 4786 quia
3744 4707 3794 4761 ut

2172 4806 2350 4862 homo
2382 4807 2441 4862 in
2464 4806 2649 4862 Deum
2673 4807 2908 4863 credere
2934 4805 3199 4879 incipiat,
3221 4823 3257 4862 a
3284 4810 3401 4862 Deo
3420 4802 3630 4876 accipit
3640 4792 3793 4872 pinni-

2171 4895 2418 4952 tentiam
2437 4897 2508 4952 ad
2533 4895 2734 4964 vitam,
2751 4896 2836 4953 ita
2856 4901 2920 4952 ut
2937 4897 3180 4953 omnino
3219 4895 3459 4952 credere
3482 4911 3596 4952 non
3616 4883 3794 4964 possit,

2174 4985 2287 5042 nisi
2308 4986 2709 5057 pmnitentiam
2728 4987 2879 5042 dono
2893 4986 2994 5042 Dei
3008 4986 3340 5043 miserantis
3355 4981 3665 5056 acceperit:
3687 4985 3791 5046 (Ιυε

2174 5079 2467 5133 estautem
2482 5076 2823 5147 paenitentia
2849 5075 3117 5148 hominis,
3142 5075 3256 5132 nisi
3284 5074 3535 5132 mutatio
3567 5066 3794 5127 volunta-

2177 5258 2380 5324 lectio,
2406 5257 2683 5327 Quomodo
2715 5259 2890 5327 igitur
2916 5257 2983 5313 de
3006 5257 3376 5330 possibilitate
3403 5256 3632 5314 solvitur
3655 5239 3793 5330 liberi

2178 5326 2438 5399 arbitrii,
2457 5335 2506 5386 si
2526 5346 2637 5386 non
2659 5326 3128 5402 praeveniaturuu
3150 5329 3260 5385 Aut
3279 5326 3792 5402 quantuluman

2177 5404 2287 5459 sibi
2317 5404 2478 5460 bona?
2505 5403 2826 5471 voluntatis,
2859 5407 2968 5458 etc.

2253 5475 2428 5602 (inita
2443 5492 2555 5532 ms.
2583 5493 2602 5544 ;
2622 5475 2758 5532 Lov.
2777 5467 2912 5532 vero
2934 5474 3158 5547 etAnt.,
3179 5477 3435 5532 convenit
3456 5467 3673 5546 ;Basit.,
3687 5474 3785 5518 can.

2253 5562 2324 5602 ri
2356 5587 2370 5602 .

2179 5562 2370 5603 verm.
