3878 6322
100 392 185 453 481

1433 382 1818 446 EPISTOLA
1861 383 2049 447 XVII.

3333 403 3454 470 482

103 542 191 582 non
205 541 261 580 ex
276 521 442 578 sesed
464 537 532 576 ex
551 519 749 576 anima
767 518 960 592 possit
981 517 1360 574 habere.Vita
1387 517 1572 589 igitur
1592 519 1688 588 (a),
1722 524 1770 589 Α
1803 519 2058 590 operibus
2091 520 2252 594 legis,
2293 522 2406 578 nisi
2428 541 2531 596 per
2557 525 2719 597 ﬁdem
2747 528 2874 584 Jesu
2903 527 3139 602 Christi;
3171 537 3226 588 et
3255 550 3352 591 nos
3390 538 3452 591 in

106 619 150 670 ut
173 615 342 669 inesse
370 609 528 667 carni
553 609 896 666 naturaliter
916 607 1180 680 incipiat,
1207 607 1583 664 manifestum
1607 611 1696 664 est

106 720 200 759 eun
219 703 280 757 ab
300 701 489 756 anima
509 697 866 765 ministrari;
885 713 952 752 ac
979 697 1063 753 sic
1087 696 1324 768 quidem
1351 700 1541 768 potest
1562 713 1696 752 caro

109 798 265 847 nostra
291 788 495 854 vivere,
526 787 625 842 sed
678 785 727 840 si
783 785 842 840 in
891 800 961 840 ea
1010 784 1089 840 sit
1135 784 1353 853 anima,
1405 801 1535 856 quae
1575 785 1698 840 vita

106 884 203 953 ejus
229 885 326 935 est.

158 972 234 1025 47.
262 972 656 1024 Verumtamen
689 965 746 1019 in
781 965 978 1020 anima
1011 968 1211 1020 nostra
1260 968 1317 1019 et
1356 979 1529 1020 carne
1578 979 1696 1018 non

101 1077 312 1134 parvum
327 1058 482 1114 nobis
494 1055 686 1127 gratia
698 1055 800 1110 Dei
817 1059 1350 1110 monstraturexem
1361 1055 1695 1126 plum.Nam

97 1153 228 1206 sicut
254 1167 311 1205 ex
336 1149 519 1218 seipsa
548 1162 678 1201 caro
708 1146 886 1200 vitam
921 1161 1035 1200 non
1068 1144 1376 1210 habet,sed
1402 1144 1474 1199 ab
1500 1144 1698 1198 anima

94 1240 293 1312 accipit;
323 1240 408 1293 sic
440 1238 610 1292 homo
634 1253 744 1290 non
771 1241 964 1306 potest
987 1234 1200 1290 habere
1223 1233 1543 1302 ﬁdem,nisi
1566 1251 1696 1290 mu-

92 1346 197 1384 nero
222 1328 313 1384 Dei
347 1329 617 1382 donantis
652 1323 956 1396 acceperit.
990 1322 1154 1379 Sicut
1182 1322 1356 1378 etiam
1392 1325 1485 1393 (al.
1520 1321 1696 1394 enim)

90 1426 136 1474 ut
158 1434 273 1472 caro
300 1417 472 1485 vivat,
504 1414 689 1470 solius
717 1431 870 1486 opus
899 1418 988 1470 est
1020 1413 1343 1480 animaaﬁta
1373 1428 1606 1484 quoque
1634 1419 1699 1467 ut

89 1510 226 1564 homo
253 1507 464 1572 credat,
501 1503 684 1560 solius
716 1520 862 1573 opus
896 1507 986 1558 est
1015 1502 1248 1574 gratias;
1277 1507 1334 1558 et
1363 1503 1515 1557 sicut
1560 1519 1694 1559 caro

89 1598 207 1652 nihil
228 1595 446 1668 operari
467 1598 678 1666 potest,
701 1593 750 1648 si
765 1609 890 1648 eam
911 1591 1202 1647 viviticare
1223 1591 1421 1647 anima
1441 1591 1694 1656 desinat,

87 1690 156 1742 sic
180 1687 333 1743 homo
363 1684 507 1740 nihil
541 1684 685 1738 bene
715 1681 859 1738 velle
891 1684 1100 1754 potest,
1135 1681 1184 1736 si
1217 1681 1289 1736 ab
1312 1697 1379 1736 eo
1403 1680 1701 1752 gratiasju-

87 1793 263 1833 tamen
291 1774 580 1832 abscedat.
613 1772 687 1828 Ut
717 1788 856 1844 ergo
885 1788 1019 1827 caro
1067 1775 1124 1826 et
1166 1771 1358 1826 vivere
1406 1770 1596 1842 possit
1641 1773 1698 1825 et

85 1862 573 1939 openﬁ,pmsenti
585 1879 612 1918 s
625 1861 834 1917 animae
849 1861 1238 1918 viviﬁcatione
1250 1859 1509 1928 fulcitur;
1525 1859 1699 1915 homo

87 1971 297 2028 quoque
323 1959 380 2008 ut
409 1954 619 2008 bonum
640 1950 1102 2017 velitautt'aciat,
1129 1949 1328 2022 gratia:
1352 1949 1698 2005 viviﬁcantis

85 2044 318 2102 subsidio
337 2043 562 2114 jngiter
589 2041 921 2112 adjuvatur.
958 2041 1203 2097 Interest
1233 2045 1429 2095 autem
1465 2043 1531 2094 ut
1560 2055 1692 2094 caro

87 2138 547 2206 nostraquantum
566 2133 733 2202 (forte
753 2131 1036 2204 quandiu)
1050 2130 1374 2186 viviﬁcatur
1386 2131 1457 2186 ab
1470 2129 1690 2198 anima,

85 2243 178 2282 non
198 2227 380 2280 solum
398 2222 673 2292 bene,sed
691 2222 864 2276 etiam
891 2221 1040 2277 male
1057 2220 1338 2292 operandi
1353 2219 1600 2291 accipiat
1618 2219 1697 2274 fa-

88 2316 495 2371 cultatem.Cum
520 2318 710 2368 autem
735 2328 840 2367 nos
857 2313 1046 2384 gratia
1062 2311 1333 2380 viviﬁcat,
1355 2327 1468 2366 non
1490 2309 1606 2365 nisi
1621 2309 1692 2364 ad

87 2408 204 2462 bene
229 2405 560 2470 volendum,
597 2418 698 2457 nec
728 2401 842 2458 nisi
867 2402 938 2456 ad
963 2402 1110 2457 bene
1138 2401 1499 2473 operaudum
1525 2399 1698 2454 nobis

90 2495 410 2566 adiutorium
430 2489 1610 2562 subministrat.Agnoscatigiturhomoin
1627 2504 1694 2543 eo

92 2603 138 2640 se
168 2583 499 2640 naturaliter
524 2582 757 2637 credere
787 2596 982 2652 posse,
1013 2581 1073 2635 in
1093 2597 1206 2650 quo
1231 2585 1502 2636 naturam
1523 2578 1697 2634 habet

89 2674 420 2729 credulitatis
440 2689 507 2727 ac
531 2671 666 2726 ﬁdei
685 2686 954 2742 capacem
977 2670 1153 2742 (quod
1176 2669 1534 2724 animalibus
1557 2667 1698 2723 irra-

83 2763 378 2818 tionalibus
407 2762 599 2816 datum
634 2761 910 2816 divinitus
941 2776 1054 2814 non
1086 2761 1218 2830 est);
1255 2776 1372 2814 non
1405 2763 1598 2814 tamen
1635 2773 1696 2812 se

82 2859 239 2922 putet
260 2853 329 2922 (b)
357 2851 423 2906 ad
451 2851 776 2906 habendam
808 2850 982 2905 ﬁdem
1015 2866 1203 2921 usque
1233 2849 1377 2905 adeo
1409 2864 1540 2904 esse
1572 2848 1695 2903 ido-

83 2958 272 3004 neum,
297 2944 358 2996 ut
385 2957 446 2996 ex
476 2939 768 2996 voluntate
797 2957 907 2995 sua
935 2943 1203 2996 constare
1226 2938 1359 2995 ﬁdei
1383 2938 1699 2994 arbitretur

97 3033 392 3090 exordium.
409 3031 622 3087 Volens
644 3031 797 3087 enim
820 3030 994 3086 homo
1019 3030 1406 3098 habetﬁdem;
1428 3031 1524 3086 sed
1545 3037 1698 3087 Deus

104 3124 172 3194 qui
200 3123 366 3179 ﬁdem
398 3122 600 3187 donat,
637 3121 760 3192 ipse
789 3120 1047 3176 hominis
1081 3124 1268 3175 mutat
1297 3124 1355 3175 et
1385 3119 1585 3192 dirigit
1606 3136 1700 3175 vo-

99 3211 356 3269 luntatem.
391 3211 660 3267 Dominus
684 3210 840 3267 enim
871 3209 1025 3266 dabit
1064 3210 1414 3277 suavitatem,
1455 3215 1508 3266 et
1546 3214 1697 3266 terra

103 3308 252 3358 rostra
277 3301 438 3357 dabit
467 3304 710 3371 fructum
737 3317 897 3356 suum
929 3301 1100 3372 (Psal.
1141 3316 1363 3366 LXXXIV,
1401 3301 1508 3369 13).

154 3393 293 3448 813
322 3393 459 3449 CAP.
494 3407 625 3447 xxv.
646 3395 839 3446 Gentes
867 3404 993 3463 qua?
1021 3391 1363 3444 naturaliter
1391 3405 1460 3444 ea
1491 3403 1612 3460 qua
1639 3388 1714 3445 le-

1803 610 2084 666 Christum
2110 612 2296 667 Jesum
2326 613 2398 684 (c)
2423 615 2724 684 credimus,
2755 622 2815 672 ut
2835 617 3202 689 justiﬁeemur
3242 639 3313 680 ea:
3347 625 3454 696 ﬁde

1807 699 2042 770 Christi,
2075 710 2131 756 et
2159 717 2269 757 non
2291 720 2366 758 ex
2385 706 2637 775 operibus
2654 707 2811 778 legis.
2835 710 3065 781 Propter
3085 713 3221 783 quod
3240 727 3310 768 ex
3328 729 3452 786 epe-

1805 791 1960 845 ribus
1983 791 2126 862 legis
2149 809 2256 847 non
2267 794 2674 864 justiﬁcabitur
2693 800 2872 854 omnis
2890 817 3017 856 caro
3034 801 3234 874 (Colat.
3260 821 3319 871 ιι.
3347 808 3452 863 16).

1807 880 1879 933 Et
1912 881 2088 935 Paulo
2114 888 2242 953 post
2264 883 2396 939 ﬁdei
2423 887 2671 956 gratiam
2695 891 3256 965 commendans,per
3274 912 3451 965 quam

1805 984 1940 1024 vera
1971 971 2274 1026 confertur
2299 974 2616 1046 unicuique
2640 979 2898 1046 justitia,
2932 980 3016 1035 sic
3048 982 3157 1037 ait:
3183 984 3302 1040 Non
3319 986 3459 1055 abji-

1804 1060 1887 1112 cio
1917 1061 2164 1129 gratiam
2187 1060 2309 1116 Dei:
2343 1065 2393 1116 si
2420 1066 2566 1118 enim
2595 1082 2696 1136 per
2727 1067 2894 1137 legem
2912 1069 3156 1139 iustitia,
3183 1089 3312 1142 ergo
3332 1091 3458 1145 gra-

1802 1149 1877 1202 tis
1912 1148 2156 1204 Christus
2183 1154 2436 1206 mortuus
2467 1162 2544 1208 est
2575 1156 3035 1226 (lbid.,21).ltem
3066 1177 3197 1218 cum
3230 1169 3454 1234 patrem

1805 1241 2072 1292 nostrum
2109 1239 2397 1296 Abraham
2429 1259 2544 1296 non
2569 1260 2636 1298 ex
2657 1247 2932 1317 operibus
2953 1248 3230 1322 legis,sed
3255 1269 3323 1309 ex
3344 1255 3456 1311 ﬁde

1797 1326 2194 1396 justiﬁcatum
2228 1336 2536 1394 assereret,
2561 1333 2789 1390 dicens:
2812 1339 2969 1393 Sicut
2986 1340 3262 1396 Abraham
3283 1343 3458 1399 credi-

1806 1416 1890 1504 dit
1918 1417 2044 1486 Deo,
2075 1425 2127 1473 et
2156 1422 2470 1490 reputatum
2502 1430 2579 1478 est
2604 1423 2694 1478 illi
2721 1424 2792 1479 ad
2825 1426 3098 1494 iustitiam
3130 1429 3326 1501 (Calat.
3365 1450 3452 1504 ιη,

1803 1503 1879 1574 6);
1913 1509 1977 1559 ut
2014 1510 2191 1562 etiam
2223 1514 2428 1580 gentes
2474 1527 2624 1582 quas
2667 1514 2880 1569 semini
2922 1517 3168 1574 Abrahae
3218 1503 3455 1578 divinus

1805 1607 1995 1648 sermo
2017 1596 2370 1665 promisitex
2384 1599 2496 1653 ﬁde
2507 1600 3170 1669 justiﬁcariostenderet
3190 1609 3458 1681 (d),secu-

1805 1685 1905 1737 tus
1944 1683 2258 1754 adjunxit:
2309 1688 2626 1756 Cognoscite
2673 1706 2805 1759 ergo
2851 1695 2986 1762 quia
3036 1711 3106 1751 ex
3151 1698 3257 1766 ﬁde
3303 1703 3456 1770 sunt,

1808 1772 1870 1826 hi
1896 1777 2025 1826 sunt
2053 1773 2163 1842 ﬁlii
2192 1773 2758 1834 Abrahee.Providens
2787 1790 2976 1836 autem
3003 1784 3291 1856 Scriptura
3322 1789 3456 1860 quia

1806 1876 1880 1914 ea:
1905 1861 2013 1929 ﬁde
2032 1862 2052 1927 ᾔ
2059 1861 2169 1916 usti
2173 1863 2413 1932 ﬁcantur
2429 1882 2530 1934 gen
2539 1868 2783 1933 tes,Deus
2795 1873 3205 1939 praenuntiavit
3222 1876 3458 1934 Abrahae

1811 1948 2026 2006 dicens:
2059 1951 2200 2018 Quia
2232 1951 2621 2010 benedicentur
2647 1955 2708 2010 in
2736 1961 2789 2012 te
2823 1972 3006 2014 omnes
3032 1970 3218 2029 gentes
3247 1965 3456 2030 (Cenes.

1809 2056 1911 2105 xu,
1944 2039 2020 2111 3).
2052 2041 2229 2108 Igitur
2248 2043 2348 2113 qui
2365 2058 2434 2097 ex
2452 2043 2559 2112 ﬁde
2576 2053 2724 2110 sunt,
2749 2045 3135 2103 benedicentur
3156 2066 3279 2106 eum
3306 2053 3460 2123 ﬁdeli

1808 2127 2085 2183 Abraham
2114 2130 2319 2201 (Galat.
2354 2148 2440 2197 ιιι,
2472 2132 2528 2197 7,
2559 2136 2614 2201 8,
2645 2133 2720 2205 9).
2779 2135 2941 2190 Hunc
2989 2142 3184 2194 autem
3235 2145 3457 2212 patrem

1812 2223 2078 2273 nostrum
2109 2219 2404 2275 Abraham
2438 2237 2554 2276 non
2589 2237 2656 2278 ex
2688 2225 3092 2294 operibus,sed
3120 2243 3189 2284 ex
3206 2229 3318 2285 ﬁde
3330 2230 3459 2297 jus-

1810 2306 2094 2363 tiﬁcatum
2127 2325 2256 2365 esse
2287 2310 2664 2381 conﬁrmans,
2699 2312 2814 2368 alio
2841 2313 2966 2370 loco
2989 2316 3074 2372 sic
3089 2316 3376 2389 loquitur:
3397 2319 3461 2376 Si

1807 2396 1958 2452 enim
1986 2398 2263 2455 Abraham
2294 2416 2365 2455 ex
2391 2401 2649 2472 operibus
2667 2403 3012 2474 justiﬁeatus
3041 2416 3144 2473 est,
3164 2409 3324 2466 habet
3345 2411 3461 2480 glo-

1808 2486 1976 2553 riam,
2006 2488 2100 2542 sed
2129 2505 2242 2543 non.
2267 2489 2416 2558 apud
2445 2491 2638 2546 Deum.
2673 2492 2821 2558 Quid
2852 2495 3004 2550 enim
3031 2495 3334 2568 Scriptura
3363 2499 3453 2554 di-

1810 2575 1886 2630 cit
1913 2578 1936 2630 P
1965 2575 2210 2632 Credidit
2239 2577 2516 2634 Abraham
2547 2584 2684 2649 Deo,
2715 2591 2768 2637 et
2797 2590 3120 2654 reputatum
3148 2595 3227 2644 est
3259 2587 3350 2644 illi
3385 2589 3457 2646 ad

1797 2668 2082 2737 justitiam
2115 2667 2264 2737 (Gen.
2287 2686 2378 2737 xv,
2410 2671 2572 2741 6):ei
2602 2682 2785 2728 autem
2815 2677 2910 2746 qui
2937 2682 3221 2746 operatur,
3253 2697 3457 2738 merces

1806 2773 1916 2812 non
1950 2759 2255 2828 imputatur
2277 2761 2583 2815 secundum
2601 2765 2864 2834 gratiam,
2886 2765 2979 2820 sed
2996 2768 3296 2824 secundum
3312 2770 3460 2827 debi-

1808 2851 1951 2913 tum,
1981 2847 2036 2903 ei
2064 2864 2189 2904 vero
2219 2851 2314 2920 qui
2341 2866 2451 2906 non
2473 2861 2753 2922 operatur,
2773 2853 3018 2911 credenti
3043 2866 3227 2913 autem
3249 2860 3312 2914 in
3331 2875 3457 2916 eum

1809 2938 1904 3007 qui
1932 2937 2203 3008 iustiﬁcat
2220 2939 2474 3011 impium,
2493 2945 2782 3012 reputatur
2798 2943 2932 3012 ﬁdes
2951 2946 3070 3014 eius
3091 2949 3165 3003 ad
3175 2949 3458 3018 justitiam

1807 3026 1981 3096 (Rom.
2015 3044 2094 3096 ιν,
2127 3031 2182 3098 2,
2215 3029 2274 3098 3,
2303 3030 2356 3096 4,
2387 3030 2460 3100 5).

1880 3117 1968 3171 49.
2003 3120 2144 3174 Cum
2177 3133 2314 3190 ergo
2343 3119 2660 3190 Apostolus
2686 3121 2757 3176 de
2787 3119 2880 3176 his
2909 3123 3184 3192 gentibus
3216 3123 3460 3197 loquens

1811 3209 2308 3278 quae,naturaliter
2335 3225 2398 3264 ea
2421 3223 2545 3278 quae
2567 3209 2702 3280 legis
2717 3221 2849 3266 sunt
2872 3211 3463 3282 facientes,ostendunt

1735 3279 1776 3346 C
1817 3313 1948 3367 opus
1979 3297 2114 3368 legis
2143 3297 2413 3368 scriptum
2443 3298 2504 3352 in
2549 3279 2805 3353 cordibus
2851 3300 2967 3355 suis
3009 3279 3182 3373 (Rom.
3235 3321 3297 3376 II,
3349 3307 3460 3376 14),

1817 3387 1888 3441 de
1920 3387 2012 3441 his
2043 3402 2106 3441 se
2134 3385 2294 3456 loqui
2326 3390 2577 3442 testatur
2603 3387 2702 3458 qui
2727 3387 3461 3459 justiﬁcautur,Abraham

99 3481 159 3550 gis
184 3486 302 3536 sunt
320 3479 567 3551 faciunt,
590 3478 816 3535 nonnisi
838 3478 1138 3534 Christiani
1156 3479 1341 3548 ﬁdeles
1364 3477 1714 3547 intelligendi
1818 3480 2012 3531 autem
2047 3483 2270 3545 patrem
2304 3482 2570 3529 nostrum
2604 3491 2719 3530 non
2742 3493 2812 3532 ex
2832 3479 3238 3550 operibus,sed
3261 3497 3330 3538 ex
3350 3484 3463 3541 ﬁde

101 3574 220 3624 sunt.
251 3600 316 3611 —
346 3569 438 3625 48.
465 3569 541 3623 De
559 3567 918 3638 hisigiturin
937 3567 1154 3638 quibus
1173 3573 1384 3622 natura
1404 3567 1598 3622 divino
1619 3583 1712 3621 sa-
1809 3565 2204 3638 justiﬁcatum
2226 3579 2355 3620 esse
2380 3575 2816 3634 commemoret,
2848 3568 2984 3639 quis
3014 3571 3374 3629 audeatillas
3404 3574 3464 3630 in

92 3665 236 3714 natur
263 3673 530 3724 munere,
563 3658 705 3711 utin
724 3656 908 3712 Deum
933 3656 1286 3712 naturaliter
1305 3656 1565 3725 credant,
1590 3655 1717 3727 qui-
1821 3659 1929 3714 hoc
1959 3657 2084 3713 loco
2132 3660 2333 3729 gentes
2384 3656 2644 3729 accipere
2694 3676 2845 3732 quas
2892 3667 3122 3720 constat
3168 3682 3284 3722 non
3335 3681 3466 3724 esse

91 3765 179 3817 que
211 3749 390 3819 gratis
423 3764 528 3820 per
555 3746 728 3802 ﬁdem
748 3745 1075 3816 justiﬁcati,
1108 3745 1283 3802 etiam
1316 3746 1386 3801 ad
1409 3747 1558 3801 bene
1578 3761 1714 3816 ope-
1814 3747 2166 3819 justiﬁcatas
2188 3763 2256 3802 ex
2279 3747 2554 3810 ﬁde,cum
2575 3749 2700 3820 ipse
2720 3755 2968 3807 testetur
2989 3755 3304 3825 Apostolus
3326 3757 3465 3829 quia

86 3841 298 3895 randum
317 3836 1718 3909 auxiliumgratiaesubsequentisaccipiunt,Apo—
1820 3854 1986 3893 omne
2028 3836 2169 3908 quod
2205 3851 2314 3893 non
2340 3842 2424 3893 est
2448 3854 2520 3893 ex
2546 3838 2654 3909 ﬁde
2676 3849 2966 3911 peccatum
3008 3848 3090 3899 est
3130 3845 3307 3917 (Rom.
3351 3863 3469 3919 xxv,

84 3928 252 3983 stolus
281 3927 457 3983 dicit:
494 3929 635 3982 Cum
665 3925 810 3980 enim
831 3936 1015 3996 gentes
1031 3926 1342 3999 queelegem
1362 3942 1474 3980 non
1497 3925 1713 3992 habent,
1819 3928 1934 3997 23),
1974 3936 2031 3982 et
2059 3925 2198 3998 quia
2241 3925 2364 3982 sine
2402 3927 2509 3995 ﬁde
2566 3926 2903 4001 impossibile
2959 3941 3035 3989 est
3085 3935 3308 4006 placere
3362 3937 3472 3994 Deo

81 4019 401 4072 naturaliter
420 4029 548 4088 qua
571 4015 705 4083 legis
721 4020 844 4070 sunt
861 4014 1383 4085 faciunt,ejusmodi
1406 4013 1587 4086 legem
1608 4027 1718 4068 non
1822 4017 2003 4086 (Hebr.
2035 4032 2116 4085 x1,
2145 4016 2248 4088 6)?
2278 4017 2442 4082 Quod
2472 4017 2521 4072 si
2543 4019 2836 4075 Abraham
2859 4036 2927 4076 ex
2952 4021 3064 4078 ﬁde
3078 4023 3470 4093 justiﬁcatum

79 4105 320 4162 habentes
348 4105 458 4177 ipsi
491 4104 602 4159 sibi
628 4113 759 4159 sunt
786 4106 896 4172 lex,
943 4105 1039 4176 qui
1067 4103 1363 4159 ostendunt
1404 4119 1538 4172 opus
1583 4103 1718 4173 legis
1824 4123 1952 4162 esse
1994 4109 2242 4175 constat,
2294 4108 2466 4176 cujus
2499 4107 2710 4162 semini
2741 4109 2895 4164 814
2925 4116 3129 4181 gentes
3156 4113 3474 4186 Apostolus

78 4196 335 4266 scriptum
371 4197 428 4250 in
457 4193 713 4249 cordibus
741 4196 856 4249 suis
886 4193 1457 4265 (Rom.n,1lt).Quem
1481 4193 1717 4264 quidem
1827 4195 2150 4268 promissas
2170 4197 3024 4267 essecommemorat,quisquis
3046 4203 3258 4257 asserit
3272 4206 3478 4272 gentes

76 4285 330 4356 Apostoli
353 4283 545 4341 locum
569 4283 627 4338 hi
648 4299 986 4346 octonum:
1001 4297 1432 4338 CONTRADICUNT
1447 4281 1720 4354 gentibus
1827 4303 1943 4342 non
1974 4302 2043 4341 ex
2073 4285 2205 4350 ﬁde,
2239 4285 2344 4340 sed
2373 4301 2442 4338 ex
2472 4283 2746 4354 operibus
2768 4285 3083 4354 justiﬁcari
3114 4303 3308 4358 posse,
3332 4290 3474 4360 quid

71 4373 396 4428 incredulis
425 4374 721 4445 assignare
751 4373 1132 4439 contendunt,
1182 4388 1251 4427 ex
1299 4371 1407 4426 hoc
1455 4369 1724 4426 videlicet
1830 4379 2116 4449 superest,
2151 4374 2264 4429 nisi
2298 4377 2362 4428 ut
2387 4389 2486 4428 eas
2510 4378 2681 4443 neget
2710 4373 2781 4427 ad
2813 4373 3056 4428 Abrahie
3105 4391 3328 4442 semen,
3380 4379 3478 4435 cui

71 4461 245 4533 quod
277 4462 444 4516 etiam
475 4462 552 4516 illi
587 4462 688 4534 qui
722 4462 854 4518 ﬁdei
886 4461 1132 4531 gratiam
1166 4477 1280 4517 non
1313 4460 1603 4531 recipiunt
1626 4458 1724 4514 illa
1829 4470 2034 4539 gentes
2057 4463 2360 4536 promissa;
2375 4461 2875 4532 sunt,pertinere?
2893 4478 3022 4517 cum
3039 4463 3331 4520 Abraham
3349 4465 3481 4537 (sic-

70 4569 214 4623 qua:
227 4552 301 4607 ad
317 4551 672 4609 honestatem
689 4569 918 4609 morum
933 4558 990 4608 et
1011 4552 1282 4608 humana:
1296 4549 1590 4607 societatis
1604 4549 1725 4608 vin-
1832 4561 1896 4611 ut
1925 4552 2242 4626 Apostolus
2273 4551 2436 4621 dicit)
2465 4558 2625 4621 pater
2651 4552 2723 4606 sit
2747 4552 2996 4606 omnium
3015 4553 3367 4612 credentium
3382 4573 3482 4628 per

63 4643 273 4699 culum
308 4644 601 4714 pertinent
631 4641 882 4697 naturali
917 4643 1173 4714 quadam
1203 4642 1329 4713 lege
1361 4641 1446 4696 sic
1468 4643 1724 4706 servant,
1755 4651 1804 4716 D
1833 4642 2179 4718 praeputione
2211 4643 2298 4711 (e),
2322 4647 2382 4694 ut
2410 4641 2695 4710 reputetur
2713 4643 2766 4696 et
2788 4640 2903 4696 illis
2923 4641 3279 4712 adiustitiam
3301 4650 3478 4717 (Rom.

60 4739 122 4787 ut
154 4733 352 4788 etiam
384 4748 479 4787 eos
500 4732 598 4803 qui
622 4731 724 4787 illa
747 4729 958 4787 violare
983 4729 1718 4800 contenduntjudiciorum
1833 4752 1904 4802 ιν,
1941 4735 2049 4801 11).
2083 4729 2372 4794 Quoniam
2407 4728 2580 4799 igitur
2610 4746 2753 4786 unus
2788 4734 2953 4800 Deus,
2979 4736 3074 4806 qui
3091 4736 3358 4808 iustiﬁeat
3379 4742 3484 4796 σιν.

63 4826 351 4894 aquitate
383 4839 448 4878 ac
477 4821 780 4878 severitate
803 4830 1126 4878 coerceant.
1162 4820 1269 4876 Ubi
1301 4819 1499 4876 minus
1529 4823 1719 4874 atten-
1830 4821 2212 4880 eumcisionem
2245 4834 2314 4875 ea:
2342 4817 2467 4889 ﬁde,
2501 4825 2554 4873 et
2579 4820 2915 4892 praeputium
2941 4839 3041 4894 per
3085 4825 3255 4894 ﬁdem
3299 4828 3478 4899 (Rom.

69 4913 212 4968 dunt
244 4911 574 4985 apostolico
603 4928 772 4968 suam
805 4911 1158 4967 sententiam
1191 4926 1432 4982 prorsus
1461 4907 1722 4964 enervari
1832 4931 1919 4981 ιιι,
1949 4912 2061 4982 30),
2095 4907 2410 4982 Apostolus
2441 4914 2637 4965 autem
2669 4909 2734 4966 de
2761 4910 2847 4966 his
2874 4914 2972 4984 qui
2989 4913 3372 4985 justiﬁeantur
3419 4934 3482 4974 se

53 5018 551 5074 εεπωοῑιενίιυϐω
576 5001 849 5073 superius
875 5000 1152 5073 praemisit
1178 5001 1409 5054 dicens:
1435 4999 1552 5053 Non
1575 4995 1724 5053 enim
1834 5001 1996 5074 loqui
2026 4998 2391 5067 monstravit,
2423 5014 2556 5054 cum
2589 5000 2658 5055 de
2689 5001 2964 5072 gentibus
2988 5003 3331 5060 naturaliter
3353 5022 3482 5077 quas

37 5095 365 5150 auditores
393 5093 525 5162 legis
545 5091 692 5161 justi
719 5089 1008 5162 suntapud
1025 5089 1310 5154 Deum,sed
1327 5090 1573 5158 factores
1595 5087 1728 5155 legis
1833 5092 1982 5165 legis
2013 5096 2154 5146 sunt
2183 5089 2534 5146 facientibus
2557 5095 2613 5145 et
2633 5106 2780 5163 opus
2807 5089 2954 5162 legis
2976 5093 3034 5147 in
3059 5107 3165 5146 suo
3192 5093 3365 5148 corde
3385 5093 3486 5149 ha-

51 5184 527 5252 iu-sliﬁmbuntur
556 5181 738 5249 (Ibid,
774 5181 895 5250 13);
910 5179 1230 5251 justiﬁcari
1252 5184 1445 5234 autem
1465 5177 1594 5233 sine
1616 5176 1729 5231 (ide
1837 5181 2112 5238 bentihus
2145 5180 2497 5252 disputaret:
2531 5177 2629 5234 ille
2660 5195 2874 5236 sensus
2905 5184 2996 5234 est
3024 5179 3253 5235 veritati
3284 5197 3487 5238 conve-

63 5275 378 5329 neminem
409 5286 579 5344 posse
612 5270 763 5324 idem
787 5271 994 5325 beatus
1015 5267 1331 5341 Apostolus
1349 5265 1626 5333 ostendit,
1649 5265 1733 5320 di-
1839 5272 2030 5342 nieng,
2049 5270 2202 5342 quod
2228 5269 2335 5338 (αι.
2357 5268 2496 5338 quo)
2519 5271 2724 5337 gentes
2740 5267 2799 5320 in
2821 5267 3020 5322 eodem
3043 5264 3170 5322 loco
3188 5269 3485 5340 accipiun.

67 5376 241 5420 cens:
283 5362 530 5418 Scientes
547 5365 734 5415 autem
758 5358 902 5432 quod
931 5373 1043 5414 non
1060 5357 1458 5430 justiﬁeabitur
1487 5356 1645 5411 homo
1661 5369 1733 5411 ex
1839 5364 1938 5418 tur
1965 5377 2114 5433 quas
2145 5359 2300 5415 Deus
2329 5355 2461 5412 ﬁdei
2487 5354 2959 5424 donojustiﬁcat,
2978 5353 3110 5410 etin
3132 5370 3200 5412 eo
3222 5358 3377 5430 quod
3400 5357 3484 5416 eis

129 5525 216 5594 (a)
250 5522 409 5578 Editi
442 5521 536 5577 hic
567 5519 794 5594 addunt
825 5519 964 5592 quod
991 5519 1146 5576 vivit.
1169 5519 1277 5577 Ms.
1301 5534 1415 5576 non
1437 5516 1734 5586 addit,nec
1840 5537 1997 5594 vero,
2030 5517 2336 5594 in__C_hri_sto
2355 5515 2503 5594 (esu.

73 5582 142 5650 ad‘
163 5582 432 5652 s'ensum
465 5591 746 5664 recluiritu
757 5609 801 5647 r.
829 5582 846 5592 ⁸
1605 5582 1614 5586 ⁷
1913 5582 1994 5663 (d)
2020 5589 2175 5664 editi
2186 5629 2202 5664 ,
2215 5588 2348 5664 Διξιιίι
2357 5582 2444 5664 Ius
2456 5582 2753 5664 ostenderet
2773 5603 2786 5654 ;
2803 5584 2902 5664 sed
2916 5585 3079 5664 abest
3091 5591 3304 5648 Paulus
3325 5610 3356 5649 a
3371 5609 3484 5652 ms.

132 5671 213 5740 (b)
251 5669 326 5740 In
362 5657 641 5740 editisiut
668 5679 724 5720 se
745 5668 914 5740 putet.
1041 5738 1047 5740 Α
1136 5737 1145 5740 _
1287 5734 1317 5740 _
1372 5737 1404 5740 _
1496 5731 1534 5740 η
1897 5657 1985 5740 ('e)
2014 5661 2107 5740 Sic
2128 5657 2308 5740 editi;
2333 5661 2410 5740 at
2432 5659 2839 5740 ωρμραιςνςείξ
2855 5662 3104 5740 omnium
3123 5665 3486 5739 credentium,

278 5739 379 5797 Sic
409 5754 522 5794 ms.
543 5728 717 5808 juxta
742 5728 1006 5794 Graecum
1033 5737 1256 5793 textum
1283 5734 1342 5792 S.
1371 5731 1568 5805 Pauli;
1597 5732 1739 5791 editi
1843 5728 2211 5808 ut'reputetur
2237 5733 2294 5788 et
2320 5730 2438 5787 illis
2465 5728 2599 5803 ﬁdes
2626 5730 2702 5788 ad
2720 5730 3022 5804 justitiam.
