3878 6310
128 289 232 352 489

1479 288 1869 354 EPISTOLA
1911 290 2101 354 XVII.

3377 298 3499 374 490

131 429 200 486 tia
239 425 474 482 infantes
517 438 710 496 neque
756 423 1034 492 volentes,
1086 439 1276 498 neque
1323 424 1585 482 nolentes
1636 439 1726 480 re-
1755 426 1807 491 Α
1839 425 2188 496 prophetam
2217 427 2419 485 Johel:
2455 431 2518 486 In
2547 427 2860 486 novissimis
2891 431 3080 487 diebus
3109 430 3397 506 effundam
3430 433 3499 489 de

132 519 290 585 dimit,
310 532 434 588 qua:
467 515 719 584 majores
749 512 1136 570 illuminando
1160 515 1414 572 volentes
1437 531 1505 570 ex
1529 514 1728 571 nolen-

133 608 260 662 tibus
287 605 438 661 facit.
488 605 555 658 Et
593 603 701 658 hoc
738 602 797 657 in
843 603 1099 674 parvulis
1139 603 1350 661 salutis
1402 621 1549 678 opus
1598 605 1726 660 sine

135 695 340 769 propriae
362 692 676 749 voluntatis
700 708 942 748 assensu
964 693 1155 764 gratia
1186 694 1280 750 Dei
1303 699 1580 766 operante
1603 711 1728 766 per-

136 785 316 854 ﬁcitur,
337 782 488 855 quod
513 784 671 840 bonis
695 781 1010 840 voluntatis
1030 784 1262 839 exordio
1287 784 1564 840 divinitus
1587 785 1724 838 dato

138 876 183 930 in
215 873 514 946 majoribus
543 871 866 943 inchoatur,
900 876 963 926 ut
983 887 1155 943 opere
1184 873 1366 929 solius
1394 873 1594 945 gratias
1627 890 1722 929 vo-

135 967 308 1020 luntas
337 981 456 1038 qua
495 962 640 1018 mala
668 963 780 1017 fuit
809 962 960 1018 bona
991 962 1115 1032 fiat,
1147 968 1204 1018 et
1226 964 1495 1035 deinceps
1525 964 1726 1035 gratiae

134 1071 317 1110 secum
348 1053 584 1125 operanti
615 1051 912 1108 servitium
945 1053 1287 1108 obedientim
1316 1054 1725 1124 cooperatricis

131 1144 389 1200 exhibeat.
421 1143 510 1198 Sic
538 1147 728 1198 autem
751 1143 904 1198 Deus
927 1142 1180 1198 crudelis
1203 1159 1315 1198 non
1337 1147 1426 1198 est
1453 1143 1514 1198 in
1537 1143 1726 1198 infan-

126 1235 264 1288 tibus
278 1233 614 1288 damnandis
634 1231 846 1303 quibus
863 1232 1232 1304 baptismatis
1245 1233 1594 1288 benelicium
1611 1248 1723 1288 non

124 1321 319 1387 tribuit,
349 1320 500 1376 sicut
522 1320 773 1391 injustas
796 1337 910 1376 non
938 1321 1104 1376 estin
1129 1320 1726 1392 majoribus,f_quibus

124 1411 306 1465 bonam
337 1426 452 1464 non
504 1409 680 1465 donat
707 1408 1063 1465 voluntatem
1113 1410 1212 1482 (a).
1264 1409 1335 1464 Et
1382 1408 1535 1464 sicut
1591 1408 1726 1464 illos

121 1499 359 1554 voluntas
388 1515 501 1554 sua
533 1498 702 1564 mala,
733 1499 816 1554 sic
847 1498 1137 1568 istosjure
1160 1498 1361 1570 puniri
1395 1498 1530 1553 facit
1561 1499 1723 1571 origo

121 1591 381 1645 damnata.
415 1589 573 1644 Deus
601 1593 788 1645 autem
820 1589 878 1644 in
927 1589 1262 1645 hominibus
1294 1588 1720 1661 nechaculam

121 1678 303 1734 vitiata
331 1677 596 1751 originis,
630 1693 733 1733 nec
755 1676 1038 1733 malitiam
1061 1677 1322 1734 condidit
1352 1678 1595 1750 propriae
1627 1694 1722 1734 vo-

117 1770 351 1825 luntatis.
363 1773 421 1824 In
435 1767 963 1841 hominibusigitur
976 1786 1122 1840 quos
1136 1768 1720 1841 salvat,)voluntatem
1753 1797 1804 1866 Β

121 1860 314 1914 bonam
335 1875 440 1913 non
464 1857 702 1924 invenit,
734 1859 835 1914 sed
857 1858 1004 1913 sicut
1028 1863 1260 1913 aetatum
1279 1858 1459 1930 exigit
1479 1857 1719 1914 diversi-

124 1951 334 2014 tas,aut
351 1947 406 2001 in
431 1947 748 2018 majoribus
771 1947 980 2003 bonam
1005 1947 1356 2002 voluntatem
1384 1948 1569 2020 gratis
1591 1945 1728 2002 facit

125 2054 276 2108 quam
294 2037 507 2093 invenit
530 2037 766 2107 malam,
791 2037 1029 2094 autsine
1045 2037 1340 2094 voluntate
1357 2035 1616 2093 hominis
1635 2035 1726 2092 vel

125 2128 251 2182 bona
285 2126 368 2183 vel
405 2126 580 2192 mala,
612 2126 836 2199 perﬁcit
865 2127 922 2182 in
968 2126 1222 2199 parvulis
1252 2126 1497 2198 gratiam
1528 2143 1727 2181 sacra-

127 2217 575 2288 menti,illecujus
589 2234 746 2274 nemo
760 2221 951 2289 potest
963 2218 1124 2273 bona:
1140 2218 1408 2273 resistere
1421 2215 1724 2272 voluntati.

177 2307 370 2363 CAPUT.
404 2324 559 2362 xxxi.
587 2312 729 2378 Quos
748 2323 932 2363 omnes
960 2307 1206 2362 homines
1239 2308 1377 2363 Deus
1407 2308 1524 2362 vult
1547 2307 1729 2362 salvos

117 2398 241 2466 ﬁeri.
260 2404 364 2453 Per
387 2413 573 2454 omnes
591 2398 841 2453 homines
862 2413 970 2452 non
991 2414 1204 2469 semper
1227 2402 1400 2452 totum
1429 2413 1609 2470 genus
1633 2398 1728 2453 hu-

119 2504 315 2542 manum
336 2489 697 2557 intelligitur.
715 2519 777 2528 —
793 2488 882 2542 61.
906 2488 1188 2553 Quocirca
1209 2487 1339 2543 illos
1362 2504 1565 2543 omnes
1580 2503 1728 2559 quos

123 2577 253 2634 Deus
270 2578 390 2634 vult
416 2578 610 2633 salvos
633 2577 1200 2650 fieri,sicintelligere
1222 2578 1602 2647 debemus,ut
1625 2593 1729 2633 nec

121 2665 350 2737 aliquem
368 2673 637 2737 putemus
667 2666 892 2723 salvum
923 2666 1047 2722 ﬁeri
1080 2683 1253 2738 posse
1286 2667 1400 2722 nisi
1432 2665 1730 2722 voluntate

117 2756 239 2820 Dei,
274 2757 360 2824 (b),
389 2757 899 2814 necexistimemus
927 2756 1290 2814 voluntatem
1312 2757 1728 2828 omnipotentis

125 2845 242 2911 Dei,
267 2847 426 2900 autin
439 2846 618 2918 aliquo
634 2865 748 2903 non
765 2847 1010 2920 impleri,
1045 2846 1727 2919 autaliquatenusimpe-

123 2934 601 2993 diri.0mnesenim
617 2936 1730 3010 quosDeusvultsalvosa20fieri,sine

128 3027 459 3085 dubitatione
471 3029 790 3100 salvantur,
808 3046 912 3086 nec
930 3035 1178 3103 possunt
1194 3028 1430 3097 salvari,
1453 3029 1566 3084 nisi
1580 3045 1729 3101 quos

126 3117 254 3174 Deus
274 3119 395 3174 vult
418 3119 610 3176 salvos
631 3121 774 3186 fieri,
800 3137 905 3177 nec
925 3125 1014 3176 est
1036 3119 1350 3192 quisquam
1370 3135 1541 3190 quem
1569 3118 1722 3175 Deus

1835 514 2050 586 Spiritu
2097 533 2217 574 meo
2263 534 2429 591 super
2483 535 2699 576 omnem
2762 536 2986 577 carnem
3048 523 3202 590 (Joel.
3251 540 3316 594 ιι,
3381 523 3495 594 28).

1835 605 1997 669 Quod
2029 607 2086 661 in
2111 611 2349 662 centum
2380 607 2587 680 viginti
2606 609 2949 667 hominibus
2981 609 3040 666 in
3066 627 3214 682 quos
3237 611 3495 682 Spiritus

1835 700 2078 751 sanctus
2111 695 2330 769 linguis
2355 697 2542 769 igneis
2569 699 2722 754 venit
2775 699 2994 756 factum
3040 701 3245 756 beatus
3294 701 3498 758 Petrus

1835 787 2112 842 ostendit.
2147 787 2200 841 Si
2232 805 2370 860 ergo
2402 788 2493 844 hic
2516 806 2751 845 omnem
2773 807 3009 846 carnem
3033 807 3238 848 omnes
3261 793 3500 848 omnino

1837 876 2243 947 putaverimus
2265 877 2536 934 homines
2553 878 2824 952 intelligi,
2857 879 3095 952 incipiet
3115 881 3294 952 (quod
3315 881 3492 953 absit)

1839 966 2090 1020 mendax
2122 966 2402 1022 mstimari
2443 983 2636 1024 sermo
2687 969 2938 1025 divinus.
2990 970 3081 1024 Est
3127 975 3314 1025 autem
3361 972 3499 1027 Deus

1839 1069 2024 1122 verax,
2057 1064 2106 1111 et
2136 1056 2358 1128 eloquia
2389 1057 2612 1114 Domini
2640 1060 2858 1130 eloquia
2881 1068 3033 1114 casta
3080 1060 3257 1130 (Rom.
3302 1076 3388 1128 ιιι,
3423 1061 3454 1114 li
3484 1079 3498 1130 ;

1838 1145 1986 1201 Psal.
2021 1164 2099 1212 x1,
2139 1148 2214 1216 7).
2250 1146 2437 1217 Super
2465 1164 2700 1203 omnem
2741 1147 2923 1220 igitur
2953 1165 3187 1205 carnem
3239 1149 3394 1206 sicut
3436 1167 3498 1207 se

1838 1237 1990 1292 Deus
2017 1236 2342 1291 ettusurum
2373 1237 2441 1291 de
2473 1237 2686 1309 spiritu
2711 1254 2820 1293 suo
2843 1238 3201 1309 repromisit,
3227 1239 3312 1294 sic
3334 1240 3494 1310 fecit,

1837 1326 1921 1380 sic
1952 1325 2110 1394 facit,
2145 1326 2227 1380 sic
2259 1342 2445 1398 usque
2490 1325 2550 1382 in
2602 1327 2778 1382 linem
2840 1327 3040 1383 seculi
3091 1328 3354 1384 facturus
3386 1333 3498 1384 est.

1835 1415 2082 1471 Prorsus
2111 1432 2290 1487 super
2319 1430 2551 1472 omnem
2583 1432 2842 1487 carnem,
2875 1417 2934 1472 id
2964 1423 3052 1474 est
3088 1433 3265 1489 super
3293 1434 3496 1474 omnes

1836 1505 2104 1561 homines
2135 1504 2382 1561 etfundit
2403 1506 2472 1562 de
2491 1506 2708 1577 Spiritu
2734 1523 2864 1576 suo,
2890 1507 3118 1564 scilicet
3159 1523 3336 1581 super
3356 1507 3490 1566 illos

1837 1610 2041 1649 omnes
2072 1595 2145 1664 (c)
2176 1610 2326 1664 quos
2357 1593 2482 1648 vult
2505 1594 2695 1651 salvos
2728 1596 2875 1652 fieri.

1908 1683 1994 1738 63.
2025 1682 2094 1736 Et
2123 1687 2188 1736 ut
2218 1682 2320 1754 qui
2349 1683 2470 1739 sint
2499 1699 2702 1739 omnes
2734 1684 2830 1740 isti
2864 1685 3092 1756 plenius
3134 1687 3491 1757 noverimus,

1835 1774 2102 1846 ejusdem
2127 1773 2280 1828 beati
2301 1773 2451 1828 Petri
2477 1775 2852 1830 sermonibus
2875 1776 3296 1846 auscultemus,
3313 1779 3414 1850 qui
3437 1778 3499 1840 il.

1835 1864 1950 1919 lam
1966 1863 2436 1935 pradicationem
2460 1878 2629 1918 suam
2651 1869 2855 1920 sancto
2885 1865 3096 1936 spiritu
3115 1865 3373 1937 repletus
3386 1866 3496 1922 hac

1833 1953 2237 2010 exhortatione
2267 1951 2556 2007 conclusit
2581 1969 2596 2008 :
2644 1951 3034 2008 Paenitentiam
3062 1954 3297 2025 (inquit)
3325 1955 3498 2026 agite,

1835 2050 1885 2099 et
1931 2043 2240 2113 baptizatur
2286 2040 2660 2114 unusquisque
2702 2051 2940 2098 vestrum
2988 2043 3050 2098 in
3085 2043 3314 2100 nomine
3371 2046 3497 2100 Jesu

1835 2131 2041 2188 Christi
2060 2133 2120 2186 in
2150 2130 2531 2188 remissionem
2559 2136 2906 2205 peccatorum
2936 2142 3238 2188 vestrorum
3265 2142 3316 2192 et
3353 2136 3499 2190 acci-

1835 2221 2004 2294 pietis
2032 2222 2236 2278 donum
2262 2222 2500 2293 Spiritus
2528 2221 2713 2278 sancti
2743 2238 2757 2278 :
2793 2222 2940 2277 vobis
2988 2223 3137 2278 enim
3176 2227 3256 2279 est
3292 2239 3490 2296 repro-

1839 2311 2030 2368 missio
2077 2317 2126 2369 et
2174 2311 2312 2382 ﬁliis
2343 2310 2560 2378 vestris,
2608 2315 2662 2366 et
2704 2313 2958 2368 omnibus
3002 2314 3100 2384 qui
3138 2313 3296 2382 longe
3339 2317 3489 2380 sunt,

1835 2417 2177 2473 quoscunque
2204 2401 2546 2458 advocaverit
2575 2402 2842 2458 Dominus
2875 2403 3012 2458 Deus
3037 2406 3378 2475 nostei'(.4ct.
3427 2421 3491 2469 Π,

1836 2491 1926 2558 38,
1962 2492 2075 2560 39).
2107 2491 2324 2549 Omnes
2355 2492 2552 2564 itaque
2573 2491 2738 2558 dixit,
2765 2493 2867 2549 sed
2894 2509 3278 2565 quoscunque
3301 2493 3494 2549 Domi-

1839 2597 1952 2637 nus
1989 2580 2372 2636 advocaverit.
2405 2581 2561 2645 Quos
2591 2582 2766 2638 etiam
2799 2581 3007 2640 beatus
3037 2583 3255 2639 Paulus
3287 2599 3494 2638 secun-

1836 2670 1976 2723 dum
2007 2669 2378 2741 propositum
2405 2675 2638 2727 vocatos
2660 2669 2942 2737 insinuat,
2974 2670 3075 2742 qui
3103 2671 3217 2728 alio
3257 2687 3490 2743 quoque

1835 2759 1963 2815 loco
1994 2761 2094 2827 ait,
2114 2758 2471 2816 conclusisse
2496 2761 2681 2816 Deum
2703 2762 2890 2817 omnia
2910 2762 2971 2816 in
2992 2759 3410 2828 incredulitate,
3429 2754 3490 2816 ut

1835 2850 2087 2904 omnium
2144 2851 2472 2905 misereatur
2519 2849 2693 2922 (Rom.
2744 2868 2820 2918 xx,
2853 2851 2963 2921 32).
2997 2855 3065 2906 Et
3093 2856 3291 2907 tamen
3336 2851 3491 2906 Deus

1838 2954 1953 2994 non
1968 2938 2048 2994 ita
2066 2940 2327 2994 omnium
2347 2939 2602 2995 omnimo
2621 2938 3161 3010 misereturquosin
3177 2939 3493 2995 increduli-

1836 3031 1954 3082 tate
1983 3027 2288 3097 conclusit,
2328 3036 2390 3083 ut
2415 3029 2691 3085 omnibus
2719 3029 3056 3084 infidelibus
3085 3027 3332 3100 gratiam
3352 3027 3489 3083 fidei

1844 3117 2590 3188 misericorditerdonet,(d)
2605 3133 2736 3174 cum
2752 3123 2948 3173 tamen
2963 3117 3228 3170 eamdem
3243 3115 3487 3186 gratiam

124 3172 300 3265 salvari
314 3172 572 3282 unus;
577 3172 899 3282 (αῖῌιίᾶοᾘ
911 3172 1351 3280 gestuin;
1368 3172 1520 3265 ait.
1530 3172 1726 3265 eis;
1757 3172 1804 3239 (ἶ
1845 3172 1980 3264 nisi
1996 3172 2108 3265 non
2127 3172 2470 3263 infidelibus
2494 3172 2649 3262 iisin
2674 3172 3007 3262 misericors
3029 3205 3226 3272 donet,
3243 3172 3351 3260 sed
3372 3203 3489 3260 illis

124 3300 279 3354 omnia
303 3315 647 3372 quacunque
689 3301 858 3356 voluit
887 3299 1018 3370 fecit
1047 3300 1218 3372 (Psal.
1252 3315 1476 3368 cxxxrv,
1508 3300 1581 3370 6).
1607 3299 1724 3370 Ipsi

1834 3297 2037 3370 procul
2069 3297 2247 3352 dubio
2275 3297 2346 3352 de
2378 3295 2594 3367 quibus
2616 3295 2687 3349 ad
2708 3299 2941 3365 Moysen
2966 3293 3107 3350 dicit
3131 3311 3144 3350 :
3179 3293 3484 3350 Μίδανεὸον

123 3403 298 3445 omnes
333 3389 537 3462 utique
568 3389 711 3445 salvi
757 3390 922 3457 fiunt,
952 3406 1100 3461 quos
1132 3405 1337 3445 omnes
1383 3389 1504 3444 vult
1533 3389 1726 3446 salvos
1832 3389 1924 3443 cui
1952 3385 2236 3452 misereor,
2285 3389 2336 3438 et
2358 3383 2806 3440 misericordiam
2837 3383 2984 3439 82]
3028 3383 3299 3454 prastabo
3322 3383 3482 3447 cuius

118 3477 216 3532 ﬁeri
240 3495 252 3533 :
280 3479 419 3551 quia
449 3479 574 3535 haec
597 3480 756 3536 salus
780 3496 893 3535 non
925 3479 1042 3536 illis
1062 3497 1130 3535 ex
1152 3478 1410 3535 humana
1429 3479 1727 3535 voluntate

114 3568 370 3636 nascitur,
403 3568 506 3623 sed
540 3584 606 3623 ex
636 3568 735 3623 Dei
767 3569 917 3623 bona
944 3567 1244 3624 voluntate
1277 3571 1606 3640 praestatur.
1633 3569 1730 3624 Ve-

112 3662 420 3712 rumtamen
446 3656 506 3712 in
532 3656 623 3711 his
636 3655 908 3712 omnibus
922 3656 1262 3712 hominibus
1275 3671 1422 3726 quos
1434 3655 1588 3711 Deus
1607 3654 1732 3710 vult

114 3742 286 3800 salvos
318 3745 506 3801 facere
527 3762 639 3800 non
663 3749 848 3800 totum
883 3745 1122 3800 omnino
1143 3761 1330 3817 genus
1365 3743 1732 3816 signiﬁcatur

105 3833 511 3903 hominum,sed
526 3839 781 3893 omnium
795 3837 1142 3892 universitas
1157 3835 1731 3891 salvandorum.Ideo

105 3930 286 3980 autem
309 3943 513 3982 omnes
535 3926 674 3982 dicti
693 3931 849 3992 sunt,
868 3925 1088 3998 quiaex
1101 3925 1379 3980 omnibus
1393 3923 1732 3979 hominibus

106 4029 296 4070 omnes
323 4017 470 4072 istos
502 4015 696 4070 divina
727 4017 958 4072 bonitas
988 4014 1194 4085 salvat,
1229 4014 1286 4068 id
1320 4019 1428 4081 est,
1472 4029 1541 4068 ex
1570 4011 1733 4068 omni

101 4107 283 4173 gente,
315 4103 664 4174 conditione,
696 4108 877 4174 atate,
911 4121 979 4160 ex
1011 4103 1171 4160 omni
1199 4102 1421 4174 lingua,
1455 4117 1523 4157 ex
1570 4100 1734 4156 omni

103 4192 412 4262 provincia.
437 4197 499 4251 In
533 4195 626 4251 his
651 4197 925 4252 omnibus
948 4195 1044 4250 ille
1061 4210 1254 4250 sermo
1288 4191 1473 4249 nostri
1498 4193 1736 4249 Redem-

101 4281 284 4349 ptoris
300 4283 593 4356 impletur,
613 4301 727 4358 quo
749 4285 830 4341 ait
856 4304 868 4341 :
895 4285 1030 4340 Cum
1045 4284 1327 4340 exaltatus
1336 4285 1494 4354 fuero
1510 4299 1543 4337 a
1562 4290 1732 4354 terra,

89 4372 289 4425 omnia
316 4372 522 4428 traham
547 4374 620 4430 ad
643 4374 915 4446 meipsum
937 4376 1114 4442 (Joan.
1139 4390 1246 4439 xu,
1275 4374 1383 4444 32).
1419 4373 1582 4438 Quod
1616 4387 1733 4428 non

85 4456 402 4529 ideodixit,
421 4463 546 4533 quia
561 4464 1015 4520 omnesomnino
1052 4463 1254 4527 trahit,
1277 4463 1376 4518 sed
1409 4461 1548 4534 quia
1563 4476 1732 4517 nemo

1835 3475 2133 3532 miserebor
2165 3472 2372 3543 (Exod.
2397 3488 2594 3539 χχχιιι,
2631 3472 2737 3543 19).
2781 3471 3036 3528 Gratiam
3066 3472 3248 3544 igitur
3274 3472 3482 3530 volun-

1838 3565 1997 3621 taria:
2029 3561 2358 3618 donationis
2399 3560 2672 3627 ostendit,
2721 3560 2877 3616 sicut
2922 3560 3209 3616 Dominus
3239 3560 3364 3617 suis
3393 3560 3483 3616 di-

1839 3661 2058 3727 gnatus
2087 3655 2178 3708 est
2205 3650 2364 3721 loqui
2393 3649 2741 3721 discipulis:
2779 3650 2939 3708 Vobis
2968 3651 3158 3708 datum
3208 3659 3287 3707 est
3330 3666 3486 3707 nosse

1838 3744 2172 3817 mysterium
2201 3743 2359 3810 regni
2387 3741 2674 3812 caelorum,
2695 3741 2812 3797 illis
2839 3744 3025 3797 autem
3053 3757 3166 3798 non
3193 3749 3276 3798 est
3297 3741 3487 3802 datum

1837 3833 2052 3906 (Matth.
2090 3849 2214 3901 xm,
2238 3831 2261 3887 l
2278 3833 2326 3902 1)
2351 3849 2364 3900 ;
2390 3831 2530 3887 item
2554 3831 2696 3887 dicit
2723 3848 2735 3886 :
2763 3830 2869 3899 Qui
2893 3840 3067 3904 potest
3089 3848 3287 3905 capere
3302 3833 3490 3903 capiat

1840 3924 2050 3996 (Matth.
2084 3939 2202 3986 x1x,
2237 3923 2343 3993 13).
2379 3921 2492 3977 Sed
2525 3921 2622 3994 (al.
2648 3921 2753 3994 sic)
2786 3925 2852 3978 ut
2881 3922 3072 3994 ipsam
3101 3922 3486 3996 capacitatem

1841 4015 2038 4070 divina
2063 4014 2296 4068 doceret
2325 4012 2594 4084 largitate
2622 4012 2880 4080 concedi,
2904 4013 3018 4068 alio
3048 4012 3173 4069 loco
3223 4013 3304 4068 ait
3335 4012 3490 4069 :Non

1840 4119 2025 4160 omnes
2081 4102 2307 4174 capiunt
2352 4101 2449 4159 hoc
2496 4103 2738 4166 verbum,
2787 4103 2881 4157 sed
2928 4102 3128 4173 quibus
3173 4103 3363 4157 ctutum
3411 4107 3491 4156 est

1843 4193 2029 4267 (Ibid.,
2063 4195 2168 4260 ιι).

1913 4285 2002 4339 64.
2037 4283 2108 4338 Hi
2131 4286 2272 4339 sunt
2301 4297 2435 4352 ergo
2465 4296 2671 4336 omnes
2693 4295 2945 4351 quorum
2973 4283 3122 4334 Deus
3153 4278 3488 4346 miseretur,

1842 4373 1979 4446 quia
1998 4369 2398 4429 misericordia
2422 4369 2604 4442 ipsius
2623 4366 3074 4441 praeveniantur,
3091 4369 3157 4421 ut
3179 4365 3419 4421 credant
3435 4369 3492 4421 et

1842 4459 2178 4534 gratissalvi
2195 4459 2340 4515 ﬁant
2353 4473 2454 4529 per
2468 4458 2886 4513 fidem.Eorum
2909 4471 3158 4524 namque
3171 4451 3493 4511 credulitas

85 4547 293 4604 salvus
323 4549 412 4614 tit,
433 4552 535 4608 nisi
567 4570 744 4625 quem
778 4554 898 4624 ipse
930 4553 1193 4609 traxerit.
1225 4555 1373 4607 Nam
1407 4554 1463 4605 et
1486 4549 1624 4605 alibi
1650 4551 1736 4605 di-
1757 4536 1806 4603 D
1842 4569 1958 4608 non
1983 4567 2054 4608 ex
2083 4550 2342 4605 humana
2388 4547 2686 4604 voluntate
2717 4545 2903 4602 sumit
2952 4543 3209 4615 initium,
3243 4544 3340 4600 sed
3376 4542 3496 4616 ipsi

81 4639 194 4692 cit:
228 4639 400 4696 Nemo
419 4646 590 4712 potest
615 4644 806 4698 venire
830 4642 906 4697 ad
940 4657 1045 4709 me,
1090 4643 1202 4697 nisi
1229 4643 1415 4707 Pater,
1448 4641 1546 4712 qui
1579 4638 1735 4695 misit

79 4733 454 4793 me,tra.a:erit
482 4747 607 4786 eum
635 4733 812 4802 (Joan.
869 4749 945 4797 γι,
992 4731 1106 4798 37).
1153 4731 1299 4785 Item
1349 4727 1526 4783 alibi:
1561 4728 1729 4784 Omne

90 4817 223 4884 Quod
246 4817 400 4875 dedit
419 4821 565 4876 mihi
584 4822 843 4878 Paterad
860 4837 947 4875 me
967 4821 1168 4875 veniet.
1193 4819 1263 4874 Hi
1290 4833 1426 4888 ergo
1458 4823 1597 4872 sunt
1615 4834 1731 4874 om-

91 4923 186 4965 nes
213 4926 368 4980 quos
392 4911 511 4967 vult
542 4915 690 4968 Deus
711 4911 902 4968 salvos
925 4911 1044 4967 ﬁeri
1071 4915 1129 4966 et
1148 4910 1219 4964 ad
1252 4908 1611 4980 agnitionem
1638 4925 1729 4964 ve-

78 4999 272 5054 ritatis
303 5000 522 5057 venire.

139 5087 239 5144 62.
265 5089 374 5146 Est
396 5094 586 5147 autem
608 5090 898 5149 familiare
923 5091 1141 5150 divinis
1162 5093 1410 5166 eloquiis
1442 5099 1510 5152 ut
1532 5112 1735 5154 omnes

77 5192 519 5252 nonnunquam
540 5180 760 5252 dicant,
778 5197 880 5236 nec
895 5185 1090 5238 tamen
1107 5199 1280 5240 omne
1297 5184 1622 5240 humanum
1643 5201 1737 5258 ge-

91 5280 186 5322 nus
222 5269 286 5323 in
323 5269 468 5341 ipsis
487 5271 766 5326 omnibus
797 5287 1030 5342 semper
1052 5271 1298 5346 intelligi
1330 5275 1539 5330 debere
1573 5291 1739 5330 com-

90 5364 405 5426 moneant;
436 5359 594 5416 sicut
619 5364 710 5416 est
739 5359 885 5416 illud
946 5362 1104 5433 quod
1149 5362 1290 5418 dicit
1318 5363 1606 5420 Dominus
1637 5379 1739 5436 per

141 5498 222 5564 (α)
253 5499 434 5568 Editi,
463 5518 588 5557 cum
626 5505 828 5557 bonam
858 5519 969 5558 non
997 5504 1175 5561 donat
1207 5507 1564 5563 voluntatem.

91 5637 122 5691 Β
144 5574 215 5642 th}
248 5574 343 5624 sic
379 5589 488 5626 ms.
519 5591 538 5628 :
570 5575 703 5627 edd.
733 5581 950 5640 autem,
977 5577 1190 5631 salvari
1207 5594 1360 5649 posse
1389 5579 1503 5634 nisi
1530 5580 1739 5638 volente

123 5657 200 5691 ιο,

123 5657 200 5696 ιο.

145 5659 219 5789 (0c)
255 5715 437 5785 Editi,
465 5731 632 5788 super
669 5718 806 5771 illos
845 5719 1114 5776 homines.
1154 5721 1284 5792 Ms.,
1315 5737 1522 5779 omnes.

365 5835 629 5900 Panos.
675 5835 858 5898 LXV.

1842 4641 2130 4699 voluntati
2144 4639 2286 4694 fides
2302 4635 2556 4708 gratuita
2571 4635 2669 4692 Dei
2686 4635 3024 4690 miserantis
3037 4633 3307 4708 largitate
3319 4634 3497 4692 dona-

1839 4739 1953 4788 tur.
1979 4730 2140 4785 Hanc
2158 4727 2423 4782 omnium
2451 4725 2884 4793 discretionem,
2908 4741 3082 4796 quam
3107 4725 3298 4782 ﬁdelis
3323 4726 3495 4785 debet

1837 4819 2174 4876 intellectus
2194 4815 2432 4872 omnino
2475 4831 2728 4885 servare,
2765 4816 2972 4871 beatus
2993 4815 3209 4873 Paulus
3230 4831 3348 4872 uno
3371 4815 3498 4888 Epi-

1843 4909 2004 4967 stolis
2023 4925 2142 4966 suae
2159 4909 2285 4964 loco
2303 4907 2388 4963 sic
2408 4907 2622 4979 posuit,
2649 4912 2713 4964 ut
2730 4922 2936 4963 omnes
2956 4905 3228 4962 homines
3248 4905 3374 4962 sine
3393 4905 3496 4961 ali-

1845 5018 1962 5075 qua
1979 5001 2318 5073 exceptione
2337 4999 2561 5066 dicens,
2576 4999 2773 5055 statim
2789 4997 3076 5068 quosdam
3093 5011 3297 5051 omnes
3310 4993 3494 5050 homi-

1846 5107 1950 5148 nes
1969 5090 2228 5162 exceptis
2243 5088 2376 5145 aliis
2396 5088 2714 5144 intimaret.
2733 5085 2996 5142 Aitenim
3022 5085 3203 5139 :Sicut
3215 5095 3312 5152 per
3330 5080 3496 5136 unius

1843 5181 2104 5238 delictum
2120 5182 2176 5236 in
2193 5195 2378 5237 omnes
2389 5178 2632 5235 homines
2645 5176 2702 5232 in
2716 5173 3302 5236 condemnatwnem,et
3311 5171 3498 5240 sicper

1845 5269 2011 5325 unius
2016 5271 2303 5342 justitiam
2316 5271 2374 5323 in
2387 5281 2570 5322 omnes
2584 5266 2829 5320 homines
2846 5261 2905 5316 in
2918 5259 3356 5329 iustiﬁcationem
3366 5260 3497 5314 vitae

1845 5362 2018 5431 (Rom.
2043 5377 2094 5428 v,
2135 5360 2242 5430 18).
2271 5355 2685 5425 Nunquidnam
2717 5351 2856 5421 quia
2875 5351 2937 5404 in
2953 5363 3141 5403 omnes
3170 5346 3418 5403 homines
3436 5348 3495 5402 in

1917 5505 1997 5573 (ά)
2015 5503 2145 5578 Hmo
2165 5499 2360 5578 verba,
2379 5504 2702 5578 cumtamen
2719 5491 2964 5578 eamdem
2985 5493 3227 5578 gratiam
3243 5493 3372 5578 ﬁdei
3385 5509 3498 5552 non

1847 5563 2162 5699 inﬁd'etibgs
2184 5565 2652 5625 Deusmisericors
2668 5563 2848 5631 donet,
2869 5565 3082 5617 absunt
3099 5581 3122 5614 τι
3151 5563 3282 5634 ms},
3301 5566 3496 5638 legun-

1847 5655 1942 5704 tur
1975 5647 2032 5699 in
2065 5660 2092 5699 e
2140 5641 2260 5698 itis.

3143 5833 3216 5891 16
