3900 6214
379 306 494 368 491

1380 294 1445 353 Β.
1491 290 1917 356 FULGENTII
1963 287 2311 350 EPlSCOPI
2360 288 2787 353 RUSPENSIS

3674 283 3781 341 492

382 433 913 501 condemnationem,
945 436 999 488 et
1022 430 1086 487 in
1116 445 1303 486 omnes
1323 428 1568 485 homines
1598 427 1657 482 in
1669 424 2031 498 justiﬁeatio-
2058 424 2115 492 Α
2147 423 2428 479 discessio
2443 440 2559 479 non
2593 421 2966 490 fuisset;etsi
2993 437 3126 478 eum
3148 416 3419 476 Christus
3443 418 3782 490 quandoque

384 545 514 587 nem
536 523 852 598 Apostolus
883 520 1046 588 dicit,
1079 521 1209 576 ideo
1234 535 1475 591 prorsus
1505 533 1712 573 omnes
1743 515 2035 582 homines,

388 634 540 692 quos
572 631 674 688 per
704 615 1007 686 peccatum
1057 610 1191 664 Adae
1224 607 1585 680 originaliter
1633 609 1864 662 constat
1910 621 2040 660 esse

389 709 724 771 damnatos,
757 701 935 757 simul
968 716 1170 755 omnes
1219 699 1456 754 eosdem
1491 697 1726 753 credere
1758 696 2039 750 debemus

381 795 740 869 justificatos
770 807 896 847 esse
928 806 1029 862 per
1057 789 1352 844 Christum
1383 804 1554 857 ;cum
1579 783 2040 841 innumerabiles

393 883 724 941 inﬁdelium
743 885 960 936 mortes
975 878 1289 946 obsistant,
1304 876 1407 948 qui
1425 876 1552 931 sine
1564 873 2045 946 gratiajustiﬁca-

392 973 574 1031 tionis
603 973 677 1027 de
698 970 808 1026 hac
829 969 949 1024 vita
970 970 1302 1033 transeunt,
1331 970 1390 1021 et
1421 966 1643 1035 absque
1674 967 2042 1019 sacramento

394 1060 769 1135 baptismatis
802 1058 873 1113 ad
921 1057 1120 1113 sedem
1152 1054 1360 1110 mortis
1390 1059 1724 1124 aeternaque
1755 1050 2046 1123 supplicia

396 1149 753 1225 rapiuntur?
771 1150 972 1202 Restat
993 1162 1131 1217 ergo
1161 1148 1226 1199 ut
1246 1161 1361 1199 non
1385 1158 1591 1198 omnes
1613 1142 1873 1196 omnimo
1896 1155 2045 1211 quos

398 1242 461 1297 in
481 1237 1032 1297 condemnationem
1054 1234 1218 1306 ponit
1241 1232 1550 1305 Apostolus
1574 1231 1821 1286 transire
1842 1232 1913 1285 ad
1924 1231 2052 1299 jus-

395 1328 736 1385 tiﬂcationis
760 1326 1009 1398 gratiam
1033 1324 1383 1392 sentiamus,
1405 1322 1507 1377 sed
1532 1321 1818 1392 quosdam
1841 1336 1911 1374 ex
1929 1318 2046 1373 illis

400 1418 677 1476 omnibus
695 1430 902 1470 omnes
928 1414 1075 1468 istos
1092 1412 1198 1483 (a):
1223 1412 1423 1483 itaque
1444 1426 1646 1467 omnes
1669 1425 1772 1481 per
1790 1409 1973 1463 Adam
1988 1408 2047 1463 in

398 1502 950 1564 condemnationem
978 1518 1108 1557 esse
1136 1500 1287 1556 filios
1318 1500 1437 1569 iraa,
1468 1504 1526 1555 et
1546 1516 1614 1555 ex
1643 1499 1728 1554 eis
1759 1499 2046 1570 quosdam

397 1593 808 1669 perChristum
830 1607 1033 1648 omnes
1055 1607 1184 1647 esse
1199 1589 1349 1645 filios
1362 1589 1596 1662 gratias;
1622 1588 1755 1644 illos
1768 1605 1903 1660 ergo
1922 1604 2052 1643 esse

396 1700 628 1750 omnes,
654 1698 802 1754 quos
833 1697 936 1753 per
954 1681 1212 1752 primum
1243 1679 1543 1735 hominem
1568 1694 1825 1749 propago
1848 1693 2049 1749 pecca-

395 1773 511 1831 trix
526 1770 748 1829 carnali
761 1769 1131 1842 generatione
1144 1768 1518 1825 condemnat.
1533 1771 1749 1824 Omnes
1762 1768 1919 1824 enim
1935 1772 2050 1821 ter-
2082 1790 2131 1855 Β

397 1862 524 1920 reni
555 1865 718 1929 sunt,
752 1860 856 1931 qui
877 1859 1093 1916 terreni
1122 1858 1382 1914 hominis
1409 1858 1728 1930 imaginem
1750 1865 1980 1930 gerunt,
2001 1862 2057 1913 et

402 1968 609 2008 omnes
627 1948 892 2008 caelestes
913 1950 1016 2021 qui
1034 1950 1106 2005 ad
1124 1954 1400 2005 aeternam
1418 1948 1601 2003 vitam
1616 1949 1933 2019 imaginem
1953 1946 2055 2001 ho-

403 2043 583 2099 minis
599 2041 855 2099 cmlestis
873 2041 1057 2112 accipi
1068 2046 1192 2096 unt.
1213 2040 1431 2094 Iterum
1444 2040 1586 2093 dicit
1599 2037 1883 2109 propheta
1903 2054 1913 2091 :
1930 2036 2057 2091 Omv

404 2148 500 2188 nes
523 2141 705 2201 gentes
720 2146 1070 2202 quascunque
1088 2128 1271 2200 fecisti
1290 2136 1533 2193 venient,
1554 2131 1607 2180 et
1626 2126 1933 2181 adorabunt
1962 2142 2057 2181 eo-

403 2238 526 2276 ram
550 2225 620 2289 te,
654 2219 900 2287 Domine,
922 2227 972 2273 et
989 2218 1589 2288 gloriﬁcabant'nomen
1606 2224 1763 2268 tuum
1788 2215 1863 2286 (ὁ)
1884 2217 2057 2288 (Psal.

406 2324 611 2371 Lxxxv,
643 2308 723 2377 9).
774 2305 1060 2362 Dominus
1090 2320 1325 2375 quoque
1366 2305 1490 2358 suis
1549 2303 1823 2358 ﬁdelibus
1867 2304 2009 2358 dicit
2042 2325 2057 2365 :

408 2394 588 2450 Erilis
615 2393 739 2450 odio
786 2394 1039 2449 omnibus
1077 2392 1332 2460 gentibus
1377 2394 1601 2462 propter
1640 2407 1844 2446 nomen
1873 2408 2058 2447 meum

417 2482 629 2555 (Matth.
655 2499 711 2553 x,
741 2482 853 2553 22).
903 2481 1183 2552 Nunquid
1216 2496 1355 2552 ergo
1388 2480 1700 2535 contrariis
1742 2481 1856 2535 sibi
1886 2498 2061 2553 repu-

407 2576 550 2644 gnat
575 2572 878 2643 Scriptura
907 2569 1105 2625 divina
1134 2569 1445 2625 sententiis
1464 2573 1492 2624 ?
1516 2569 1695 2625 Absit.
1722 2571 1833 2625 Sed
1852 2578 1906 2625 et
1926 2570 2061 2627 illos

408 2678 634 2731 omnes,
658 2667 715 2718 et
744 2662 888 2717 istos
920 2675 1122 2716 omnes
1152 2661 1435 2716 veraciter
1461 2661 1625 2731 dicit,
1657 2661 1714 2715 id
1741 2667 1831 2717 est
1858 2666 2061 2717 etom-

418 2768 522 2807 nes
552 2750 754 2806 ﬁdeles
778 2750 878 2822 qui
911 2764 1123 2804 nomen
1146 2749 1377 2805 Domini
1412 2752 1469 2805 in
1496 2751 1769 2806 omnibus
1787 2752 2061 2820 gentibus

417 2840 769 2913 gloriﬁcant,
784 2845 841 2895 et
862 2856 1067 2896 omnes
1087 2839 1421 2895 incredulos
1435 2840 1533 2911 qui
1560 2857 1661 2910 per
1678 2842 1910 2895 easdem
1935 2858 2060 2896 om-

418 2947 525 2987 nes
546 2934 751 3004 gentes
767 2931 826 2985 in
849 2930 981 2986 odio
1013 2930 1270 2985 nominis
1292 2929 1510 2985 Christi
1531 2929 1910 3001 ﬁdeliumque
1932 2932 2060 3002 ejus

416 3020 713 3077 mortifera
742 3020 1043 3094 impietate
1073 3020 1411 3092 perdurant.

487 3112 575 3166 65.
606 3109 747 3167 Tale
777 3110 1058 3183 quiddam
1084 3114 1173 3165 est
1189 3109 1365 3165 etiam
1393 3109 1451 3163 in
1486 3107 1741 3180 Epistola
1764 3126 1939 3179 quam
1958 3109 2061 3165 Co-

420 3200 790 3257 lossensibus
809 3201 1013 3257 beatus
1031 3199 1346 3271 Apostolus
1362 3198 1588 3262 scribit,
1609 3197 1708 3251 ubi
1722 3199 1896 3254 dicit:
1923 3200 2063 3267 Quia

419 3289 483 3345 in
518 3289 733 3346 Christo
763 3290 982 3347 condita
1010 3295 1141 3344 sunt
1169 3292 1431 3344 universa
1456 3288 1517 3342 in
1545 3287 1694 3343 caelis
1724 3292 1773 3343 et
1803 3289 1860 3343 in
1894 3296 2068 3356 terra,

418 3379 586 3435 visibi
593 3379 674 3435 lia
695 3384 749 3435 et
782 3379 1113 3448 invisibilia,
1131 3381 1245 3435 sive
1267 3380 1490 3448 Throni,
1511 3378 1624 3434 sive
1642 3377 2071 3451 Dominationes,

419 3471 535 3524 sive
564 3469 950 3540 Principatus,
982 3470 1097 3524 sive
1139 3470 1458 3525 Potestates.
1494 3467 1694 3523 Omnia
1737 3485 1839 3540 per
1868 3471 2071 3539 ipsum,

424 3558 579 3613 822
609 3563 662 3613 et
685 3560 743 3613 in
773 3559 892 3630 ipso
921 3561 1106 3614 creata
1131 3563 1280 3627 sunt,
1312 3562 1367 3612 et
1394 3560 1507 3629 ipse
1525 3563 1601 3613 est
1629 3566 1756 3612 ante
1785 3574 1989 3627 omnes,
2022 3566 2075 3613 et

420 3648 610 3707 omnia
623 3648 684 3701 in
699 3650 816 3717 ipso
832 3651 1082 3703 constant
1102 3648 1328 3717 (Coloss.
1352 3664 1393 3714 ι,
1423 3649 1509 3712 16,
1537 3648 1642 3716 17).
1668 3648 1731 3701 Et
1756 3646 1927 3717 paulo
1943 3650 2075 3718 post

424 3734 501 3788 aii
524 3751 539 3788 :
573 3736 719 3800 Quia
748 3736 810 3787 in
831 3737 947 3803 ipso
973 3736 1306 3804 complacuit
1325 3750 1540 3789 omnem
1559 3736 1961 3803 plenitudinem
1983 3736 2074 3790 in-

423 3821 695 3887 habitare,
710 3824 760 3875 et
769 3836 869 3890 per
878 3836 1009 3875 eum
1020 3821 1395 3876 reconciliari
1409 3823 1600 3876 omnia
1625 3824 1683 3876 in
1700 3822 1885 3892 ipsum
1905 3825 1969 3894 (ε)
1984 3841 2077 3894 ρα-

421 3908 646 3977 ciﬁcans
675 3924 770 3978 per
798 3909 1131 3978 sanguinem
1159 3911 1342 3963 crucis
1373 3911 1511 3976 eius,
1538 3912 1653 3965 sive
1677 3928 1795 3981 qum
1821 3914 1882 3965 in
1914 3915 2074 3968 terris

422 3994 707 4064 sunt,sive
730 4013 850 4068 quae
881 3997 943 4051 in
971 3997 1119 4051 ctelt's
1146 4000 1274 4051 sunt
1304 3997 1497 4068 (lbid.,
1523 3998 1610 4051 19.
1632 3998 1740 4069 20).
1766 4000 2075 4072 Nunquid-

427 4103 564 4143 nam
599 4086 796 4143 omnia
826 4104 954 4160 quas
987 4087 1045 4141 in
1077 4086 1241 4144 ccelis
1270 4092 1328 4143 et
1359 4088 1416 4142 in
1447 4089 1623 4144 terris
1656 4095 1797 4144 sunt
1818 4108 1920 4162 per
1938 4108 2073 4147 eum

428 4177 724 4251 paciﬁcari
748 4177 1056 4234 credemus
1079 4177 1159 4250 (ἀ)
1182 4177 1209 4233 ?
1232 4177 1421 4233 Absit.
1446 4178 1555 4241 Qui
1578 4178 1732 4235 enim
1757 4181 1841 4235 sic
1862 4182 2077 4238 sentire

424 4268 697 4339 voluerit,
728 4267 1024 4340 bicipitem
1054 4266 1331 4339 laqueum
1356 4267 1601 4339 geminae
1632 4269 1954 4339 impietatis
1982 4272 2074 4326 in-

426 4363 641 4427 curret,
666 4366 726 4413 ut
740 4357 1153 4414 autdiabolum
1171 4361 1229 4412 et
1240 4356 1479 4429 angelos
1497 4359 1623 4428 ejus
1642 4375 1743 4429 per
1777 4358 1856 4414 Cb
1869 4360 2072 4415 ristum

427 4454 653 4503 creatos
683 4464 813 4504 esse
843 4456 1030 4519 neget,
1064 4452 1167 4503 aut
1186 4464 1287 4503 eos
1312 4446 1772 4503 reconciliandos
1802 4464 1905 4519 per
1933 4466 2077 4504 san-

2147 515 2480 570 salvaturus
2502 517 2678 580 esset,
2699 530 2815 568 non
2838 528 2934 567 ore
2946 511 3155 567 Christi
3174 509 3661 581 pronuntiaretur
3674 507 3787 577 ejus

2148 609 2363 659 aeterna
2396 604 2750 658 combustio.
2792 602 3003 657 Omnia
3032 617 3169 673 ergo
3204 616 3307 671 per
3336 598 3639 653 Christum
3662 598 3786 651 etin

2147 693 2379 748 Christo
2411 699 2605 749 creata
2622 698 2781 758 sunt,
2806 691 2943 763 quia
2961 690 3107 744 nihil
3130 694 3221 744 est
3250 689 3408 759 quod
3443 703 3561 741 non
3588 704 3687 757 per
3708 688 3787 741 Fi-

2150 781 2293 836 lium
2319 787 2375 836 et
2405 783 2463 835 in
2489 781 2632 836 Filio
2655 780 2936 836 creaverit
2959 778 3143 833 Pater.
3168 778 3236 832 Et
3257 777 3461 831 omnia
3486 791 3589 847 per
3608 775 3787 845 ipsum

2155 878 2327 941 atque
2360 872 2419 925 in
2460 870 2585 942 ipso
2617 867 3095 933 reconciliantur,
3120 866 3261 937 quia
3291 864 3498 919 nullus
3520 871 3611 920 est
3627 865 3795 919 homi-

2152 976 2294 1014 num
2318 961 2418 1031 qui
2443 961 2570 1015 sine
2588 976 2759 1014 cruce
2781 956 2993 1014 Christi
3011 957 3080 1028 (e)
3105 953 3607 1011 reconciliationis
3629 955 3788 1009 bene-

2154 1050 2354 1105 ficium
2384 1054 2803 1121 consequatur.

2224 1140 2314 1194 66.
2350 1139 2430 1192 Ex
2463 1139 2571 1193 hac
2602 1139 2781 1209 igitur
2811 1137 3015 1210 regula
3045 1153 3171 1209 quae
3205 1133 3545 1189 ccelestibus
3587 1134 3787 1189 inserta

2157 1226 3300 1299 monstraturoraculis,sicintelligamus
3317 1243 3527 1282 omnes
3540 1227 3790 1282 homines

2157 1332 2306 1386 quos
2338 1316 2464 1371 vult
2495 1321 2647 1373 Deus
2679 1318 2869 1373 salvos
2884 1317 3469 1385 ﬁeri,utnoverimus
3484 1332 3683 1372 omnes
3703 1315 3793 1387 qui

2159 1406 2481 1475 salvantur,
2513 1424 2631 1463 non
2664 1406 2782 1462 nisi
2802 1423 2871 1462 ex
2892 1410 3023 1479 ejus
3045 1407 3306 1479 gratuita
3327 1408 3591 1462 bonitate
3610 1408 3677 1478 (Γ)
3697 1407 3795 1461 sal-

2158 1497 2299 1552 vari.
2331 1497 2404 1552 Ut
2423 1498 2581 1553 enim
2602 1498 2850 1569 quisque
2868 1497 3146 1568 salvetur,
3166 1497 3332 1553 nulla
3351 1502 3682 1569 praecedunt
3701 1497 3795 1551 hu-

2161 1603 2349 1642 manae
2380 1586 2698 1643 voluntatis
2714 1589 2871 1644 bona
2893 1588 3123 1654 merita,
3147 1588 3247 1642 sed
3272 1586 3399 1643 sola
3420 1588 3520 1642 Dei
3541 1587 3794 1642 voluntas

2162 1676 2433 1732 humanae
2459 1676 2795 1733 salvationis
2827 1682 2915 1732 est
2945 1694 3142 1733 causa.
3174 1681 3267 1733 Ira
3297 1679 3450 1732 enim
3481 1680 3540 1733 in
3560 1678 3803 1748 indigna-

2161 1767 2310 1821 tione
2330 1768 2465 1837 ejus,
2488 1772 2541 1821 et
2564 1768 2678 1821 vita
2701 1768 2757 1820 in
2776 1767 3056 1822 voluntate
3070 1770 3188 1837 ejus
3214 1767 3385 1839 (Psal.
3417 1784 3604 1837 xxxix,
3628 1768 3699 1838 6).
3718 1768 3799 1822 Ira

2163 1854 2343 1926 igitur
2362 1857 2491 1926 ejus
2521 1860 2731 1911 nostra
2753 1856 3084 1927 iniquitatis
3105 1862 3195 1912 est
3225 1858 3524 1923 meritum,
3545 1857 3656 1910 vita
3676 1872 3795 1910 vero

2164 1951 2363 1999 nostra
2388 1945 2707 2000 voluntatis
2735 1946 2863 2016 ejus
2892 1950 2983 2001 est
3006 1946 3250 2001 donum.
3283 1946 3437 2001 Sicut
3460 1947 3607 2000 enim
3636 1947 3796 2000 Pater

2161 2034 2392 2089 suscitat
2417 2040 2663 2091 mortuos
2690 2041 2742 2090 et
2770 2035 3031 2105 viviﬁcat,
3053 2037 3133 2091 sic
3159 2040 3216 2090 et
3245 2036 3413 2091 Filius
3437 2050 3566 2106 quos
3585 2037 3704 2089 vult
3725 2038 3799 2090 vi-

2164 2124 2532 2191 viﬁcatann.
2565 2142 2621 2193 v,
2653 2125 2789 2194 2i):
2839 2127 3074 2180 eosdem
3127 2129 3321 2181 autem
3371 2125 3644 2181 viviﬁcari
3673 2125 3799 2179 vult

2167 2228 2314 2282 quos
2326 2214 2656 2269 vultsalvos
2668 2214 2815 2269 fieri.
2831 2215 2923 2269 Sic
2939 2231 3075 2287 ergo
3090 2231 3238 2287 quos
3257 2216 3379 2269 vult
3391 2214 3593 2280 salvat,
3610 2231 3804 2285 quem-

2167 2302 2487 2357 admodum
2527 2320 2674 2373 quos
2705 2302 2829 2357 vult
2864 2303 3129 2358 vivificat.
3176 2303 3331 2361 Nihil
3361 2321 3608 2374 namque
3628 2305 3803 2358 voluit

2167 2396 2226 2446 et
2263 2408 2376 2446 non
2409 2392 2543 2446 fecit
2573 2392 2695 2462 qui,
2727 2392 3028 2464 Scriptura
3063 2398 3227 2462 teste,
3261 2394 3453 2449 omnia
3482 2408 3801 2464 quacunque

2167 2480 2343 2535 voluit
2370 2480 2506 2552 fecit
2533 2481 2701 2552 (Psal.
2722 2497 2877 2552 cxrn,
2912 2483 3022 2554 11).
3043 2482 3294 2537 Proinde
3327 2500 3443 2537 non
3471 2483 3698 2555 indigne
3718 2481 3800 2535 di-

2170 2569 2359 2624 cimus
2382 2569 2603 2642 aliquid
2624 2571 2806 2626 Deum
2833 2570 2986 2626 nolle
3004 2573 3156 2643 quod
3181 2572 3410 2643 possit;
3436 2573 3592 2627 nefas
3612 2577 3697 2626 est
3712 2589 3798 2626 au-

2169 2665 2287 2715 tem
2312 2659 2362 2714 si
2393 2660 2528 2731 quis
2560 2661 3019 2731 omnipotentem
3054 2661 3211 2716 dicat
3241 2661 3464 2732 aliquid
3501 2662 3685 2718 facere
3702 2678 3799 2716 non

2171 2766 2344 2820 posse
2374 2750 2531 2820 quod
2562 2749 2737 2805 velit:
2777 2749 3056 2805 Voluntati
3085 2753 3242 2805 enim
3297 2752 3425 2821 ejus
3457 2753 3575 2824 quis
3603 2755 3799 2808 resistit

2171 2839 2270 2909 (al.
2305 2841 2562 2909 resistet)
2597 2841 2767 2909 \Rom.
2802 2855 2881 2907 1x,
2917 2840 3031 2894 i9?
3062 2839 3240 2896 Nemo
3270 2842 3496 2911 utique,
3532 2842 3673 2913 quia
3701 2859 3798 2896 non

2169 2932 2259 2983 est
2289 2927 2488 2998 aliqua
2521 2934 2731 2982 natura
2761 2945 2889 2999 quae
2921 2928 2992 2984 ab
3021 2929 3151 3000 ejus
3183 2930 3479 2986 creatione
3509 2932 3586 2987 sit
3606 2931 3795 2987 aliena.

2170 3022 2240 3077 Et
2256 3017 2409 3072 sicut
2434 3016 2577 3072 nihil
2603 3017 2948 3072 naturaliter
2964 3018 3238 3073 subsistit
3259 3021 3417 3090 quod
3434 3019 3533 3075 ille
3547 3037 3661 3076 non
3680 3022 3802 3076 fece-

2171 3110 2268 3174 rit,
2292 3107 2374 3161 ita
2395 3106 2539 3161 nihil
2564 3107 2902 3177 provenitin
2931 3106 3181 3162 salutem
3205 3108 3538 3179 hominum,
3557 3112 3706 3181 quod
3724 3108 3804 3164 ille

2178 3215 2289 3253 non
2325 3199 2381 3252 in
2417 3202 2629 3251 aeterna
2653 3196 2817 3251 bona).
2842 3197 3162 3252 voluntatis
3183 3215 3304 3252 suae
3332 3198 3715 3270 dispositione
3737 3200 3804 3253 fa-

2177 3288 2450 3343 ciendum
2476 3286 2995 3357 praedestinaverit,
3014 3304 3047 3341 a
3063 3303 3179 3357 quo
3193 3294 3251 3342 et
3265 3288 3411 3343 fides
3424 3289 3605 3360 gratis
3628 3290 3809 3344 infun-

2177 3378 2358 3444 ditur,
2383 3392 2484 3447 per
2505 3392 2683 3448 quam
2706 3376 2852 3431 bene
2879 3376 3251 3432 ambulemus
3278 3394 3292 3432 :
3318 3386 3371 3431 et
3401 3380 3807 3448 perseverantia

2179 3469 2453 3529 donatur,
2487 3482 2589 3538 per
2609 3482 2784 3536 quam
2810 3466 2881 3521 ad
2907 3466 3160 3536 speciem
3184 3468 3485 3536 pervenire
3510 3472 3808 3539 possimus.

2178 3557 2308 3611 Haec
2338 3560 2528 3610 autem
2563 3556 2715 3609 dona
2745 3571 2847 3609 sua
2878 3570 3110 3624 semper
3143 3559 3294 3610 Deus
3328 3556 3387 3612 in
3419 3562 3641 3614 interna
3661 3565 3813 3628 atque

2179 3644 2649 3701 incommutabili
2673 3643 2977 3714 habuit(g)
2994 3644 3295 3699 voluntate
3312 3646 3625 3717 disposita,
3649 3650 3815 3716 inqua

2181 3735 2591 3807 praeordinavit
2621 3738 2797 3804 atque
2822 3734 3161 3803 prmparavit
3184 3738 3242 3788 et
3264 3751 3392 3806 quae
3413 3736 3600 3803 daret,
3624 3743 3677 3791 et
3697 3736 3815 3807 qui-

2181 3826 2292 3880 bus
2323 3825 2506 3880 daret.
2532 3828 2661 3896 Ipse
2691 3825 2847 3878 enim
2870 3824 3023 3879 323
3052 3824 3524 3893 praedestinando
3542 3842 3812 3898 praepara-

2178 3915 2262 3969 vit
2282 3915 2479 3984 gratias
2504 3914 2745 3981 donum,
2776 3912 2877 3982 qui
2900 3912 3143 3982 gratiam
3170 3913 3449 3969 donando
3472 3914 3668 3987 implet
3690 3930 3822 3985 prae-

2181 4002 2591 4057 destinationis
2622 4003 2919 4056 effectum.

2252 4094 2554 4148 EPILOGUS.
2579 4125 2648 4133 —
2667 4094 2757 4149 67.
2784 4093 3042 4163 Habetis,
3065 4093 3439 4150 dilectissimi
3459 4096 3686 4165 fratres,
3708 4103 3813 4150 tam

2180 4182 2253 4237 de
2279 4181 2682 4237 incarnatione
2702 4181 2933 4237 Domini
2957 4182 3142 4237 nostri
3163 4184 3305 4239 Jesu
3321 4183 3528 4239 Christi
3548 4200 3725 4255 quam
3749 4183 3812 4236 de

2181 4272 2369 4343 gratia
2384 4272 2586 4341 paucis
2600 4286 2665 4325 ex
2676 4286 2936 4341 pressam
2956 4271 3088 4326 fidei
3105 4277 3319 4327 nostras
3334 4272 3818 4342 contessionisque

2183 4361 2554 4425 sententiam,
2587 4375 2703 4429 qua
2722 4360 3049 4416 certissime
3074 4361 3429 4431 continetur,
3454 4361 3817 4434 Unigenitum

2189 4455 2363 4505 Deum
2385 4451 2455 4504 de
2472 4449 2589 4504 Deo
2613 4450 2780 4505 Patre
2803 4450 3153 4505 naturaliter
3174 4450 3297 4504 sine
3319 4451 3487 4506 initio
3514 4459 3739 4514 natum,
3760 4464 3819 4503 ex

424 4536 664 4605 guinem
690 4537 882 4591 crucis
906 4537 1035 4606 ejus
1062 4538 1334 4591 afﬁrmet.
1361 4535 1776 4592 Verumtamen
1806 4538 2073 4610 quisquis
2107 4537 2153 4601 D
2178 4540 2405 4609 virgine
2437 4538 2782 4595 naturaliter
2803 4541 3129 4594 secundum
3163 4556 3399 4594 carnem
3439 4542 3819 4615 progenitum.

423 4620 626 4675 harum
639 4624 1057 4678 sententiarum
1077 4625 1359 4696 pravitate
1375 4625 1638 4695 qualibet
1652 4627 1663 4680 i
1675 4626 1926 4682 nvolvitu
1938 4644 2080 4691 r,ca-

422 4714 556 4763 veat
585 4725 657 4763 ne
679 4725 811 4764 cum
835 4709 964 4780 ipso
986 4713 1219 4767 diabolo
1233 4718 1407 4783 atque
1436 4715 1662 4786 angelis
1694 4718 1821 4786 ejus
1844 4721 2073 4772 aeternae

425 4797 855 4853 combustionis
871 4798 1174 4868 punitione
1190 4801 1525 4857 damnetur.
1540 4803 1727 4859 Unius
1742 4806 1896 4859 enim
1913 4807 2072 4875 ejus-

427 4885 1496 4958 demqueimpietatisestreus,siquis
1513 4891 1811 4947 diabolum
1838 4903 1937 4949 aut
1958 4911 2071 4950 non

429 4996 464 5036 a
482 4976 715 5033 Christo
736 4979 1020 5043 creatum,
1039 4978 1142 5030 aut
1162 4976 1622 5032 reconciliationi
1640 4980 1855 5036 Christi
1878 4985 2078 5040 credat

426 5067 784 5141 quandoque
801 5064 1186 5120 reddendum.
1209 5067 1349 5117 Cum
1367 5065 1573 5134 utique
1591 5066 1791 5122 sieum
1809 5071 2074 5127 Christus

425 5156 711 5216 Dominus
739 5172 856 5212 non
886 5157 1162 5224 creasset,
1191 5152 1320 5224 ejus
1384 5153 1742 5211 damnabilis
1782 5174 1816 5211 a
1846 5157 2074 5217 Christo

496 5322 575 5393 (α)
603 5319 696 5377 Eic
726 5335 839 5375 ms.
861 5321 935 5375 At
954 5317 1117 5387 editi,
1142 5316 1405 5391 quosdam
1425 5332 1495 5372 ex
1509 5315 1629 5373 illis
1649 5318 1924 5377 omnibus.
1948 5323 2077 5380 Om-

422 5392 521 5448 nes
550 5396 681 5448 istos
713 5392 920 5463 itaque.

498 5463 571 5535 (b)
597 5467 657 5518 In
673 5461 847 5519 editis
865 5464 936 5519 de
952 5469 1042 5519 est
1058 5465 1314 5532 Domine,
1331 5461 1534 5518 additu
1544 5462 1757 5534 rquein
1783 5467 2071 5526 aeternum.

422 5535 529 5588 Ms.
564 5543 757 5603 autem
785 5536 949 5590 addit
976 5536 1223 5603 Domine,
1257 5551 1363 5590 nec
1398 5535 1576 5591 habet
1605 5538 1665 5591 in
1694 5540 1979 5594 mternum.

430 5602 735 5730 uagus,
767 5604 825 5658 in
843 5603 981 5675 ipso.
1014 5607 1193 5672 Editi,
1210 5602 1276 5661 in
1292 5608 1495 5677 ipsum,
1512 5608 1684 5678 juxta
1703 5612 1963 5668 Graecum
1995 5611 2072 5674 εἷς

2187 4628 2350 4684 Unus
2381 4627 2536 4683 enim
2568 4628 2845 4698 idemque
2862 4634 2950 4683 est
2970 4634 3121 4683 Deus
3144 4628 3417 4696 Verbum,
3450 4647 3629 4701 quem
3656 4630 3821 4699 prima

2184 4717 2483 4772 nativitate
2507 4726 2855 4771 coasternum
2880 4717 2990 4771 sibi
3013 4717 3532 4788 genuitaaternitas
3559 4719 3754 4783 Patris,
3774 4719 3821 4769 et

2183 4823 2358 4877 quem
2383 4811 2496 4860 tem
2509 4805 2780 4876 poraliter
2800 4814 3144 4876 conceptum
3164 4807 3429 4861 secunda
3449 4808 3744 4863 nativitate
3763 4805 3821 4856 fi-

2182 4894 2324 4947 lium
2339 4882 2596 4948 hominis
2618 4892 3075 4964 protulituterus
3095 4893 3421 4966 virginalis.
3439 4897 3629 4968 Cujus
3651 4892 3820 4968 gratia

2186 4981 2383 5051 nobis,
2400 4986 2457 5037 et
2480 4982 2717 5036 initium
2736 4982 2900 5037 bonas
2918 4982 3241 5038 voluntatis
3264 4984 3524 5041 donatur
3542 4987 3613 5041 ad
3638 4986 3819 5047 ﬁdem,

2186 5074 2243 5126 et
2272 5070 2386 5141 ipsi
2406 5070 2695 5125 voluntati
2715 5072 3071 5141 adjutorium
3095 5071 3401 5143 tribuitur,
3429 5075 3675 5147 utquod
3694 5076 3821 5127 bene

2184 5158 2468 5216 vultbene
2481 5160 2933 5232 operetur,Deus
2948 5162 3127 5229 enim,
3145 5162 3245 5232 qui
3260 5162 3568 5219 hominem
3583 5158 3823 5220 condidit

2255 5324 2338 5395 (ά)
2354 5323 2447 5381 Sic
2480 5340 2591 5379 ms.
2624 5325 2697 5379 At
2720 5323 2883 5379 editi.
2913 5324 3177 5395 Nunquid
3203 5324 3495 5383 diabolum
3526 5333 3581 5383 et
3610 5322 3821 5395 angelo:

2183 5395 2302 5467 ejus
2339 5397 2632 5467 paciﬁcari
2659 5395 2942 5451 credemus
2961 5396 2989 5450 ‘l

2254 5467 2325 5539 (e)
2357 5468 2488 5534 Ms.,
2520 5469 2638 5522 sine
2669 5469 2848 5522 crucis
2880 5468 3086 5523 Christi
3111 5467 3237 5537 ﬁde.

2252 5541 2323 5608 (Γ)
2357 5540 2489 5603 Ms.,
2522 5541 2821 5596 voluntate.

2253 5608 2329 5682 (ο)
2363 5610 2537 5679 Editi,
2565 5609 2744 5666 habet.
