3878 6346
147 396 235 455 4θῖ
1286 397 1390 465 DE
1434 397 1860 464 TRINITATE
1905 404 2143 466 LIBER
2184 404 2422 469 UNUS.

3428 412 3550 473 498

152 531 270 595 licet,
298 531 357 582 ut
390 524 799 617 manifestum
829 524 891 582 in
925 540 989 583 se
1020 527 1232 585 animai
1258 532 1564 590 rationalis
1590 551 1780 591 mons-
1816 537 1866 605 Α
1895 538 2090 594 omnis
2119 540 2310 596 ﬁdelis
2341 556 2668 613 agnoscens
2698 541 2993 599 Christum
3036 542 3386 617 participem
3432 544 3548 600 hu-

152 625 295 675 traret
323 618 631 685 attactum;
670 616 1064 687 voluntarias,
1100 625 1165 676 ut
1194 623 1412 678 nostris
1441 624 1792 680 inﬁrmitati-

153 710 241 765 bus
260 710 597 765 adfuturum
626 710 971 766 ostenderet
994 728 1115 766 sum
1138 712 1376 768 virtutis
1398 714 1706 781 auxilium;
1729 721 1793 770 ut

152 816 571 873 agnosceremus
596 816 707 855 nos
728 799 858 869 ipso
893 801 1213 871 adjuvante
1236 801 1293 856 in
1322 802 1787 874 inﬁrmitatibus,

156 908 272 961 quas
292 888 642 946 necessitate
661 888 950 961 patimur,
974 891 1325 947 fulciendos.
1348 891 1455 954 Qui
1483 898 1791 965 propterea

154 980 413 1036 voluntate
433 987 674 1034 nostras
693 979 1081 1035 inﬁrmitates
1101 981 1408 1053 acciperet,
1429 988 1493 1037 ut
1514 986 1571 1037 et
1593 983 1649 1038 in
1678 983 1788 1039 hac

154 1068 671 1125 vitainﬁrmitatum
705 1069 1060 1126 necessitate
1082 1070 1337 1127 turbatis
1349 1070 1640 1127 auxilium
1656 1089 1790 1128 con-

155 1160 373 1227 tulisset,
392 1165 443 1215 et
462 1158 769 1231 posthanc
793 1160 976 1216 vitam
989 1176 1224 1216 omnem
1245 1178 1277 1217 a
1296 1161 1467 1217 nobis
1484 1160 1789 1219 inﬁrmita-

150 1253 213 1306 tis
238 1249 641 1307 necessitatem
676 1248 1141 1306 misericorditer
1165 1250 1533 1308 abstulisset.
1582 1253 1663 1307 Ac
1701 1251 1785 1308 sic

1901 642 2085 681 mansa
2121 628 2504 698 inﬁrmitatis,
2538 629 2863 687 certissime
2894 636 3155 705 speraret
3199 633 3544 705 participem

1899 732 1961 771 se
1992 716 2111 772 fore
2143 718 2349 773 divinas
2382 720 2636 787 virtutis,
2672 738 2776 775 nec
2808 737 2870 776 se
2891 721 3213 794 ambigeret
3235 721 3396 777 illius
3418 723 3541 777 vir-

1897 811 2021 864 tute
2041 808 2593 881 ﬁrmandum,quem
2613 829 2714 883 pro
2728 828 2790 868 se
2807 814 3180 884 cognovisset
3210 830 3324 869 non
3349 828 3545 869 neces-

1898 896 2092 965 sitate,
2126 901 2225 955 sed
2262 900 2557 957 voluntate
2591 902 2910 965 turbatum;
2946 903 3002 957 in
3034 902 3161 974 ipso
3193 903 3539 960 habiturum

1898 991 2171 1042 aeternam
2191 988 2478 1057 laetitiam,
2504 991 2778 1046 cuisuam
2792 989 3088 1047 voluntate
3108 992 3331 1048 videret
3349 992 3543 1049 inesse

1896 1075 2332 1149 tristitiam,qui
2362 1079 2516 1134 sicut
2547 1079 2768 1135 mansit
2786 1080 2843 1135 in
2864 1079 3239 1137 tribulatione
3264 1080 3548 1153 tranquil-

1894 1162 2010 1232 lus,
2034 1165 2094 1220 in
2115 1171 2301 1222 morte
2319 1184 2588 1237 securus,
2611 1168 2694 1224 sic
2717 1167 2774 1223 in
2796 1166 3138 1225 inﬁrmitate
3160 1168 3543 1241 fortissimus,

1895 1257 1954 1309 et
1983 1254 2044 1310 in
2067 1254 2407 1314 humilitate
2436 1256 2783 1316 altissimus.

152 1382 3547 1410 mw

1409 1507 2555 1615 PULGBNTII

1265 1679 1395 1754 AD
1450 1680 1873 1754 FELICEM
1923 1682 2454 1773 NOTARIUM,

636 1823 854 1943 DE
942 1823 1863 1949 TRINITATE
1952 1827 2461 1951 LIBER
2545 1827 3048 1973 UNUS,

1634 1999 2062 2009 ———————_

571 2043 729 2100 328
770 2044 999 2100 CAPUT
1032 2044 1335 2102 PRIMUM.

206 2134 474 2200 Quoniam
495 2149 612 2202 me,
642 2132 728 2188 ﬁli
746 2133 1054 2190 carissime
1074 2135 1252 2205 Felix,
1280 2135 1413 2191 ﬁdei
1436 2136 1627 2193 calore
1651 2154 1777 2194 suc-

157 2242 338 2281 census
378 2224 600 2297 saepius
651 2224 1075 2296 percunctaris,
1126 2225 1417 2296 quomodo
1465 2228 1534 2283 de
1578 2231 1781 2284 sancta

152 2315 432 2381 Trinitate,
453 2331 585 2386 quae
610 2318 760 2369 Deus
774 2319 882 2383 est,
900 2314 1133 2370 credere
1154 2316 1390 2385 debeas,
1416 2316 1504 2372 vel
1528 2317 1782 2387 qualiter

148 2407 316 2477 possis
348 2407 530 2462 ﬁdem
572 2404 922 2461 catholicam
956 2411 1132 2477 atque
1163 2406 1544 2463 orthodoxam
1577 2415 1782 2465 contra

148 2496 530 2553 hereticorum
565 2513 812 2563 errores,
849 2495 1180 2567 praesertim
1218 2515 1470 2569 quorum
1504 2500 1783 2555 societate

144 2588 353 2651 frueris,
378 2586 638 2643 Domino
667 2585 987 2642 auxiliante
1019 2587 1351 2653 defendere,
1401 2606 1466 2644 ac
1521 2606 1623 2661 per
1675 2589 1782 2645 hoc

140 2677 591 2732 eoruminsidias
605 2676 820 2732 evitare
837 2695 851 2745 ;
869 2677 1270 2733 necessarium
1286 2677 1508 2750 tibique
1523 2696 1649 2735 com
1662 2696 1783 2734 mo-

146 2768 279 2821 dum
314 2767 446 2821 duxi
475 2768 588 2823 tuis
620 2767 1006 2840 petitionibus
1028 2770 1404 2842 respondere.
1430 2771 1538 2825 Sed
1561 2770 1783 2826 utinam

146 2864 266 2911 tarn
302 2874 545 2929 congrue
571 2875 638 2914 ac
663 2858 1098 2923 convenienter,
1122 2876 1302 2931 quam
1329 2859 1472 2915 mihi
1506 2865 1594 2915 est
1616 2860 1782 2927 velle,

138 2947 268 3018 ipsa
288 2947 502 3003 scilicet
523 2948 1025 3005 incommutabilis
1039 2948 1321 3019 Trinitas,
1342 2949 1400 3003 in
1421 2950 1592 3020 cujus
1608 2968 1787 3006 manu

137 3043 273 3091 sunt
290 3045 339 3092 et
361 3054 484 3104 nos,
506 3042 561 3093 et
578 3054 879 3094 sermones
896 3038 1103 3106 nostri,
1130 3039 1203 3093 ad
1226 3040 1701 3096 annuntiandum
1726 3057 1790 3097 se

136 3135 525 3185 etsermonem
542 3137 787 3194 rectum,
811 3133 868 3184 et
892 3129 1066 3185 ﬁdem
1085 3129 1375 3185 sinceram
1394 3131 1789 3203 tribuat,qua-

141 3223 299 3274 tenus
320 3224 528 3273 sancto
545 3217 835 3273 desiderio
854 3221 976 3288 tuo,
1005 3219 1200 3273 studio
1221 3218 1486 3274 discendi
1512 3219 1787 3292 flagranti

146 3308 205 3362 ad
236 3308 472 3377 plenum
506 3308 846 3363 satisfacere
878 3306 1125 3364 valeam.
1172 3308 1337 3364 Illam
1370 3308 1569 3380 itaque
1603 3310 1779 3366 ﬁdem

1813 2051 1864 2116 B
1895 2048 2057 2121 quasi
2085 2051 2145 2105 in
2174 2048 2368 2106 multis
2388 2049 2481 2105 sed
2509 2051 2569 2105 in
2598 2051 2812 2105 semine
2838 2056 2950 2119 tuo,
2984 2046 3126 2120 quod
3166 2050 3247 2103 est
3294 2046 3546 2104 Christus

1893 2138 2095 2210 (Galat.
2122 2157 2205 2208 In,
2232 2138 2341 2211 16).
2365 2142 2507 2194 Cum
2539 2155 2743 2195 omnes
2773 2142 2978 2211 gentes
3011 2137 3071 2192 in
3101 2135 3331 2193 Christo
3361 2140 3419 2192 et
3445 2152 3548 2209 per

1893 2227 2191 2284 Christum
2214 2229 2274 2283 in
2309 2228 2594 2284 unitatem
2624 2227 2755 2283 ﬁdei
2773 2226 3038 2283 benedici
3061 2228 3415 2292 mereantur,
3439 2224 3550 2280 hea-

1896 2317 2059 2374 retici
2082 2335 2198 2373 non
2224 2321 2365 2374 sunt
2381 2316 2693 2384 benedicti,
2718 2316 2856 2389 quia
2880 2333 2996 2372 non
3017 2315 3238 2371 habent
3259 2313 3545 2370 unitatem

1895 2405 2052 2476 ﬁdei,
2082 2408 2183 2463 sed
2202 2406 2416 2463 erroris
2442 2412 2614 2479 pastu
2638 2405 2914 2479 saginati,
2932 2402 3386 2478 persuperhiam
3403 2402 3545 2459 facti

1896 2500 2058 2565 sunt,
2092 2513 2209 2553 non
2243 2495 2347 2551 ﬁlii
2380 2495 2504 2565 Dei,
2536 2495 2639 2552 sed
2672 2495 2778 2550 ﬁlii
2800 2493 3222 2552 diaboli.Unde
3251 2498 3309 2549 et
3339 2494 3542 2549 obscu-

1896 2592 2053 2642 ratos
2085 2586 2371 2643 habentes
2399 2588 2592 2643 cordis
2623 2585 2849 2655 oculos,
2876 2589 3179 2659 nequeunt
3204 2601 3440 2642 cernere
3463 2588 3545 2640 to-

1895 2680 2018 2731 tum
2036 2676 2329 2732 mundum
2344 2677 2633 2749 sanguine
2646 2676 2861 2733 Christi
2879 2674 3390 2748 redemptum,etin
3407 2673 3544 2729 ﬁdei

1896 2768 2124 2822 unitate
2156 2767 2525 2838 concordem,
2554 2765 2879 2823 secundum
2912 2766 3066 2840 quod
3113 2766 3183 2821 de
3234 2763 3545 2838 primativa

1895 2855 2155 2911 Ecclesia
2184 2857 2549 2929 designatur:
2583 2858 2725 2913 Erat
2754 2856 2890 2925 illis,
2923 2855 3140 2928 inquit,
3161 2871 3261 2911 eor
3290 2870 3466 2910 unum
3494 2859 3545 2909 et

1893 2946 2083 3001 anima
2117 2962 2239 3002 una
2270 2949 2329 3001 in
2359 2948 2530 3002 Deum
2563 2947 2695 3018 (Act.
2727 2963 2804 3015 ιν,
2836 2947 2947 3018 32).
2979 2946 3072 3001 Sic
3092 2948 3257 3001 totus
3280 2944 3540 2999 mundus

1893 3036 2510 3108 redemptus,sictotus
2527 3038 2786 3091 mundus
2801 3037 2858 3091 in
2873 3035 3103 3091 cunctis
3114 3034 3388 3106 gentibus
3403 3049 3546 3088 nun-

1894 3130 2148 3197 cupatur
2178 3128 2535 3197 redemptus.
2572 3130 2636 3181 Et
2668 3124 2932 3181 timebunt
2951 3130 3161 3195 gentes,
3196 3121 3405 3192 inquit,
3438 3136 3545 3179 no-

1889 3233 2011 3273 men
2043 3226 2221 3283 tuum,
2243 3217 2491 3285 Domine,
2510 3225 2561 3273 et
2583 3232 2766 3273 omnes
2783 3232 2933 3287 reges
2948 3224 3107 3271 terra:
3124 3213 3369 3284 gloriam
3391 3216 3546 3268 tuam

1889 3308 2057 3377 (Psal.
2093 3325 2166 3375 CI,
2200 3309 2310 3381 16).
2348 3309 2416 3363 Et
2445 3307 2678 3363 iterum:
2717 3310 2919 3365 Omnes
2964 3308 3148 3377 gentes
3194 3318 3543 3375 quascunque

146 3398 303 3451 crede
332 3397 749 3453 sincerissima
782 3397 966 3453 menti
997 3401 1109 3453 tuae
1140 3414 1247 3453 nos
1275 3398 1422 3453 velle
1453 3403 1773 3469 notescere,
1810 3408 1851 3473 ρ
1888 3397 2073 3465 fecisti
2100 3400 2339 3465 venient,
2372 3406 2425 3452 et
2453 3396 2764 3453 adorabunt
2792 3412 2978 3452 coram
3004 3405 3078 3463 te,
3109 3396 3336 3450 Domine
3358 3391 3539 3463 (Psat.

138 3502 231 3556 per
248 3503 425 3558 quam
436 3487 747 3557 justiﬁcati
762 3492 903 3543 sunt
922 3486 1285 3559 patriarchae,
1310 3488 1624 3560 prophetas,
1641 3506 1778 3561 apo-

134 3576 283 3641 stoli,
314 3586 601 3650 martyres
625 3577 909 3645 coronati,
936 3594 1114 3650 quam
1137 3577 1421 3634 hactenus
1454 3594 1556 3649 per
1586 3583 1775 3635 totum

130 3666 321 3723 orbem
344 3671 551 3724 sancta
568 3672 728 3723 tenet
743 3667 1023 3736 Ecclesia,
1044 3668 1214 3740 cujus
1237 3668 1517 3740 splendor
1532 3669 1741 3725 creden
1756 3700 1777 3711 -

128 3755 269 3813 tium
291 3763 521 3815 mentes
552 3758 860 3815 illustrans
883 3764 1109 3815 aeternae
1136 3760 1263 3815 vitae
1284 3759 1421 3817 facit
1442 3775 1573 3816 esse
1596 3759 1777 3830 parti-

129 3847 299 3915 cipes.
332 3851 468 3914 Quae
496 3865 683 3921 usque
703 3866 859 3905 nunc
886 3866 990 3921 per
1011 3849 1456 3906 successionum
1480 3850 1689 3906 seriem
1719 3850 1777 3905 in

128 3936 406 3994 cathedra
440 3940 588 3995 Petri
617 3940 865 4011 apostoli
887 3939 1081 3995 Romae
1108 3939 1200 3995 vel
1232 3939 1575 4007 Antiochiae,
1599 3939 1657 3995 in
1681 3956 1773 3995 ca-

128 4025 338 4082 thedra
358 4028 533 4084 Marci
556 4028 926 4101 evangelista;
951 4030 1010 4083 in
1025 4028 1397 4086 Alexandria.
1419 4030 1476 4084 in
1502 4029 1779 4085 cathedra

126 4112 376 4173 Joannis
419 4118 785 4186 evangelista
856 4117 1095 4189 Ephesi,
1148 4119 1205 4173 in
1255 4118 1534 4174 cathedra
1572 4119 1777 4175 Jacobi

122 4203 539 4279 Hierosolyma:
560 4208 631 4263 ab
656 4208 1224 4280 episcOpisipsarum
1244 4208 1477 4263 urbium
1497 4208 1780 4279 praedica-

121 4297 242 4348 tur.
293 4300 443 4369 che
476 4314 610 4371 ergo
643 4298 909 4365 Arianos,
956 4297 1319 4367 Donatistas,
1373 4298 1776 4368 Nestorianos,

120 4382 545 4454 Eutychianos,
570 4387 936 4456 Manichaeos,
971 4397 1025 4445 et
1048 4388 1306 4460 reliquas
1332 4388 1625 4444 haereseon
1650 4404 1779 4458 pes-

121 4474 218 4525 tes
234 4471 401 4529 hisce
412 4479 835 4533 communicare
853 4477 1125 4535 Eccleaiis
1140 4478 1355 4549 quibus
1371 4477 1616 4549 apostoli
1634 4495 1780 4549 prte-

117 4564 431 4622 sederunt.
450 4568 571 4626 Non
591 4572 993 4641 consentiunt,
1009 4571 1149 4643 quia
1162 4588 1267 4643 per
1279 4569 1625 4643 pravitatem
1645 4569 1778 4625 ﬁdei

117 4654 190 4708 ab
226 4655 503 4714 Ecclesia
537 4661 759 4718 unitate
794 4662 969 4717 divisi
1002 4662 1059 4717 in
1095 4666 1256 4732 parte
1282 4677 1412 4716 esse
1445 4660 1775 4717 voluerunt.

1890 3503 2090 3555 Lxxxv,
2122 3487 2197 3557 9),
2231 3491 2288 3542 et
2330 3502 2608 3543 rursum:
2667 3484 3271 3549 Commemorabuntur,
3322 3482 3538 3554 inquit,

1882 3584 1936 3632 et
1964 3579 2348 3631 convertentur
2376 3577 2447 3630 ad
2473 3574 2772 3631 Dominum
2801 3576 3054 3631 universi
3079 3574 3214 3645 ﬁnes
3237 3577 3446 3635 terrae;
3483 3575 3541 3627 et

1884 3665 2193 3722 adorabunt
2214 3667 2275 3722 in
2292 3675 2575 3738 conspectu
2595 3667 2713 3738 ejus
2739 3668 3007 3722 universae
3028 3666 3234 3737 patria
3262 3663 3530 3735 gentium.

1887 3755 2156 3823 Quoniam
2171 3755 2395 3812 Domini
2406 3765 2486 3813 est
2504 3772 2758 3826 regnum,
2788 3764 2840 3812 et
2869 3758 2984 3828 ipse
3011 3754 3390 3812 dominabitur
3407 3766 3535 3822 gen-

1884 3847 2022 3901 tium
2053 3846 2222 3917 (Psat.
2254 3863 2371 3913 xxi,
2402 3848 2492 3915 28,
2525 3846 2636 3918 29).
2678 3846 2827 3912 Quid
2858 3844 3142 3918 {infelices
3191 3843 3386 3900 dicant
3435 3840 3539 3914 qui

1884 3935 2110 4006 praecisi
2146 3937 2216 3992 ab
2247 3937 2504 3994 Ecclesia
2528 3936 2648 4007 Dei,
2677 3938 2851 3994 corde
2881 3935 3271 4008 impmniteuti
3304 3931 3415 4005 ipsi
3438 3934 3545 3989 Ec-

1883 4023 2071 4081 clesiae
2103 4027 2535 4096 contradicunt;
2569 4032 2626 4083 et
2657 4026 2799 4082 dum
2831 4026 3119 4093 eamdem,
3160 4040 3288 4097 qua:
3334 4021 3537 4078 tunica

1882 4115 2111 4171 Domini
2141 4122 2230 4171 est
2256 4115 2651 4186 inconsutilis,
2667 4116 2934 4171 scindere
2955 4115 3247 4178 nituntur,
3266 4111 3380 4184 ipsi
3402 4109 3539 4166 faci-

1884 4203 1999 4260 lius
2021 4204 2191 4261 scissi
2217 4204 2387 4260 sunt?
2404 4204 2472 4258 Hi
2502 4209 2959 4275 percunctantur
2974 4202 3302 4274 sigillatim.
3322 4200 3427 4254 Ille
3452 4198 3535 4252 di-

1883 4298 1961 4351 cit
1977 4294 2493 4368 sanguineChristi
2520 4311 2582 4349 se
2604 4310 2732 4350 esse
2754 4292 3146 4363 redemptum.
3167 4291 3317 4361 Ergo
3336 4287 3532 4347 solum

1882 4403 1990 4459 pro
2022 4385 2280 4449 Arianis,
2310 4388 2414 4439 aut
2445 4387 2676 4438 tantum
2713 4397 2814 4455 pro
2847 4380 3170 4436 Donatistis
3202 4378 3425 4434 effusus
3445 4383 3535 4435 est

1883 4475 2128 4550 sanguis
2157 4474 2410 4533 Christi?
2438 4474 2627 4530 Absit.
2660 4473 2786 4527 Non
2814 4471 2899 4526 sic
2929 4470 3070 4525 dicit
3100 4466 3348 4525 Veritas.
3403 4468 3530 4525 Non

1886 4567 1968 4623 sic
2000 4564 2142 4621 dicit
2172 4564 2327 4620 Deus
2361 4565 2431 4620 ad
2462 4562 2777 4619 Abraham:
2810 4563 2877 4617 1n
2904 4559 3134 4630 semine,
3174 4558 3389 4631 inquit,
3438 4563 3533 4616 tuo

1887 4656 2276 4713 benedicentur
2302 4670 2490 4711 omnes
2516 4662 2693 4725 gentes
2723 4650 2937 4725 (Genes.
2969 4667 3125 4721 xxvr,
3151 4649 3222 4723 4).
3256 4647 3384 4706 Non
3408 4667 3529 4706 una

114 4742 293 4802 Unde
320 4754 382 4805 et
413 4750 667 4808 Joannes
710 4751 1010 4825 apostolus
1052 4751 1167 4819 ait;
1210 4751 1293 4806 Ex
1328 4751 1484 4807 nobis
1522 4752 1779 4807 exierunt
1809 4790 1856 4856 D
1886 4763 2051 4820 gens,
2084 4748 2187 4803 sed
2220 4748 2435 4803 omnis.
2468 4745 2593 4802 Non
2625 4743 2815 4849 illaOet
2844 4743 2967 4813 illa,
3001 4742 3102 4849 sed
3142 4746 3386 4856 cun‘ctaz.
3415 4740 3530 4856 S‘ed

118 4835 277 4892 829
316 4840 407 4895 sed
430 4857 537 4897 non
570 4850 726 4897 erant
757 4857 825 4897 ex
866 4842 1043 4898 nobis.
1099 4840 1250 4910 Quod
1297 4842 1347 4896 si
1386 4842 1628 4912 fuissent
1657 4857 1729 4895 ea:
1761 4857 1775 4893 τ

113 4928 304 4997 nobis,
338 4930 757 5002 permansissent
786 4930 977 5003 utique
1004 4931 1291 4987 nobiscum
1319 4932 1632 5003 (IIJoan.xr,
1665 4930 1774 5001 19).

117 5014 193 5070 Ex
226 5019 414 5076 nobis
442 5022 645 5094 utique
673 5021 960 5091 exierunt,
994 5021 1133 5093 quia
1165 5038 1226 5077 se
1247 5022 1318 5076 ab
1348 5020 1618 5078 Ecclesiae
1640 5018 1775 5075 uni-

112 5110 231 5163 tate
266 5110 449 5166 corde
478 5112 858 5169 insanissimo
882 5116 1323 5185 separaverunt.
1356 5111 1483 5167 Non
1516 5114 1683 5167 erant
1707 5127 1776 5166 ex

114 5198 319 5269 nobis,
335 5200 563 5258 scilicet
580 5202 1028 5272 praedestinatis,
1050 5207 1106 5259 et
1119 5203 1188 5258 ad
1206 5208 1483 5259 aeternam
1510 5199 1777 5257 videlicet

111 5289 305 5345 vitam
325 5290 545 5349 electis.
566 5292 688 5349 Non
714 5294 1113 5367 erantquippe
1137 5310 1205 5349 ex
1222 5293 1401 5350 hisde
1432 5292 1652 5366 quibus
1669 5291 1775 5347 Do-

108 5378 326 5436 minus
354 5382 522 5437 dicit:
558 5385 664 5452 Ego
697 5386 855 5456 elegi,
889 5389 937 5440 et
966 5384 1126 5455 posui
1156 5400 1247 5440 vos
1267 5388 1325 5439 ut
1347 5386 1505 5451 eatis,
1529 5385 1775 5453 fructum

105 5470 429 5535 plurimum
448 5474 722 5546 aﬂerutis,
746 5484 794 5531 et
823 5477 1041 5546 fructus
1057 5484 1468 5530 vestermaneat
1492 5475 1674 5545 (Joan.
1700 5489 1772 5527 xv

114 5562 216 5623 16).
258 5563 375 5619 Sed
415 5581 519 5619 nec
549 5565 607 5619 in
640 5564 885 5621 Abrahae
914 5566 1140 5622 semine
1170 5564 1625 5628 benedicuntur,
1668 5579 1768 5617 se-

110 5655 385 5709 cundum
411 5654 571 5727 quod
601 5656 882 5711 Dominus
913 5656 982 5711 ad
1015 5656 1311 5713 Abraham
1345 5654 1447 5710 ait:
1481 5652 1773 5711 lnsemine

109 5752 203 5801 tuo
240 5746 635 5803 benedicentur
663 5761 844 5803 omnes
882 5753 1067 5818 gentes
1111 5746 1318 5821 (Genes.
1368 5762 1523 5816 xxvr,
1575 5743 1664 5815 4);
1714 5746 1771 5798 et

105 5837 444 5910 Apostolus
473 5837 829 5895 subnectens
858 5838 1169 5911 adjungit:
1209 5841 1330 5896 Non
1359 5838 1423 5893 in
1467 5834 1771 5893 seminibus

1888 4854 2076 4908 neque
2108 4838 2167 4892 in
2192 4836 2418 4893 diversa
2448 4836 2584 4904 ﬁde,
2617 4836 2715 4892 sed
2738 4835 2798 4891 in
2823 4851 2962 4893 una:
2987 4834 3213 4892 dicente
3233 4831 3533 4907 Apostolo,

1891 4928 2006 4984 Una
2031 4926 2161 4997 ﬁdes
2191 4924 2404 4999 (Ephes.
2433 4942 2513 4997 ιν,
2544 4926 2622 4998 5).
2658 4928 2723 4983 In
2754 4943 2875 4983 una
2902 4923 3121 4982 scilicet
3146 4924 3257 4979 ﬁde
3298 4922 3536 4979 salvan-

1884 5021 1983 5072 tur
2002 5018 2325 5074 credentes:
2360 5033 2462 5090 per
2491 5017 2774 5073 unitatem
2807 5016 2940 5072 ﬁdei
2963 5013 3217 5071 Ecclesia
3244 5011 3535 5067 catholica

1883 5106 2060 5163 habet
2085 5125 2186 5164 cor
2216 5111 2274 5164 et
2305 5107 2565 5163 animam
2598 5123 2779 5162 unam
2801 5106 2860 5161 in
2895 5104 3102 5160 Deum.
3128 5101 3258 5157 Hec
3281 5100 3428 5156 ﬁdes
3449 5116 3534 5155 re-

1884 5202 1997 5269 cta,
2022 5216 2148 5271 quae
2173 5198 2313 5255 facit
2337 5197 2566 5255 diversa
2588 5197 2765 5253 corda
2785 5192 3147 5252 credentium
3171 5206 3353 5245 unum
3376 5205 3527 5260 esse,

1882 5290 2045 5345 Pauli
2088 5289 2337 5363 apostoli
2386 5306 2484 5345 ore
2531 5288 2825 5344 laudatur.
2878 5283 3115 5350 Gratias,
3167 5278 3380 5352 inquit,
3431 5293 3532 5351 ago

1881 5380 2011 5448 Deo,
2040 5383 2173 5454 quia
2198 5380 2329 5450 ﬁdes
2357 5384 2537 5434 vestra
2567 5376 2943 5433 annuntiaiur
2967 5375 3024 5429 in
3047 5371 3305 5427 universo
3324 5368 3535 5426 mundo

1881 5471 2053 5541 (Rom.
2090 5487 2129 5531 1,
2159 5470 2235 5538 8).
2272 5469 2441 5521 Fides
2474 5483 2610 5523 una.
2635 5482 2762 5535 quae
2795 5465 2854 5519 in
2886 5468 3073 5519 totum
3109 5462 3397 5517 mundum
3424 5476 3534 5515 an-

1882 5561 2212 5625 nuntiatur,
2244 5556 2374 5628 ipsa
2406 5554 2702 5611 laudanda
2733 5573 2798 5610 ac
2830 5554 3200 5628 pradicanda
3230 5558 3341 5611 est.

2539 5700 2772 5760 CAPUT
2802 5702 2874 5761 II.

1956 5830 2171 5906 Accipe
2202 5828 2400 5902 ﬁdem,
2426 5828 2486 5888 in
2509 5828 2761 5906 quajam
2783 5826 2923 5889 olim
2946 5832 3271 5905 renatusjes
3295 5824 3531 5888 creden-
