3900 6214
381 418 500 478 499

1397 422 1461 482 S.
1511 413 1940 483 FULGENTII
1983 410 2336 474 EPISGOPI
2381 409 2820 473 RUSPENSIS

3674 413 3783 474 500

380 553 442 606 in
476 551 716 608 nomine
747 551 954 620 Patris,
988 557 1044 609 et
1074 553 1224 624 Filii,
1249 559 1309 611 et
1335 555 1592 628 Spiritus
1621 554 1828 610 sancti.
1861 552 2030 606 Pater
2057 548 2110 614 Α
2143 562 2259 602 non
2284 546 2624 617 recipittres
2645 543 2957 612 essentias,
2981 544 3083 598 aut
3098 542 3486 622 substantias,
3505 547 3608 600 aut
3629 549 3786 601 natu-

383 641 567 696 Filius
590 657 703 695 non
733 645 841 710 est,
872 641 1052 699 Filius
1071 648 1243 699 Pater
1260 661 1374 701 non
1397 653 1505 712 est,
1525 644 1776 716 Spiritus
1798 645 2036 696 sanctus

385 747 490 786 nec
515 734 687 785 Pater
710 746 813 785 nec
830 731 1034 786 Filius.
1053 733 1120 787 Et
1139 749 1276 788 cum
1299 738 1419 788 tres
1434 732 2032 804 sint,quodest,rogo,

386 837 600 876 nomen
634 836 818 874 unum
844 819 1031 876 Patris
1047 827 1104 876 et
1125 821 1253 875 Filii
1277 827 1334 876 et
1351 821 1606 894 Spiritus
1630 822 1820 876 sancti
1843 819 1898 873 in
1920 833 2036 888 quo

385 927 498 965 nos
523 913 788 980 oporteat
807 909 1116 979 baptizari,
1144 911 1254 965 nisi
1276 910 1418 966 illud
1441 910 1664 966 scilicet
1683 924 1893 965 nomen
1913 906 2040 961 Dei-

381 999 555 1070 tatis,
584 999 741 1070 quod
765 998 1046 1070 triplicari
1081 1017 1197 1056 non
1229 1001 1451 1072 potest?
1472 999 1747 1064 Quamvis
1767 999 1923 1054 enim
1949 995 2038 1050 di-

383 1104 593 1143 camus
624 1091 856 1143 Patrem
881 1087 1089 1156 Deum,
1117 1088 1328 1144 Filium
1351 1088 1556 1157 Deum,
1582 1087 1869 1161 Spiritum
1902 1102 2040 1141 san-

385 1179 546 1230 ctum
580 1176 788 1244 Deum,
830 1184 1020 1231 tamen
1055 1193 1168 1232 non
1219 1177 1473 1233 dicimus
1520 1182 1640 1232 tres
1689 1177 1849 1241 deos,
1901 1172 2042 1246 quia

387 1265 677 1334 scriptum
709 1269 817 1319 est:
854 1266 1010 1321 330
1038 1266 1204 1334 Audi,
1236 1267 1427 1334 Israel,
1463 1267 1726 1321 Dominus
1755 1266 1892 1318 Deus
1911 1268 2041 1318 tuus

390 1369 536 1407 unus
556 1359 635 1407 est
659 1352 836 1422 (Deut.
861 1371 942 1421 νι,
963 1355 1037 1423 4).
1068 1354 1230 1409 Unus
1253 1359 1342 1409 est
1360 1355 1542 1426 igitur
1558 1353 1709 1409 Deus
1727 1353 1784 1407 in
1809 1356 2038 1418 natura,

389 1457 507 1496 non
539 1441 600 1496 in
633 1457 902 1510 persona:
939 1443 1077 1513 quia
1107 1442 1221 1498 alia
1245 1448 1336 1498 est
1367 1459 1617 1515 persona
1660 1441 1876 1512 Patris,
1927 1439 2044 1494 alia

387 1528 540 1599 Filii,
572 1529 688 1584 alia
720 1529 980 1600 Spiritus
1011 1532 1220 1586 sancti.
1245 1536 1414 1587 Pater
1435 1550 1468 1587 a
1489 1531 1650 1586 nullo
1676 1536 1763 1587 est
1783 1530 2039 1603 genitus,

387 1617 572 1673 Filius
602 1635 635 1673 a
666 1619 832 1674 Patre
863 1625 955 1676 est
982 1620 1236 1692 genitus,
1270 1620 1526 1692 Spiritus
1556 1625 1797 1676 sanctus
1821 1637 1854 1674 a
1873 1623 2043 1674 Patre

386 1706 651 1779 Filioque
683 1711 1003 1780 procedens
1035 1714 1142 1765 est.
1169 1712 1341 1766 Pater
1373 1727 1484 1766 non
1520 1710 1632 1765 sibi
1676 1714 1786 1780 est,
1819 1710 1919 1764 sed
1951 1709 2042 1764 Fi-

389 1795 491 1865 lio;
527 1797 710 1852 Filius
743 1815 858 1854 non
887 1799 999 1854 sibi
1031 1803 1138 1866 est,
1175 1800 1270 1855 sed
1304 1801 1482 1868 Patri;
1511 1799 1766 1872 Spiritus
1792 1798 2045 1868 alicujus

2143 651 2259 703 ras,
2286 639 2342 690 et
2371 635 2586 690 idcirco
2619 633 2957 689 nullatenus
2987 618 3269 687 dicendus
3301 636 3389 690 est
3419 632 3608 689 Filius
3640 635 3695 689 in
3732 635 3786 689 id

2143 726 2298 797 quod
2331 724 2573 795 aequalis
2603 730 2693 778 est
2722 723 2900 789 Patri,
2932 727 3034 777 aut
3062 727 3293 778 creatus
3326 739 3394 778 ex
3423 722 3650 794 aliquo,
3691 729 3788 778 aut

2144 816 2215 870 de
2229 814 2414 870 nihilo
2428 814 2782 870 substitutus
2801 831 2813 869 :
2829 813 2968 884 quia
2985 813 3140 884 quod
3157 822 3243 868 est
3261 812 3430 869 Pater
3442 813 3554 869 hoc
3567 815 3784 884 genuit,

2145 903 2297 958 Deus
2312 903 2858 974 Deum,luxlucem,
2877 901 3380 958 incommutabilis
3403 901 3788 958 incommuta-

2146 993 2347 1060 bilem,
2380 993 2991 1060 inﬁnitusinﬁnitum,
3023 997 3277 1048 aeternus
3309 997 3687 1048 coaeternum.
3716 994 3792 1047 Si-

2147 1083 2370 1138 militer
2400 1088 2457 1139 et
2487 1084 2560 1138 de
2589 1081 2812 1155 Spiritu
2845 1087 3048 1139 sancto
3078 1082 3375 1139 credimus
3406 1081 3548 1154 quia
3581 1083 3686 1138 hoc
3709 1089 3792 1138 est

2147 1173 2304 1243 quod
2336 1172 2433 1227 ille
2465 1189 2498 1228 a
2528 1188 2643 1243 quo
2675 1171 2958 1244 procedit.
2981 1170 3506 1243 Videamusigitur
3527 1171 3791 1242 deinceps

2151 1267 2348 1317 utrum
2382 1261 2503 1316 haec
2530 1279 2654 1332 quae
2695 1261 2954 1316 diximus
2991 1264 3320 1316 sanctarum
3365 1259 3788 1331 Scripturarum

2149 1351 2297 1406 331
2335 1351 2692 1406 testimoniis
2723 1350 3135 1421 approbemus.
3171 1349 3431 1404 Primum
3455 1349 3632 1404 etiam
3651 1365 3790 1421 que-

2149 1441 2396 1496 rendum
2433 1445 2523 1495 est
2549 1440 2598 1495 si
2631 1440 2786 1496 Deus
2817 1439 3075 1494 Trinitas
3101 1438 3198 1495 sit.
3233 1439 3547 1505 Faciamus,
3589 1439 3792 1511 inquit,

2148 1530 2513 1586 hominemad
2525 1529 2826 1598 imaginem
2839 1537 2890 1585 et
2900 1528 3322 1584 similitudidem
3333 1529 3612 1600 nostram(
3617 1528 3788 1584 Genes.

2148 1637 2188 1690 1,
2219 1620 2334 1691 26).
2366 1621 2436 1674 Et
2467 1635 2730 1687 rursum,
2763 1618 2969 1686 Venite,
3020 1617 3432 1684 descendamus,
3483 1619 3696 1689 inquit,
3747 1620 3792 1672 et

2146 1711 2558 1782 con/undamn:
2591 1712 2670 1765 ibi
2698 1710 2922 1778 linguas
2966 1725 3160 1764 eorum
3206 1707 3403 1778 (Genes
3439 1725 3520 1776 x1,
3568 1709 3644 1776 7).
3691 1709 3788 1764 Νο-

2146 1806 2319 1856 stram
2357 1816 2512 1866 vero,
2547 1803 2605 1854 et
2631 1798 3040 1867 descendemus,
3074 1795 3470 1868 pluralitatem
3515 1813 3784 1869 persona-

393 1890 485 1941 est
514 1887 856 1958 aspirantis:
890 1905 1027 1960 ergo
1061 1891 1128 1944 ad
1165 1893 1396 1945 Patrem
1421 1889 1749 1960 Filiumque
1771 1889 2039 1942 refertur.
2075 1917 2122 1981 Β
2155 1907 2308 1958 rum,
2355 1907 2473 1946 non
2505 1891 2748 1945 deorum
2799 1887 3082 1944 insinuat.
3132 1886 3528 1958 Similiterque
3556 1886 3783 1941 Abrahae

395 1977 516 2031 Ista
546 1976 748 2048 itaque
779 1977 1020 2033 relative
1052 1979 1289 2034 nomina
1314 1979 1662 2034 Trinitatem
1687 1977 1928 2045 faciunt;
1953 1993 2042 2030 es-

395 2064 668 2120 sentialia
698 2081 834 2121 vero
863 2067 1024 2122 nullo
1059 2068 1228 2123 modo
1261 2067 1655 2138 triplicantur,
1678 2073 1834 2122 Deus
1858 2070 2042 2131 Pater,

392 2151 548 2208 Deus
581 2152 781 2220 Filius,
820 2159 968 2210 Deus
991 2153 1244 2226 Spiritus
1285 2160 1550 2210 sanctus.
1606 2157 1802 2210 Bonus
1851 2158 2042 2224 Pater,

393 2241 587 2295 bonus
619 2241 823 2310 Filius,
857 2243 1047 2297 bonus
1076 2243 1328 2314 Spiritus
1379 2253 1636 2300 sanctus.
1671 2243 1808 2297 Pius
1848 2246 2041 2311 Pater,

387 2329 523 2398 pius
550 2328 753 2399 Filius,
779 2330 914 2400 pius
937 2330 1188 2402 Spiritus
1212 2336 1474 2387 sanctus.
1499 2332 1708 2387 Justus
1729 2335 1922 2400 Pater,
1947 2333 2040 2402 ju-

384 2421 514 2471 stus
546 2416 752 2487 Filius,
775 2417 980 2487 justus
1005 2423 1062 2473 et
1081 2419 1335 2490 Spiritus
1367 2426 1626 2475 sanctus.
1652 2421 2040 2492 Omnipotens

381 2503 571 2571 Pater,
605 2505 980 2577 omnipotens
1013 2506 1218 2577 Filius,
1251 2508 1626 2580 omnipotens
1682 2513 1737 2564 et
1786 2509 2038 2580 Spiritus

381 2597 642 2648 sanctus.
679 2593 742 2648 Et
773 2597 972 2650 tamen
1007 2611 1126 2650 non
1162 2596 1420 2652 dicimus
1452 2615 1559 2654 nec
1591 2602 1709 2654 tres
1742 2603 1908 2666 Deos,
1933 2615 2037 2654 nec

383 2683 505 2736 tres
537 2681 740 2751 bonos,
767 2697 873 2737 nec
899 2688 1025 2738 tres
1054 2684 1205 2756 pios,
1239 2703 1346 2741 nec
1376 2690 1494 2742 tres
1519 2688 1740 2759 justos,
1774 2704 1880 2742 nec
1919 2693 2037 2742 tres

385 2769 954 2840 omnipotentes,sed
982 2790 1167 2828 unum
1208 2775 1417 2846 Deum,
1452 2776 1672 2832 bonum
1708 2777 1917 2847 ,pium,
1941 2778 2034 2848 ju-

389 2863 568 2927 stum,
595 2860 1080 2932 omnipotentem,
1109 2864 1332 2920 Patrem
1356 2871 1414 2919 et
1438 2864 1651 2920 Filium
1673 2870 1731 2922 et
1751 2865 2034 2937 Spiritum

357 3027 360 3030 ἢ
392 2953 688 3004 sanctum:
717 2948 816 3005 ubi
839 2954 928 3005 est
951 2968 1069 3008 una
1095 2957 1326 3022 natura,
1350 2954 1626 3023 essentia,
1647 2956 1737 3010 vel
1755 2955 2033 3010 substan-

2155 1979 2298 2035 visio
2347 1980 2525 2034 trium
2574 1979 2830 2034 virorum
2877 1983 2935 2033 et
2975 1976 3153 2032 unius
3182 1976 3416 2032 Domini
3445 1976 3785 2047 deprecatio.

2155 2074 2249 2124 Et:
2287 2069 2444 2124 Pluit
2473 2071 2734 2125 Dominus
2761 2085 2796 2122 a
2825 2068 3053 2124 Domino
3082 2083 3250 2138 super
3278 2066 3555 2121 Sodomam
3601 2068 3654 2118 et
3695 2064 3792 2118 Go-

2155 2157 2440 2214 morrham
2470 2157 2705 2228 sulphur
2734 2167 2786 2213 et
2809 2159 2992 2226 ignem
3013 2173 3046 2211 a
3068 2157 3300 2211 Domino
3329 2153 3532 2226 (Cenes.
3553 2155 3786 2221 xrx,24).

2152 2249 2250 2304 Et:
2282 2249 2437 2303 Dixit
2463 2249 2732 2304 Dominus
2762 2245 2992 2302 Domino
3020 2260 3174 2300 meo:
3206 2243 3338 2300 Sede
3361 2260 3396 2298 a
3424 2241 3634 2299 dextris
3661 2244 3788 2296 meis

2153 2337 2322 2408 (Psat.
2356 2354 2468 2402 c1x,
2500 2335 2592 2406 l);
2629 2337 2734 2390 Et:
2777 2334 2936 2391 Verbo
2963 2334 3186 2390 Domini
3226 2331 3352 2388 caeli
3379 2331 3595 2402 ﬁrmati
3651 2339 3784 2398 sunt,

2150 2435 2203 2482 et
2233 2428 2446 2497 Spiritu
2477 2428 2590 2482 oris
2620 2427 2738 2497 ejus
2766 2425 2945 2480 omnis
2975 2425 3147 2479 virtus
3184 2438 3377 2478 eorum
3415 2421 3590 2491 (Psal.
3623 2437 3783 2486 χχιιι,

2147 2519 2226 2590 6).
2255 2517 2401 2580 Quid
2436 2516 2594 2572 aliud
2642 2517 2763 2570 haec
2809 2532 2984 2587 quam
3033 2513 3382 2570 Trinitatem
3434 2511 3792 2569 ostendunt?

2150 2609 2545 2680 Apertiusque
2576 2623 2718 2662 sane
2753 2606 3032 2661 Dominus
3062 2605 3119 2660 in
3146 2603 3491 2676 Evangelia:
3514 2607 3602 2671 lle,
3629 2600 3786 2673 bapti-

2147 2701 2268 2753 καῖε
2299 2713 2486 2754 omnes
2517 2703 2704 2766 gentes
2727 2697 2787 2750 in
2815 2697 3040 2751 nomine
3059 2694 3266 2763 Patris,
3290 2697 3343 2749 et
3361 2694 3528 2762 Filii,
3559 2702 3610 2749 et
3627 2691 3787 2764 Spiri-

2149 2792 2234 2843 tus
2254 2788 2431 2842 sancti
2462 2787 2673 2857 (Matth.
2706 2801 2909 2854 xxvm,
2945 2785 3052 2854 19).
3086 2784 3153 2838 Et
3189 2799 3465 2839 rursum:
3526 2786 3685 2841 Facta
3724 2783 3788 2835 est

2144 2892 2251 2931 v0.1:
2281 2877 2346 2931 de
2401 2877 2534 2931 caelo
2587 2877 2814 2930 dicens:
2863 2875 2959 2929 Hic
3005 2877 3083 2929 est
3123 2871 3301 2928 Filius
3347 2889 3513 2928 meus
3558 2872 3791 2940 dilectusﬁ

2145 2965 2330 3038 ipsum
2353 2964 2543 3020 audite
2565 2963 2780 3036 (Matth.
2812 2980 2953 3030 xvu,
2982 2963 3059 3034 5).
3087 2961 3544 3032 Identidemque
3565 2961 3662 3029 ait,
3683 2945 3788 3015 Vid‘

390 3037 490 3093 tia.
515 3037 827 3103 Quodlibet
851 3040 1007 3096 enim
1041 3042 1111 3097 de
1129 3041 1222 3098 hi8
1243 3045 1582 3100 nominibus
1607 3044 1664 3099 in
1697 3044 1800 3100 illa
1830 3050 2034 3100 sancta
2141 3037 2418 3127 Spiritum
2450 3055 2554 3108 Dei
2582 3052 3016 3116 descendentem,
3037 3056 3091 3107 et
3115 3056 3434 3106 manentem
3448 3054 3601 3108 sicut
3616 3050 3792 3105 colum-

391 3142 742 3200 summaque
754 3129 1038 3186 Trinitate
1052 3131 1286 3202 dixeris,
1303 3150 1488 3188 unum
1516 3133 1790 3204 idemque
1809 3133 2031 3204 signiﬁ-

393 3221 504 3272 cat.
538 3217 663 3272 Non
686 3223 775 3275 est
805 3220 1036 3276 diversa
1057 3224 1248 3278 Patris
1268 3227 1322 3278 et
1343 3222 1469 3277 Filii
1491 3227 1547 3278 et
1566 3224 1820 3294 Spiritus
1842 3222 2031 3280 sancti

391 3309 674 3363 essentia.
711 3309 872 3375 Quod
906 3309 955 3364 si
977 3315 1152 3378 esset,
1179 3328 1284 3368 nec
1310 3313 1587 3368 veraciter
1607 3290 1798 3368 Pilius
1821 3330 1854 3368 a
1880 3313 2048 3368 Patre
2079 3290 2123 3358 (ἶ

385 3395 746 3467 gigneretur,
780 3415 884 3455 nec
915 3399 1166 3471 Spiritus
1198 3407 1439 3458 sanctus
1489 3419 1522 3457 a
1568 3402 1734 3458 Patre
1785 3403 2038 3474 Filioque

390 3485 755 3554 procederet.
787 3488 898 3542 Sed
933 3489 1073 3560 quia
1101 3507 1272 3547 verus
1307 3496 1394 3547 est
1427 3489 1629 3560 Filius,
1661 3492 1718 3547 id
1751 3497 1838 3548 est
1859 3493 1929 3548 de
1947 3508 2037 3547 es-

386 3573 578 3628 sentia
607 3574 800 3631 Patris
818 3577 1074 3646 genitus,
1096 3597 1269 3637 verus
1297 3585 1386 3636 est
1405 3585 1463 3636 et
1492 3582 1748 3654 Spiritus
1771 3586 2039 3648 sanctus,

387 3675 422 3714 a
452 3664 622 3717 Patre
650 3663 914 3733 Filioque
948 3669 1288 3736 procedens.
1315 3669 1475 3732 Quod
1503 3671 1551 3726 si
1582 3671 1761 3726 Filius
1782 3676 1883 3726 aut
1905 3671 2041 3743 Spi-

390 3751 541 3802 ritus
573 3755 817 3805 sanctus
841 3751 1086 3808 alterius
1107 3758 1340 3824 generis
1360 3762 1499 3813 sunt
1521 3776 1698 3830 quam
1731 3761 1914 3827 Pater,
1935 3776 2040 3815 nec

391 3836 575 3890 Filius
604 3841 886 3892 veraciter
936 3839 1123 3895 Patris
1174 3850 1285 3910 est,
1318 3863 1492 3915 quem
1525 3854 1869 3904 extraneum
1902 3849 2042 3904 facit

393 3924 671 3980 differens
705 3927 978 3997 essentia;
1014 3929 1285 3986 similiter
1315 3951 1419 3990 nec
1455 3937 1708 4008 Spiritus
1737 3943 1978 3995 sanctus
2009 3957 2043 3994 a

357 4097 362 4102 ‘
387 4016 562 4069 Patre
580 4013 845 4086 Filioque
869 4020 1388 4091 procederet,quod
1413 4026 1702 4082 dementis
1715 4028 2038 4086 estdicere:

390 4103 532 4175 quia
562 4109 770 4161 sancta
791 4108 1118 4180 Scriptura,
1143 4117 1200 4166 et
1233 4111 1442 4168 Filium
1474 4131 1509 4169 a
1538 4114 1705 4171 Patre
1753 4117 2040 4188 genitum,

387 4198 448 4249 et
469 4195 753 4267 Spiritum
775 4203 1047 4257 sanctum
1069 4217 1102 4256 a
1125 4200 1290 4258 Patre
1311 4205 1716 4275 procedentem
1743 4207 1898 4262 fideli
1923 4223 2044 4263 ma-

393 4285 636 4342 nifestat
667 4289 1021 4347 narratione.

1035 4400 1266 4458 CAPUT
1299 4402 1399 4460 III.

448 4503 603 4576 Ergo
635 4506 900 4562 sunttria
915 4509 1173 4579 quaedam
1185 4515 2046 4585 coaeterna,consubstantialia,

398 4592 824 4649 coessentialia.
855 4595 966 4651 Sed
989 4613 1122 4652 cum
1149 4606 1505 4669 quaereretur
1521 4620 1554 4658 a
1573 4603 1862 4674 Patribus,
1892 4610 1948 4661 et
1965 4605 2050 4662 di-

395 4681 664 4734 ceretur:
694 4680 842 4744 Quid
875 4682 1032 4739 tria?
1063 4702 1170 4742 nec
1202 4691 1512 4758 essentias,
1533 4709 1636 4748 nec
1655 4694 2046 4765 substantias,
2076 4678 2124 4742 Ῐ)

397 4779 503 4819 nec
535 4770 780 4824 naturas
812 4769 1002 4827 dicere
1031 4774 1159 4829 ausi
1191 4783 1351 4846 sunt;
1375 4796 1448 4834 ne
1471 4781 1668 4852 aliqua
1689 4784 1832 4840 forte
1855 4784 2042 4840 diver-

396 4852 548 4910 sitas
579 4856 915 4914 crederetur
945 4861 1362 4937 essentiarum,
1395 4872 1496 4923 aut
1545 4875 1910 4943 naturarum,
1942 4877 2044 4929 aut

395 4944 892 5004 substantiarum:
927 4950 1028 5006 sed
1059 4950 1336 5009 dixerunt
1368 4959 1485 5012 tres
1518 4975 1820 5032 personas,
1862 4980 2040 5020 unam

392 5035 730 5093 essentiam:
769 5037 851 5094 uti
877 5055 993 5095 una
1009 5041 1266 5096 essentia
1285 5043 1606 5103 declararet
1631 5051 1808 5106 Deum
1837 5068 2042 5120 unum,

387 5129 506 5181 tres
525 5130 722 5184 autem
740 5144 1000 5200 personis
1015 5139 1279 5187 sanctam
1293 5131 1632 5191 Trinitatem
1643 5141 2040 5200 ostenderent.

385 5214 502 5270 Nec
535 5215 645 5273 hoc
676 5219 952 5289 dicimus,
980 5220 1134 5292 quod
1163 5224 1566 5281 tantummodo
1596 5227 1744 5284 Deus
1782 5229 2044 5286 Trinitas

390 5305 488 5376 sit,
523 5312 581 5361 et
612 5324 727 5364 non
751 5326 1114 5382 unaquaeque
1136 5327 1411 5383 persona.
1444 5313 1586 5370 Nam
1613 5321 1668 5372 et
1691 5317 1857 5373 Pater
1885 5319 2044 5376 solus

389 5393 546 5449 Deus
571 5402 682 5467 est,
697 5404 751 5452 et
766 5398 947 5454 Filius
961 5400 1125 5455 solus
1147 5400 1302 5458 Deus
1325 5409 1431 5474 est,
1453 5410 1509 5460 et
1526 5405 1779 5478 Spiritus
1803 5414 2044 5465 sanctus

391 5481 557 5536 solus
574 5483 730 5540 Deus
753 5493 857 5542 est.
887 5489 1058 5545 Solus
1077 5491 1227 5562 dico,
1255 5494 1392 5565 quia
1412 5495 1599 5566 Pater,
1624 5515 1734 5553 non
1760 5498 2045 5556 estFilius

391 5573 450 5624 et
486 5569 667 5625 Filius
698 5591 808 5629 non
839 5584 928 5631 est
959 5583 1150 5648 Pater,
1185 5587 1241 5636 et
1270 5584 1520 5654 Spiritus
1547 5592 1788 5644 sanctus
1819 5606 1934 5644 non
1956 5594 2046 5645 est

388 5660 571 5748 Pater
599 5663 701 5712 aut
733 5662 938 5719 Filius.
972 5665 1258 5724 Caeterum
1302 5671 1560 5731 Trinitas
1607 5676 2042 5748 inseparabilis,

382 5744 922 5819 incommutabilis,
941 5751 1173 5811 inﬁnita
1197 5773 1314 5813 non
1339 5762 1679 5835 recipittres
1700 5744 1859 5835 deos,
1892 5744 2046 5824 sicut

2145 3147 2268 3202 bam
2297 3147 2356 3199 in
2392 3145 2513 3215 ipso
2543 3144 2722 3211 (Joan.
2755 3160 2793 3211 1,
2826 3143 2935 3213 32).

2796 3246 3024 3308 CAPUT
3062 3249 3154 3304 IV.

2220 3365 2304 3420 En
2336 3363 2522 3418 habes
2553 3361 2612 3416 in
2645 3360 2806 3417 brevi
2837 3359 3017 3415 alium
3049 3375 3178 3415 esse
3209 3358 3468 3427 Patrem,
3507 3359 3676 3416 alium
3703 3355 3786 3412 Fi-

2149 3453 2316 3520 lium,
2346 3452 2526 3508 alium
2573 3450 2857 3522 Spiritum
2888 3453 3160 3505 sanctum
3188 3465 3201 3503 :
3242 3447 3428 3504 alium
3461 3455 3530 3505 et
3546 3448 3714 3505 alium
3735 3445 3787 3498 in

2149 3559 2414 3614 persona,
2445 3557 2561 3596 non
2594 3538 2754 3595 aliud
2785 3542 2842 3595 et
2868 3536 3029 3593 aliud
3071 3537 3129 3593 in
3180 3540 3430 3604 natura;
3483 3543 3546 3594 et
3589 3536 3784 3593 idcirco

2153 3633 2283 3704 Ego,
2309 3629 2522 3702 inquit,
2567 3632 2622 3684 et
2669 3630 2847 3684 Pater
2887 3644 3060 3684 unum
3101 3644 3294 3683 sumus
3343 3629 3532 3697 (Joan.
3582 3645 3635 3694 x,
3683 3623 3781 3692 30).

2153 3723 2357 3789 Unum,
2387 3721 2458 3776 ad
2493 3723 2764 3775 naturam
2815 3717 3028 3774 referre
3073 3734 3181 3773 nos
3225 3719 3416 3787 docet,
3445 3721 3673 3785 Sumus,
3719 3713 3781 3768 ad

2150 3827 2460 3884 personas.
2493 3807 2775 3864 Similiter
2799 3811 2856 3864 et
2883 3806 3052 3864 illud:
3103 3809 3225 3863 Tres
3267 3815 3419 3876 sunt,
3467 3807 3664 3879 inquit
3699 3802 3788 3876 qui

2151 3899 2530 3956 testimonium
2553 3898 2745 3953 dicunt
2770 3898 2832 3952 in
2863 3898 3012 3966 ccelo,
3045 3898 3227 3966 Pater,
3266 3898 3526 3966 Verbum,
3549 3901 3601 3950 et
3629 3889 3792 3963 Spiri-

2151 3997 2257 4055 tus,
2290 3991 2340 4043 et
2370 3988 2431 4042 hi
2461 3992 2571 4043 tres
2597 4003 2774 4042 unum
2799 3996 2932 4042 sunt
2961 3986 3007 4058 (ι
3032 3987 3188 4042 Ιοαη.
3209 4001 3264 4052 v,
3281 3987 3360 4054 7).
3383 3985 3594 4041 Audiat
3612 3979 3793 4038 Sabel-

2156 4067 2276 4122 lius
2307 4084 2499 4122 sumus
2529 4068 2732 4122 audiat
2752 4076 2883 4134 tres,
2905 4070 2964 4121 et
2985 4066 3186 4121 credat
3206 4081 3338 4122 esse
3358 4069 3476 4120 tres
3499 4076 3789 4137 personas,

2153 4161 2211 4212 et
2240 4174 2356 4213 non
2387 4156 2674 4228 sacrilego
2707 4157 2880 4212 corde
2911 4154 3306 4227 blasphemet,
3327 4155 3570 4209 dicendo
3603 4153 3794 4222 ipsum

2154 4245 2266 4301 sibi
2288 4261 2416 4301 esse
2437 4245 2691 4312 Patrem,
2711 4245 2908 4317 ipsum
2930 4244 3046 4300 sibi
3070 4245 3304 4314 Filium,
3323 4243 3518 4315 ipsum
3541 4240 3655 4297 sibi
3675 4239 3796 4310 Spi-

2153 4335 2334 4390 ritum
2363 4340 2658 4391 sanctum:
2691 4339 2974 4406 tanquam
3007 4335 3184 4392 modo
3233 4333 3492 4406 quodam
3542 4331 3792 4404 seipsum

2154 4425 2382 4497 gignat,
2411 4429 2512 4481 aut
2546 4426 2722 4481 modo
2753 4426 3010 4498 quodam
3044 4443 3079 4482 a
3106 4425 3300 4497 seipse
3330 4423 3458 4494 ipse
3488 4422 3791 4495 procedat;

2155 4531 2289 4571 cum
2320 4515 2430 4570 hoc
2463 4513 2642 4570 etiam
2675 4516 2734 4570 in
2768 4515 2993 4571 naturis
3025 4514 3234 4584 creatis
3266 4513 3518 4570 minime
3548 4511 3792 4569 invenire

2155 4605 2368 4677 possit,
2403 4609 2470 4661 ut
2500 4603 2723 4676 aliquid
2755 4604 3014 4676 seipsum
3059 4604 3299 4676 gignere
3346 4601 3562 4659 valeat.
3595 4600 3795 4658 Audiat

2157 4694 2380 4751 scilicet
2401 4694 2668 4762 etArius,
2697 4694 2894 4761 Unum,
2917 4699 2976 4750 et
2999 4710 3115 4750 non
3139 4692 3463 4749 differentis
3486 4693 3698 4749 Filium
3719 4689 3796 4744 di-

2155 4788 2250 4840 cat
2275 4799 2405 4841 esse
2435 4788 2682 4854 natura,
2705 4799 2838 4838 cum
2871 4787 3084 4838 natura
3105 4781 3336 4838 diversa
3358 4798 3550 4838 unum
3575 4781 3686 4839 dici
3706 4793 3797 4834 ne-

2155 4878 2349 4946 queat.
2385 4873 2568 4929 Filius
2599 4874 2799 4944 itaque
2829 4872 3066 4942 clamat,
3095 4874 3223 4945 Ego
3248 4880 3298 4928 et
3326 4873 3494 4928 Pater
3521 4888 3696 4928 unum
3720 4883 3797 4924 su-

2153 4980 2277 5019 mus
2306 4963 2491 5036 (Joan.
2522 4980 2580 5033 x,
2612 4963 2703 5034 30)
2731 4981 2744 5031 ;
2783 4972 2837 5018 et
2864 4962 2970 5031 Qui
2997 4976 3082 5016 me
3111 4961 3278 5030 videt,
3310 4961 3460 5018 videt
3485 4967 3543 5018 et
3585 4964 3794 5018 Patrem

2155 5055 2330 5124 (Joan.
2362 5069 2480 5118 xiv,
2510 5053 2589 5121 9).
2624 5052 2690 5107 Et
2721 5051 3032 5123 Apostolus
3065 5051 3136 5106 de
3163 5066 3268 5107 eo:
3303 5051 3412 5119 Qui
3440 5067 3572 5107 eum
3603 5053 3662 5107 in
3690 5050 3798 5119 for-

2153 5159 2247 5198 ma
2280 5142 2376 5197 Dei
2401 5145 2558 5212 esset,
2594 5140 2807 5212 inquit,
2831 5156 2942 5196 non
2961 5139 3218 5211 rapinam
3248 5139 3560 5196 arbitratus
3589 5141 3668 5196 est
3693 5148 3796 5193 esse

2154 5249 2210 5290 se
2227 5233 2500 5304 aequalem
2535 5235 2641 5288 Deo
2673 5229 2902 5303 (Philip.
2934 5246 2997 5300 ιι,
3019 5232 3075 5301 6)
3101 5254 3116 5298 ;
3147 5234 3204 5286 et
3227 5245 3241 5285 :
3264 5231 3586 5302 Propterea,
3620 5223 3800 5298 inquit

2155 5323 2214 5376 in
2231 5321 2562 5392 Evangelio,
2586 5321 2906 5391 quaerebant
2921 5319 3103 5376 Judaei
3113 5322 3308 5374 Iesum
3324 5319 3660 5390 interﬁcere,
3678 5314 3796 5387 quis

2153 5428 2262 5466 non
2281 5412 2459 5467 solum
2487 5409 2726 5466 solvebat
2755 5409 3064 5476 sabbatum,
3087 5408 3180 5464 sed
3201 5417 3251 5464 et
3286 5413 3503 5464 Patrem
3527 5423 3690 5464 suum
3718 5400 3797 5458 di-

2152 5501 2306 5557 cebat
2337 5502 2532 5567 Deum,
2566 5500 2840 5572 aequalem
2868 5515 2924 5554 se
2967 5497 3180 5569 faciens
3229 5504 3341 5554 Deo
3389 5499 3571 5571 (Joun.
3607 5513 3661 5563 v,
3694 5492 3793 5562 18).

2155 5591 2224 5645 Et
2255 5590 2428 5644 Arius
2462 5587 2805 5660 blaspheme
2837 5587 3051 5659 spiritu
3079 5587 3470 5643 contradicit:
3506 5587 3631 5642 Non
3663 5584 3792 5639 sunt

2155 5695 2363 5745 unum,
2383 5694 2496 5734 non
2520 5681 2660 5734 sunt
2678 5675 3236 5749 cquales,quiaipse
3257 5676 3443 5733 Filius
3461 5677 3534 5733 de
3552 5689 3617 5731 se
3638 5670 3785 5729 dicit:

2156 5773 2324 5828 Pater
2352 5769 2532 5839 maior
2560 5783 2647 5824 me
2667 5769 2746 5844 est
2775 5765 2960 5840 (Joan.
2992 5781 3109 5839 xxv,
3137 5766 3271 5840 28);
3302 5771 3363 5824 et
3392 5767 3643 5826 missum
3667 5771 3788 5819 sese
