3878 6352
120 416 208 477 501
1098 482 1107 491 κ
1269 412 1375 472 DE
1420 409 1853 473 TRINITATE
1895 412 2134 477 LIBER
2178 419 2413 482 UNUS.
3410 436 3536 498 502

126 563 241 620 sepe
260 559 499 600 numero
533 560 572 598 a
593 545 774 598 Patre
793 542 1123 597 testatur.0
1158 542 1361 599 infelix
1391 545 1759 615 errorjpesti-
1792 546 1845 612 Α
1877 545 1974 601 ille
2006 548 2132 605 sine
2170 552 2557 624 ambiguitate
2594 552 2783 611 Deum
2822 555 3023 613 credit.
3051 557 3130 614 De
3159 558 3305 616 Filio
3336 565 3531 618 autem

128 642 320 708 fersque
349 632 952 703 doctrina,ignorans
971 630 1478 703 dispensationem
1511 634 1770 689 hominis
1880 634 1967 689 vel
1991 635 2060 691 de
2086 638 2307 709 Spiritu
2338 646 2539 697 sancto
2558 642 2750 698 omnis
2766 660 2911 713 pene
2928 644 3033 700 hoc
3048 652 3252 702 sancta
3266 649 3533 721 Scriptu-

129 730 183 783 ob
208 727 431 782 salutem
460 722 710 793 generis
761 720 1014 776 humani
1065 722 1473 792 temporaliter
1521 724 1730 778 factam
1758 723 1772 777 l
1880 739 1944 776 ra
1976 732 2209 781 resonat
2240 746 2253 796 ;
2290 731 2390 785 sed
2426 748 2528 802 pro
2561 732 2839 787 brevitate
2872 735 3161 790 sermonis
3194 720 3532 807 paucainde

131 814 605 889 Rogo,secundum
631 811 777 883 quid
805 812 1000 881 major
1018 820 1105 865 est
1136 811 1312 866 Pater
1340 811 1486 867 Filio
1509 811 1543 883 ?,
1568 829 1771 867 secun-

132 910 239 962 dum
252 904 644 962 substantiam
658 920 754 969 ,an
771 902 1102 958 secundum
1122 902 1547 973 potentiam,an
1564 919 1771 958 secun-

130 998 246 1051 dum
272 994 707 1057 bonitatem,an
741 991 1075 1047 secundum
1107 991 1673 1061 incorporalitalem,
1694 1008 1765 1046 an

128 1085 417 1139 secundum
451 1082 850 1136 aeternitatem
875 1078 902 1133 ?
929 1079 987 1133 Si
1019 1078 1389 1135 innascibilis
1422 1079 1524 1135 Dei
1576 1080 1766 1135 Patris

127 1172 440 1245 Unigenitus
470 1170 630 1226 Deus
654 1170 858 1240 imago
880 1170 1268 1240 est,perfectai
1292 1172 1467 1238 atque
1482 1167 1765 1224 absolutae

125 1266 169 1318 in
199 1279 256 1318 eo
274 1260 626 1317 substantia
657 1258 880 1315 veritas
913 1258 1085 1325 inest,
1120 1275 1225 1329 per
1281 1274 1456 1327 quam
1508 1258 1765 1313 efﬁcitur

122 1370 225 1410 esse
250 1369 376 1408 eum
413 1351 742 1419 imaginem
775 1349 1057 1405 veritatis.
1092 1350 1305 1404 Potens
1337 1356 1424 1405 est
1443 1350 1632 1419 Pater,
1658 1353 1760 1407 sed

122 1446 161 1500 si
185 1443 442 1498 inﬁrmus
475 1445 567 1497 est
600 1439 1029 1511 Filius,imago
1053 1440 1179 1509 jam
1213 1458 1334 1497 non
1359 1448 1448 1497 est
1482 1443 1760 1513 potentis.

121 1535 282 1589 Bonus
311 1538 400 1587 est
428 1530 737 1595 Pater,sed
771 1529 821 1585 si
854 1531 913 1583 in
948 1530 1165 1584 diversi
1199 1532 1430 1600 generis
1457 1532 1761 1588 divinitate

121 1624 267 1678 Filius
287 1627 395 1691 est,
430 1621 573 1675 boni
613 1619 935 1687 imaginem
969 1618 1109 1673 mali
1144 1625 1355 1674 natura
1386 1636 1501 1675 non
1537 1623 1755 1677 reddet.

122 1715 475 1784 lncorporeus
498 1711 672 1765 Pater
703 1710 916 1774 est,sed
938 1709 987 1763 si
1021 1708 1203 1764 Filius
1220 1709 1549 1764 secundum
1584 1711 1757 1782 spiri-

118 1809 224 1858 tum
252 1799 737 1871 circumscriptus
769 1802 857 1853 est
884 1799 1273 1870 corpore,jam
1299 1800 1755 1870 incorporeinon

1880 811 2298 885 decerpsimus.
2344 818 2630 874 Minorem
2681 824 2896 894 autem,
2930 829 3031 877 aut
3054 824 3295 879 missum
3322 825 3528 883 Filium

1878 904 2201 958 secundum
2228 906 2284 961 id
2299 908 2595 964 credimus
2626 912 2782 980 quod
2816 916 2871 967 et
2898 913 3213 983 Apostolus
3244 914 3345 981 ait,
3372 916 3532 971 Misit

1875 988 2019 1044 Deus
2038 992 2243 1047 Filium
2266 1010 2429 1050 suum
2449 998 2655 1063 factum
2677 1014 2747 1053 ex
2772 998 3028 1062 muliere,
3060 1002 3276 1069 factum
3296 1002 3391 1056 sub
3413 1003 3530 1073 lege

1875 1080 2077 1148 (Gatat.
2104 1100 2181 1152 ιν,
2216 1084 2291 1155 4).
2336 1086 2579 1141 Factum
2621 1094 2815 1143 autem
2851 1106 2919 1144 ex
2951 1089 3219 1162 muliere,
3251 1092 3305 1146 id
3339 1095 3429 1148 est
3457 1094 3527 1148 de

1873 1167 2111 1239 Virgine
2157 1172 2339 1228 Maria
2372 1180 2577 1230 natum
2614 1194 2627 1230 :
2660 1178 2798 1247 quia
2830 1178 2927 1234 ille
2958 1180 3057 1251 qui
3089 1185 3213 1235 erat
3244 1186 3417 1237 natus
3457 1197 3526 1237 ex

1872 1256 2041 1313 Patre
2063 1259 2190 1316 sine
2218 1262 2386 1318 initio
2409 1263 2478 1318 de
2506 1270 2691 1321 matre
2724 1269 3015 1325 nascendo
3038 1269 3261 1340 accepit
3300 1274 3523 1326 certum

1872 1349 2421 1417 temporisinitium.
2458 1353 2568 1420 Qui
2595 1355 2770 1409 etiam
2794 1373 2918 1411 cum
2946 1356 3009 1411 in
3036 1360 3217 1427 forma
3248 1359 3349 1414 Dei
3365 1364 3521 1429 esset,

1869 1434 2113 1506 inquitA
2122 1438 2520 1510 postolus,non
2535 1442 2792 1514 rapinam
2803 1446 3107 1501 arbitratus
3119 1452 3198 1504 est
3215 1462 3327 1503 esse
3341 1462 3525 1519 aequa-

1871 1523 1940 1577 lis
1967 1526 2200 1593 Deo,sed
2213 1532 2574 1601 semetipsum
2598 1533 2913 1589 exinanivit
2931 1538 3171 1602 formam
3198 1539 3346 1591 servi
3375 1540 3524 1594 acci-

1864 1612 2044 1683 piens,
2077 1615 2135 1669 in
2166 1618 2539 1675 similitudine
2569 1620 2857 1676 hominum
2881 1626 3084 1693 factus,
3115 1633 3169 1679 et
3198 1625 3393 1680 habitu
3426 1625 3520 1681 in-

1866 1707 2055 1757 ventus
2078 1710 2139 1758 ut
2152 1705 2412 1773 homo,hu
2421 1710 2661 1764 miliavit
2685 1727 2744 1766 se
2758 1728 2927 1782 usque
2943 1714 3014 1768 ad
3033 1722 3520 1783 mortem,mortem

1865 1800 2051 1846 autem
2082 1797 2259 1848 crucis
2278 1797 2515 1869 (Philip.
2549 1815 2611 1865 ιι,
2653 1800 2730 1871 6).
2782 1802 2888 1868 Qui
2935 1819 3061 1856 cum
3093 1802 3155 1857 in
3183 1805 3368 1872 forma
3396 1805 3514 1872 Dei,

120 1901 200 1948 est
224 1893 400 1947 forma
427 1905 769 1961 corporeus.
805 1889 1077 1944 {Eternus
1124 1890 1279 1944 332
1312 1893 1401 1944 est
1435 1892 1621 1958 Pater,
1649 1890 1751 1944 sed
1784 1914 1831 1978 Β
1865 1881 2137 1978 ait,esset,
2170 1882 2228 1936 id
2250 1887 2340 1938 est
2362 1900 2492 1940 cum
2542 1886 2874 1942 substantia
2897 1889 3045 1943 Deus
3067 1893 3241 1959 esset,
3274 1906 3389 1945 non
3422 1907 3514 1946 ra-

120 1983 164 2037 si
193 1982 358 2037 Filius
388 1998 500 2036 non
532 1985 625 2035 est
655 1977 1415 2050 comternus,temporaliter
1448 1978 1598 2033 Patri
1633 1994 1745 2033 no-

122 2089 230 2127 men
258 2070 626 2143 paternitatis
658 2069 944 2138 accessit;
979 2073 1037 2123 et
1084 2068 1209 2138 jam
1257 2085 1373 2123 non
1416 2068 1614 2123 omnia
1649 2084 1751 2140 per

118 2163 341 2218 Verbum
361 2163 520 2217 facta
540 2165 705 2224 sunt,
722 2159 858 2231 quia
882 2159 1171 2231 reperitur
1191 2163 1423 2230 tempus
1440 2163 1575 2214 ante
1605 2159 1751 2214 Ver-

114 2254 228 2309 bum
257 2254 544 2319 anterius,
573 2252 811 2320 quando
844 2250 1016 2304 Pater
1046 2248 1221 2304 fuerit
1275 2249 1402 2303 sine
1446 2248 1608 2305 Filio.
1641 2250 1747 2303 Sed

112 2344 394 2414 imaginem
430 2343 535 2396 Dei
568 2340 757 2395 Patris
793 2339 1068 2403 Verbum,
1104 2341 1161 2392 et
1190 2338 1391 2393 omnia
1416 2354 1520 2409 per
1549 2338 1747 2408 ipsum

111 2432 237 2486 facta
256 2431 569 2502 Scriptura
599 2429 896 2485 evidenter
926 2428 1207 2483 declarat.
1236 2429 1323 2481 An
1356 2428 1502 2482 forte
1535 2427 1603 2481 ad
1638 2427 1748 2481 hoc

108 2521 276 2593 impiae
289 2519 681 2594 professionis
694 2535 814 2573 sua:
828 2535 1067 2574 sensum
1080 2522 1456 2590 propagat,ut
1469 2517 1746 2589 Spiritum

107 2617 351 2666 sanctum
383 2612 609 2665 bonum
645 2608 903 2680 quidem,
938 2609 1041 2663 sed
1073 2607 1282 2663 Filium
1333 2606 1659 2675 meliorem,
1689 2610 1746 2660 et

106 2702 320 2755 Patrem
344 2700 632 2770 optimum
657 2713 789 2753 esse
820 2698 1147 2761 credat,aut
1170 2697 1453 2767 Spiritum
1476 2701 1745 2751 sanctum

105 2789 522 2860 potentem,sed
556 2786 772 2842 Filium
808 2786 1280 2858 potentiorem,et
1301 2786 1529 2841 Patrem
1550 2790 1749 2857 poten-

102 2879 402 2944 tissimum
434 2894 605 2932 sensu
630 2876 919 2947 sacrilego
939 2881 1192 2944 astruat;
1222 2880 1325 2931 aut
1346 2883 1610 2931 sanctum
1627 2874 1751 2945 Spi-

99 2969 542 3038 ritumjustum,
576 2968 679 3023 sed
716 2966 931 3022 Filium
956 2966 1360 3036 justiorem,et
1391 2965 1622 3020 Patrem
1648 2965 1749 3035 ju—

98 3058 420 3114 stissimum
448 3056 915 3129 blasphemando
932 3055 1208 3111 edoceat?
1222 3056 1368 3125 Ergo
1387 3071 1502 3109 non
1517 3060 1748 3110 tenetur

99 3150 193 3204 sub
224 3149 401 3204 unius
434 3148 536 3203 Dei
571 3147 959 3219 professione,
1007 3146 1106 3201 sed
1165 3146 1533 3200 ethnicorum
1588 3161 1744 3200 more

101 3238 479 3308 plurimorum
505 3238 747 3293 deorum
774 3235 959 3292 cultui
994 3235 1534 3305 mancipatur,dum
1564 3240 1741 3289 Deum

101 3332 314 3384 Patrem
350 3329 664 3400 majorem,
692 3326 1026 3397 Filiumque
1057 3327 1432 3386 minorem.et
1460 3324 1743 3395 Spiritum

104 3425 357 3473 sanctum
390 3418 712 3489 plusquam
731 3416 1016 3471 minorem
1034 3414 1488 3486 praesumptione
1506 3419 1753 3470 temera-

101 3507 179 3561 ria
206 3510 567 3580 suspicatur.
601 3507 789 3561 Deum
822 3506 1133 3575 majorem,
1156 3512 1210 3559 et
1243 3509 1425 3559 Deum
1461 3504 1751 3559 minorem

100 3580 301 3652 habeat
332 3616 498 3654 error
528 3612 734 3652 eorum
768 3596 869 3667 qui
904 3594 1081 3650 Israel
1115 3610 1243 3650 esse
1269 3593 1500 3663 nolunt,
1523 3609 1628 3648 nec
1658 3595 1755 3649 ob-

98 3687 299 3742 turatis
331 3687 582 3742 auribus
614 3685 868 3741 audiunt
892 3701 905 3740 :
927 3684 1596 3754 Audi,lsrael,Dominus
1612 3684 1753 3738 Deus

96 3785 217 3831 tuus
249 3782 397 3834 Deus
424 3793 571 3832 unus
600 3779 676 3831 est
708 3780 889 3845 (Deut.
923 3792 998 3844 v1,
1031 3774 1124 3847 4);
1160 3778 1217 3829 et
1245 3772 1391 3829 illud
1418 3790 1431 3828 :
1456 3774 1753 3829 Dominum

100 3865 259 3921 Deum
289 3875 449 3923 tuum
480 3866 765 3935 adorabis,
796 3873 849 3920 et
871 3864 961 3919 illi
990 3865 1094 3919 soli
1120 3862 1323 3919 servies
1349 3861 1533 3932 (Ibid.,
1569 3863 1678 3934 13).

757 3972 988 4030 CAPUT
1024 3972 1094 4026 V.

167 4083 279 4137 Sed
314 4100 381 4139 ne
410 4085 558 4139 forte
589 4084 803 4137 caecato
863 4082 1035 4137 corde
1060 4080 1302 4147 Filium,
1334 4083 1433 4135 aut
1465 4078 1750 4151 Spiritum
1780 4114 1783 4117 Α

90 4176 372 4227 sanctum
388 4173 568 4227 Deum
583 4187 713 4227 esse
729 4187 841 4226 non
856 4170 1118 4238 credant,
1150 4173 1207 4225 et
1223 4184 1382 4223 more
1414 4172 1751 4223 Judeeorum

85 4259 140 4312 bl
150 4262 634 4331 asphemantium
658 4265 845 4316 Deum
869 4276 998 4316 esse
1019 4260 1630 4333 abnegent,sacrarum
1648 4258 1755 4314 Lit-

86 4355 365 4405 terarum
392 4350 749 4408 testimoniis
778 4349 1223 4406 convincantur.
1260 4350 1504 4418 Quorum
1527 4350 1752 4417 Patres,

86 4438 306 4510 inquit
339 4440 664 4513 Apostolus.
696 4445 746 4496 et
776 4456 846 4496 ex
894 4441 1095 4514 quibus
1148 4439 1398 4495 Christus
1452 4438 1752 4495 secundum

86 4548 356 4601 carnem,
378 4538 568 4606 quiest
600 4534 917 4591 benedictus
966 4535 1108 4589 Deus
1138 4535 1199 4589 in
1235 4534 1435 4589 saecula
1464 4534 1635 4603 (Rom.
1672 4547 1750 4600 ιι,

83 4620 161 4715 ξ).
199 4623 275 4678 Et
313 4641 543 4680 rursum
575 4623 1209 4715 Joannesiapostolus;
1244 4624 1305 4680 Ut
1334 4622 1746 4693 simus,inquit,
1784 4651 1828 4715 D

87 4712 145 4765 in
179 4730 330 4771 vero
357 4716 494 4771 Filio
526 4717 641 4782 eius
664 4717 791 4772 Jesu
823 4713 1061 4770 Christo.
1106 4714 1230 4784 Ipse
1272 4715 1350 4768 est
1399 4728 1558 4768 verus
1588 4713 1748 4779 Deus,

86 4809 136 4854 et
168 4804 297 4859 vita
327 4810 535 4862 εἰει-πα
564 4807 613 4874 (ι
632 4807 795 4861 Joan.
830 4821 882 4871 v,
932 4804 1047 4874 20).
1079 4806 1151 4858 Et
1183 4803 1254 4857 de
1298 4800 1519 4873 Spiritu
1552 4805 1755 4857 sancto

84 4889 361 4952 Joannes
381 4894 737 4967 evangelista
761 4913 774 4951 :
809 4892 1442 4965 Spiritus,inquit,Deus
1470 4898 1550 4947 est
1575 4892 1753 4962 (Joan.

88 4996 162 5049 iv,
200 4985 327 5055 14).
349 4984 467 5041 EtA
479 4984 746 5057 postolus
768 4985 909 5039 dum
934 4982 1220 5055 Spiritum
1239 4986 1509 5038 sanctum
1534 4979 1760 5036 inhabi-

88 5075 354 5131 tatorem
406 5074 678 5130 Ecclesiae
724 5075 989 5130 diceret:
1021 5073 1283 5141 Nescitis,
1339 5070 1552 5143 inquit,
1619 5071 1758 5142 quia

88 5167 353 5221 membra
365 5175 549 5221 vestra
576 5165 847 5237 templum
876 5167 954 5219 est
1008 5162 1261 5234 Spiritus
1289 5163 1511 5216 sancti?
1535 5159 1757 5231 Gloriﬁ—

87 5266 205 5310 cate
238 5263 301 5311 et
332 5259 547 5318 portate
578 5257 877 5310 Dominum
906 5253 967 5309 in
995 5268 1226 5322 corpore
1244 5256 1418 5307 vestro
1449 5251 1496 5323 (1
1527 5250 1647 5305 Cor.
1680 5266 1757 5321 v1,

88 5344 168 5414 19,
204 5347 424 5417 20).Ει
454 5347 512 5402 in
545 5346 793 5401 Actibus
822 5344 1219 5417 apostolorum
1257 5341 1534 5410 :Anania,
1568 5340 1761 5412 inquit

87 5432 327 5507 Petrus,
347 5454 451 5494 cur
474 5439 707 5492 tentavit
735 5451 828 5491 cor
854 5441 1012 5490 tuum
1042 5435 1278 5489 Satanas
1308 5432 1535 5489 mentiri
1563 5441 1613 5488 te
1644 5431 1761 5504 Spi-

87 5529 228 5583 ritui
260 5536 463 5584 sancto
497 5528 632 5593 (Act.
669 5543 723 5595 ν,
751 5526 770 5596 )
796 5525 860 5580 3?
888 5525 957 5579 Et
1010 5523 1177 5596 paulo
1228 5528 1361 5597 post
1400 5523 1711 5595 subjungit
1742 5539 1756 5579 :

84 5614 200 5672 Non
235 5635 295 5674 es
357 5616 687 5674 hominibus
727 5618 1010 5682 mentitus,
1060 5618 1155 5670 sed
1203 5615 1308 5672 Deo
1367 5612 1552 5685 (Ibid.,
1586 5614 1637 5684 4)
1675 5612 1759 5667 En

87 5700 270 5765 habet
300 5709 527 5765 Filium
564 5706 771 5774 Deum,
805 5705 1088 5776 Spiritum
1123 5709 1397 5760 sanctum
1443 5708 1647 5759 Deum.
1680 5707 1762 5757 De

79 5794 261 5861 Patre
293 5800 463 5875 quod
496 5798 654 5855 Deus
677 5798 903 5869 sit,non
935 5811 1084 5869 opus
1117 5798 1206 5853 est
1230 5794 1761 5869 approbare,quem

1865 1969 2484 2043 puitdeitatem,quam
2501 1976 2851 2032 naturaliter
2863 1976 3117 2033 habebat
3132 1994 3267 2033 cum
3300 1984 3469 2034 Patre
3492 2004 3507 2045 ;

1859 2059 1962 2113 sed
1984 2060 2369 2133 semetipsum
2392 2065 2728 2133 exinanivit,
2758 2066 2813 2120 id
2846 2071 2956 2135 est,
2988 2084 3105 2123 non
3154 2068 3213 2123 in
3244 2067 3301 2122 id
3346 2070 3502 2139 quod

1859 2150 2014 2207 Deus
2041 2157 2148 2220 est,
2169 2159 2227 2209 et
2248 2156 2491 2226 aequalis
2512 2158 2897 2231 Patri,generi
2921 2160 3177 2217 humano
3199 2162 3499 2233 apparuit;

1858 2242 1956 2295 sed
1983 2240 2220 2299 homine
2240 2250 2569 2318 assumpto,
2602 2264 2716 2303 non
2742 2253 2859 2304 Deo
2890 2257 3259 2323 consumpto,
3292 2249 3350 2304 in
3372 2249 3504 2305 uni-

1858 2335 1976 2386 tate
2006 2347 2286 2403 personsa,
2320 2339 2379 2390 et
2405 2335 2464 2391 in
2515 2336 2623 2392 hoc
2672 2338 2826 2393 838
2870 2340 3090 2394 mundo
3122 2340 3415 2411 apparuit,
3449 2343 3508 2394 et

1858 2420 2163 2490 passiones
2210 2424 2516 2495 sustinuit,
2566 2430 2624 2481 et
2653 2426 2984 2483 affectiones
3019 2428 3325 2496 humanas,
3359 2444 3509 2500 quas

1858 2508 2053 2564 decuit
2080 2514 2137 2565 et
2168 2510 2369 2580 voluit,
2402 2513 2529 2568 sine
2575 2513 2719 2569 vitio
2770 2517 3141 2573 transcurrit.
3172 2516 3509 2572 Secundum

1857 2601 2011 2656 hanc
2045 2602 2289 2658 turmam
2323 2603 2644 2660 humanam
2680 2622 2793 2661 non
2825 2611 2916 2663 est
2943 2606 3187 2679 aequalis
3216 2608 3394 2674 Patri,
3430 2608 3514 2663 di-

1858 2694 2024 2745 cente
2045 2691 2195 2761 ipso,
2233 2695 2400 2747 Pater
2430 2694 2618 2764 major
2659 2710 2747 2751 me
2795 2705 2873 2751 est
2890 2696 3078 2767 (Joan.
3110 2713 3227 2765 xxv,
3258 2696 3369 2768 28).
3402 2697 3505 2752 Se-

1857 2779 2116 2834 cundum
2150 2779 2310 2836 illam
2342 2798 2476 2838 vero
2509 2799 2625 2854 qua
2655 2784 2894 2855 aequalis
2925 2790 3015 2841 est
3038 2786 3213 2853 Patri,
3241 2786 3323 2842 ait
3350 2801 3363 2840 :
3402 2789 3511 2856 Ego

1857 2875 1909 2927 et
1940 2874 2108 2925 Pater
2137 2888 2311 2927 unum
2348 2890 2542 2928 sumus
2592 2874 2767 2947 (Joan.
2789 2892 2847 2944 x,
2880 2876 2993 2939 30).
3028 2877 3364 2933 Secundum
3398 2877 3509 2932 tor-

1860 2977 2011 3015 mam
2035 2960 2377 3031 humanam,
2418 2962 2568 3018 venit
2605 2962 2667 3018 in
2696 2966 2973 3021 mundum
2998 2973 3300 3035 peccatores
3327 2966 3506 3022 salvos

1853 3056 2041 3119 facere
2060 3052 2111 3119 (1
2143 3051 2275 3105 Tim.
2299 3068 2337 3120 1,
2374 3052 2463 3120 15)
2496 3071 2510 3120 ;
2546 3054 2871 3109 secundum
2904 3054 3181 3121 divinam,
3215 3054 3277 3108 in
3297 3053 3506 3110 mundo

1855 3148 1990 3206 erat,
2025 3144 2075 3196 et
2117 3141 2354 3197 mundus
2397 3159 2497 3213 per
2538 3144 2717 3214 ipsum
2755 3147 2933 3215 factus
2960 3153 3041 3199 est
3082 3146 3270 3214 (Joan.
3316 3162 3357 3208 ι.
3392 3144 3506 3216 10)-

1855 3230 2152 3286 Etidcirco
2169 3232 2315 3286 duas
2340 3232 2703 3287 substantias
2724 3233 2843 3289 sive
2865 3241 3121 3302 naturas,
3156 3234 3278 3290 sive
3290 3234 3507 3289 formas

1861 3318 2185 3391 (quodlibet
2243 3321 2312 3375 de
2370 3320 2462 3375 his
2516 3321 2752 3389 dixeris,
2793 3322 2947 3377 idem
2980 3323 3109 3393 est),
3138 3322 3371 3380 credere
3400 3340 3508 3379 nos

1861 3410 2157 3481 oportetin
2173 3426 2286 3464 uno
2301 3410 2445 3465 Filio
2467 3411 2561 3466 Dei
2584 3430 2598 3479 ;
2633 3428 2810 3467 unam
2844 3412 3100 3484 profecto
3121 3412 3240 3485 Dei,
3265 3413 3507 3469 alteram

1862 3499 2145 3567 hominis,
2198 3503 2263 3553 ut
2309 3500 2580 3555 credatur
2618 3499 2772 3557 Deus
2818 3518 3012 3572 verus,
3044 3506 3101 3558 et
3133 3502 3305 3559 homo
3335 3519 3509 3560 verus

1865 3605 2019 3645 unus
2049 3586 2228 3644 Filius
2260 3587 2355 3644 Dei
2389 3604 2521 3655 :ne,
2553 3590 2707 3646 sicut
2752 3590 3077 3660 Nestorius,
3113 3592 3409 3649 hominem
3442 3609 3511 3649 ex

1861 3680 2100 3753 Virgine
2116 3680 2298 3735 Maria
2310 3689 2510 3737 natum
2527 3698 2602 3753 qu
2612 3685 2797 3738 artam
2814 3699 3125 3756 personam
3140 3684 3511 3741 introducan-

1860 3774 2007 3837 tes,a
2028 3768 2303 3825 Trinitate
2336 3770 2677 3828 excidemus
2700 3788 2715 3840 ;
2741 3788 2951 3844 neque,
2986 3779 3051 3829 ut
3070 3773 3378 3847 Eutychos,
3398 3773 3509 3830 ho-

1862 3858 2079 3913 minem
2094 3875 2296 3914 verum
2330 3876 2445 3915 non
2470 3860 2791 3931 credentes,
2816 3860 3027 3919 Filium
3052 3863 3150 3919 Dei
3172 3863 3298 3920 sine
3319 3862 3508 3919 homi-

1861 3948 1953 4004 nis
1972 3948 2396 4020 assumptione,
2430 3948 2486 4004 id
2507 3953 2597 4005 est
2627 3951 2805 4007 unius
2823 3951 3162 4009 substantias
3174 3970 3303 4011 esse
3315 3953 3513 4009 creda-

1861 4054 2030 4106 mus;
2058 4042 2161 4093 aut
2214 4043 2367 4093 certe
2414 4055 2483 4095 ex
2536 4040 2767 4097 duabus
2796 4041 3149 4099 substantiis
3180 4059 3359 4099 unam
3382 4042 3509 4099 ﬁeri

1861 4129 2122 4199 potuisse
2166 4127 2553 4184 substantiam
2585 4129 2959 4186 arbitremur.
2993 4131 3138 4195 Quia
3169 4131 3353 4188 Filius
3384 4130 3512 4199 Dei,

1864 4221 1928 4273 ut
1953 4217 2230 4286 diximus,
2256 4218 2314 4272 in
2340 4218 2559 4273 unitate
2584 4234 2842 4288 personae
2856 4234 2975 4274 sua:
2997 4224 3186 4275 totum
3210 4219 3511 4276 hominem

1862 4306 2211 4379 assumpsit,
2246 4307 2301 4361 id
2350 4312 2439 4362 est
2469 4306 2722 4362 animam
2755 4307 3125 4379 rationalem,
3165 4313 3222 4363 et
3251 4324 3511 4379 carnem,

1864 4397 2190 4454 secundum
2223 4395 2381 4466 quod
2423 4395 2646 4450 dictum
2698 4400 2786 4451 est
2818 4411 2920 4465 per
2952 4396 3303 4468 Prophetam
3335 4412 3349 4452 :
3380 4398 3515 4454 Ecce

1860 4491 2012 4558 virgo
2038 4488 2104 4542 in
2135 4494 2289 4541 utero
2312 4485 2568 4556 accipiet,
2610 4488 2663 4539 et
2691 4485 2873 4556 pariet
2905 4484 3115 4554 ﬁlium,
3145 4493 3199 4541 et
3226 4484 3517 4542 vocabitur

1860 4576 1957 4650 (al.
1991 4574 2280 4643 vocabitis)
2318 4589 2519 4629 nomen
2562 4572 2681 4641 eius
2727 4574 3055 4630 Emmanuel
3084 4574 3221 4646 (Isa.
3263 4591 3363 4643 vn,
3398 4576 3514 4649 14),

1860 4667 2013 4737 quod
2051 4671 2142 4721 est
2183 4665 2646 4735 interpretatum,
2690 4663 2984 4720 Nobiscum
3031 4668 3177 4722 Deus
3228 4664 3435 4738 (Matth.
3468 4683 3509 4735 ι,

1856 4757 1973 4829 23).
2008 4755 2193 4811 Homo
2241 4754 2423 4826 igitur
2451 4758 2508 4808 et
2552 4753 2706 4809 Deus
2745 4757 2854 4825 est,
2889 4754 2991 4827 qui
3021 4755 3091 4811 de
3122 4755 3303 4812 Maria
3332 4760 3509 4813 natus

1865 4852 1951 4904 est
1977 4866 1992 4917 ;
2015 4846 2192 4902 homo
2214 4848 2271 4900 et
2307 4844 2462 4900 Deus
2496 4849 2604 4914 est,
2639 4844 2739 4916 qui
2772 4845 2956 4901 crevit
3014 4850 3214 4915 aetate;
3249 4847 3424 4904 homo
3454 4850 3512 4903 et

1865 4937 2021 4993 Deus
2044 4940 2154 5007 est,
2182 4934 2278 5007 qui
2304 4933 2463 4990 cruci
2486 4934 2698 4991 affixus
2716 4933 2933 5007 est,qui
2958 4935 3133 4991 etiam
3167 4937 3506 5004 resurrexit,

1866 5027 2158 5100 cmlosque
2179 5025 2463 5096 ascendit,
2488 5026 2770 5098 sedetque
2790 5027 2861 5082 ad
2884 5027 3180 5081 dexteram
3201 5026 3409 5083 Patris.
3445 5027 3514 5081 Et

1867 5120 2139 5192 quamvis
2158 5120 2394 5192 propter
2414 5116 2699 5173 unitatem
2733 5131 2991 5189 persona:
3022 5115 3178 5170 Deus
3209 5112 3385 5170 homo
3410 5113 3511 5187 sit,

1868 5217 1925 5266 et
1949 5211 2125 5267 homo
2147 5216 2298 5267 Deus
2321 5209 2417 5275 sit,
2450 5212 2649 5264 tamen
2682 5206 3009 5265 secundum
3039 5203 3335 5261 hominem
3359 5204 3516 5261 Deus

1869 5298 2593 5366 diciturcruciﬁxus,Deus
2615 5297 2836 5351 dicitur
2852 5310 3087 5367 passus,
3127 5293 3281 5350 Deus
3302 5294 3518 5351 dicitur

1870 5396 2161 5447 mortuus.
2190 5394 2327 5444 Nam
2353 5386 2675 5443 secundum
2708 5384 2767 5437 id
2802 5382 2957 5454 quod
2989 5381 3144 5438 Deus
3165 5385 3272 5454 est,
3304 5382 3519 5456 impas-

1870 5479 2060 5536 sibilis
2092 5475 2561 5545 immortalisque
2583 5472 2691 5526 rite
2721 5471 3001 5527 creditur.

2514 5576 2746 5637 CAPUT
2778 5578 2864 5636 Vl.

1943 5696 2092 5767 Ergo
2115 5693 2311 5748 manet
2350 5689 2409 5745 in
2449 5688 2681 5746 Christo
2705 5691 2956 5760 utraque
2980 5692 3191 5747 natura
3212 5690 3513 5750 veritatem

1871 5802 2134 5853 servans,
2154 5782 2235 5839 ita
2264 5783 2453 5839 utnec
2475 5776 2801 5837 humanain
2826 5777 3085 5839 divinam
3100 5780 3383 5841 translata
3411 5782 3511 5839 de-
