3878 6332
130 344 222 404 511
904 333 1225 395 CONTRA
1267 328 1711 394 SERMONEM
1754 328 2192 391 FASTIDIOSI
2235 330 2472 392 LIBER
2513 333 2732 395 UNUS

3409 340 3530 405 518

133 475 213 533 Dei
237 476 355 530 ante
377 469 684 527 saculum
706 486 824 525 non
850 468 1029 523 habet
1058 467 1317 535 initium,
1360 467 1508 523 sicut
1540 464 1761 521 mterni-
1794 464 1848 533 Α
1880 462 2038 519 illam
2068 480 2184 519 non
2216 464 2507 520 dubitavit
2535 480 2797 521 asserere
2836 466 3293 541 blasphemiam,
3327 472 3527 531 dicens

130 574 204 624 tas
229 566 344 633 ejus
376 566 516 634 post
536 559 831 615 saeculum
875 576 989 613 non
1015 558 1190 613 habet
1221 559 1414 612 finem.
1449 557 1539 610 Sic
1569 562 1762 611 autem

133 673 215 728 pro
238 662 492 724 tempore
528 651 736 705 futuro
766 655 1001 720 tempus
1034 648 1393 718 praeteritum
1417 642 1765 717 ponens,di-

134 748 195 801 cit
216 742 531 815 Sapientia,
566 741 839 795 Dominus
870 737 1077 793 ereavit
1102 753 1210 803 me,
1238 753 1339 808 pro
1370 752 1437 790 eo
1466 734 1623 805 quod
1654 738 1765 796 est,

131 842 403 891 creaturus
418 836 512 886 est
546 845 641 884 me
668 846 683 896 ;
712 833 769 883 et
791 830 869 883 ita
898 828 1341 897 dixittanquam
1367 826 1585 880 factum
1611 823 1765 893 quod

132 926 313 996 utique
360 926 485 977 erat
531 919 872 975 faciendum
926 933 940 972 :
987 917 1141 972 sicut
1192 933 1294 987 per
1320 918 1557 970 beatum
1588 913 1764 968 David

129 1016 308 1069 dixit:
342 1012 611 1069 Fodcrunt
647 1025 857 1064 manus
876 1024 1026 1063 meas
1055 1011 1107 1063 et
1125 1007 1285 1079 pede:
1314 1021 1488 1061 meos:
1522 1004 1770 1059 dinume-

134 1110 393 1159 raverunt
421 1102 605 1155 omnia
645 1115 763 1154 ossa
806 1113 947 1153 mea.
983 1097 1091 1168 Ipsi
1121 1112 1247 1151 vero
1294 1093 1773 1150 consideraverunt

133 1200 178 1248 et
205 1198 600 1262 conspexerunt
625 1204 733 1243 me.
774 1187 1097 1243 Diviserunt
1128 1186 1236 1241 sibi
1276 1189 1599 1240 vestimenta
1628 1198 1769 1249 mea,

132 1283 256 1338 etin
277 1280 667 1336 vestimentum
696 1294 879 1332 meum
902 1278 1177 1331 miserunt
1206 1280 1409 1331 sortem
1441 1276 1613 1345 (Psat.
1654 1292 1770 1344 xxx,

132 1373 207 1436 l8,
240 1372 342 1441 l9).
384 1370 602 1425 Dicens
626 1368 848 1439 itaque,
894 1368 1153 1422 Dominus
1193 1367 1400 1421 creavit
1438 1382 1545 1433 me,
1577 1368 1771 1420 osten-

133 1463 204 1518 dit
231 1458 730 1533 quemadmodum
765 1457 941 1512 fuerit
972 1458 1182 1511 factus.
1217 1456 1425 1511 Dicens
1449 1456 1647 1521 etiam,
1672 1456 1773 1509 Fo-

140 1552 313 1605 derust
342 1564 551 1603 manus
581 1563 733 1601 mea:
762 1550 811 1602 et
838 1546 999 1617 pedes
1020 1562 1185 1616 meos,
1219 1545 1475 1601 ostendit
1500 1546 1775 1616 quemad-

142 1641 353 1695 modum
404 1638 583 1692 fuerit
616 1637 949 1691 cruciﬁxus.
1000 1637 1161 1691 Sicut
1202 1640 1395 1691 autem
1429 1636 1537 1690 hoc
1572 1635 1775 1704 utique

145 1731 378 1785 futurum
414 1733 561 1795 erat,
596 1727 755 1797 quod
800 1730 1082 1797 tanquam
1136 1726 1354 1780 factum
1388 1726 1457 1779 de
1509 1742 1617 1780 sua
1643 1740 1773 1795 pas-

1877 553 2033 622 quod
2067 576 2093 602 «
2146 569 2207 609 se
2268 555 2604 609 nullatenus
2664 555 2856 625 potuit
2921 557 3176 615 Trinitas
3233 578 3528 634 separare,

1877 664 1903 690 ‹‹
1940 659 2118 712 quam
2152 650 2380 698 constat
2412 644 2649 699 omnino
2681 661 2795 699 non
2830 644 3032 702 dividi.
3067 651 3213 720 Ergo
3244 654 3365 706 tota
3401 653 3525 708 Tri-

1876 750 1906 782 α
1943 733 2096 786 nitas
2120 748 2348 788 carnem
2378 733 2724 805 assumpsit,
2752 737 2870 789 tota
2898 736 3152 792 Trinitas
3184 740 3526 810 passionum

1877 843 1904 869 (ι
1940 821 2189 890 injurias
2221 824 2426 891 sensit,
2487 827 2607 877 tota
2636 823 2888 879 Trinitas
2922 825 2979 880 in
3012 827 3284 899 sepulcro
3308 831 3521 900 jacuit,

1878 932 1905 959 α
1942 913 2061 965 tota
2109 911 2359 966 Trinitas
2411 914 2705 967 infernum
2750 916 3089 983 penetravit,
3124 920 3245 974 tota
3275 920 3532 979 Trinitas

1883 1019 1910 1049 ‹‹
1944 1000 2111 1054 tertia
2140 999 2231 1054 die
2262 1018 2292 1055 a
2325 1002 2570 1056 mortuis
2591 1003 2928 1074 resurrexit,
2962 1008 3082 1060 tota
3111 1007 3364 1064 Trinitas
3383 1027 3535 1081 qua-

1884 1110 1911 1137 ‹‹
1944 1089 2277 1160 dragesimo
2319 1090 2411 1145 die
2442 1091 2500 1145 in
2534 1093 2708 1146 ccelos
2742 1092 2997 1147 ascendit
3031 1091 3054 1147 ?
3083 1095 3169 1150 Ad
3200 1098 3370 1167 cujus
3401 1098 3535 1155 dex-

1886 1202 1907 1228 ι
1944 1184 2126 1236 teram
2158 1186 2278 1236 tota
2306 1182 2557 1237 Trinitas
2590 1184 2772 1251 sedet,
2809 1183 2900 1239 vel
2933 1202 3107 1255 quem
3136 1187 3419 1258 Spiritum
3444 1190 3537 1245 die

1882 1290 1910 1317 ‹‹
1946 1269 2314 1326 Pentecostes
2350 1276 2468 1326 tota
2500 1272 2763 1327 Trinitas
2794 1272 2854 1327 in
2888 1274 3183 1344 apostolos
3217 1277 3399 1345 misit,
3433 1284 3537 1334 aut

1889 1377 1911 1406 ι
1941 1359 2035 1413 cui
2094 1359 2208 1415 Deo
2258 1364 2381 1415 tota
2440 1361 2698 1417 Trinitas
2729 1361 2787 1417 in
2820 1379 2992 1418 cruce
3022 1363 3213 1420 dicere
3247 1368 3461 1436 potuit.
3504 1390 3531 1417 κ

1887 1469 1915 1498 «
1948 1452 2101 1504 Deus
2135 1465 2320 1517 meus,
2355 1454 2504 1504 Deus
2530 1466 2915 1522 meus,quare
2946 1468 3038 1507 me
3070 1452 3439 1525 dereliquisti
3466 1474 3479 1524 ;
3507 1477 3535 1506 »

1884 1559 1913 1587 «
1946 1537 2035 1592 vel
2068 1539 2159 1593 cui
2194 1537 2347 1594 Patri
2368 1543 2486 1594 tota
2504 1540 2759 1595 Trinitas
2791 1541 2873 1595 ait
2908 1558 2920 1595 :
2956 1564 2984 1591 «
3019 1546 3209 1612 Pater,
3236 1544 3294 1599 in
3322 1561 3538 1601 manus

1886 1631 2078 1683 «tuas
2137 1629 2480 1683 commendo
2528 1630 2803 1700 spiritum
2855 1647 3076 1702 meum,
3112 1655 3139 1682 »
3171 1632 3221 1689 si
3272 1639 3538 1705 possunt,

1887 1739 1915 1767 «
1949 1716 2201 1771 edicant.
2236 1717 2400 1780 Quod
2421 1717 2469 1772 si
2496 1718 2683 1775 dicere
2708 1725 3027 1790 nequeunt,
3060 1721 3257 1791 ipsise
3286 1723 3541 1795 propriis

140 1821 283 1874 sione
332 1834 428 1890 per
463 1817 646 1872 David
704 1815 805 1870 Dei
860 1815 1039 1869 Filius
1098 1815 1308 1870 cecinit
1342 1840 1356 1882 ;
1392 1816 1474 1869 ita
1505 1814 1767 1869 futurum
1806 1837 1846 1901 Β
1890 1827 1911 1854 ι
1944 1803 2163 1875 ,ἰᾶϐυιῖε
2204 1804 2522 1901 perimunt,
2553 1807 2653 1877 qui
2685 1807 3034 1863 Trinitatem
3078 1809 3535 1881 inseparabilem

150 1913 262 1963 erat
285 1909 420 1977 quod
448 1913 738 1977 tanquam
775 1907 988 1960 factum
1022 1906 1092 1960 de
1116 1922 1223 1960 sua
1248 1906 1651 1962 incarnatione
1668 1922 1769 1976 per

154 1997 482 2051 Salomonem
515 1996 647 2067 ipse
679 1996 781 2065 qui
825 2000 913 2050 est
942 1994 1040 2049 Dei
1065 1995 1353 2065 sapientia
1380 1997 1766 2068 prophetavit.

158 2085 276 2140 Nam
308 2086 419 2157 ipse
449 2085 725 2140 Salomon
761 2084 935 2155 paulo
967 2086 1130 2155 prius
1159 2085 1240 2139 ait
1272 2101 1285 2139 :
1321 2085 1607 2158 Sapientia
1636 2088 1768 2143 aedi-

159 2175 421 2241 ﬁcavitsibi
438 2174 684 2242 domum,
708 2180 761 2228 et
780 2173 1021 2228 subdidit
1051 2175 1333 2230 columnas
1353 2180 1550 2247 septem
1582 2184 1765 2249 (Prov.

150 2281 211 2328 Ix,
242 2270 301 2335 ll,
346 2266 499 2336 quod
552 2266 623 2318 ad
680 2264 1105 2319 incarnationis
1162 2265 1476 2320 Dominicae
1522 2269 1771 2339 pertinet

152 2362 334 2411 ortum.
368 2354 563 2409 Esaias
603 2369 837 2425 quoque
869 2353 938 2409 de
968 2353 1181 2409 Christi
1216 2356 1487 2425 passione
1511 2356 1773 2428 loquitur

147 2442 237 2505 sic,
264 2452 317 2497 ut
348 2444 504 2515 quod
529 2444 796 2497 futurum
830 2443 1141 2515 prophetat
1188 2448 1473 2515 tanquam
1514 2448 1770 2517 praeteri-

148 2537 253 2587 tum
281 2534 448 2588 dicat.
500 2537 635 2605 Ipse
681 2532 838 2587 enim
893 2532 1035 2588 dicit
1064 2534 1133 2588 de
1164 2533 1394 2589 Christo
1429 2551 1442 2588 :
1479 2534 1629 2591 Sicut
1660 2540 1774 2593 ovis

146 2626 209 2676 ad
236 2623 621 2679 immolandum
652 2624 848 2679 ductus
865 2628 961 2691 est,
994 2628 1041 2679 et
1072 2628 1215 2679 szcut
1240 2642 1417 2696 agnus
1446 2643 1626 2681 coram
1660 2635 1775 2683 ton-

144 2710 293 2765 dente
319 2714 428 2767 sine
464 2730 605 2782 voce,
626 2715 710 2768 sic
728 2729 840 2768 non
861 2716 1078 2784 aperuit
1099 2730 1157 2769 os
1177 2715 1515 2781 suum.(lsai.
1547 2734 1665 2785 Lm,
1695 2720 1771 2789 7).

145 2804 289 2854 Nam
345 2806 397 2856 et
439 2802 614 2873 ipsam
668 2802 965 2875 Unigeniti
1029 2803 1122 2858 Dei
1182 2804 1508 2859 secundum
1541 2822 1774 2863 carnem

153 2891 224 2944 de
253 2890 474 2962 Virgine
504 2892 895 2960 nativitatem,
932 2908 1044 2947 non
1078 2894 1270 2948 solum
1306 2894 1623 2965 aliquando
1644 2899 1772 2950 tan-

146 2996 317 3051 quam
350 2982 592 3036 futuram
651 2982 933 3053 praedicit,
981 2983 1081 3037 sed
1134 2984 1450 3054 aliquando
1492 2989 1773 3056 tanquam

130 3069 461 3142 prateritam
494 3071 658 3127 dicit.
700 3070 962 3142 Denique
1015 3072 1273 3143 quodam
1311 3073 1433 3128 loco
1462 3074 1543 3129 ait
1577 3090 1589 3129 :
1645 3080 1778 3131 Ecce

133 3160 277 3229 virgo
308 3160 366 3215 in
397 3166 552 3217 utero
584 3160 823 3230 habebit,
859 3164 906 3216 et
929 3163 1112 3233 pariet
1140 3161 1328 3232 ﬁlium
1355 3165 1508 3233 (Ῑδαίο
1532 3181 1631 3231 νην
1662 3165 1768 3235 14)·
1802 3193 1844 3259 C

130 3250 242 3304 Alio
271 3250 410 3305 item
442 3251 574 3306 loco
624 3256 905 3322 tanquam
954 3251 1169 3307 factum
1203 3257 1377 3323 atque
1408 3258 1769 3309 transactum

135 3338 431 3395 insinuans
480 3341 604 3395 ait:
640 3342 788 3394 Puer
822 3347 986 3395 natus
1032 3348 1115 3396 est
1142 3343 1322 3409 nobis,
1352 3345 1405 3398 et
1430 3344 1583 3413 ﬁlius
1610 3344 1771 3399 datus

128 3437 197 3481 εει
224 3430 379 3484 nobis
407 3430 561 3500 (Isai.
597 3446 676 3493 ιι,
703 3430 779 3495 6).
805 3430 946 3494 Quis
976 3446 1113 3501 ergo
1145 3448 1256 3486 non
1291 3431 1481 3487 videat
1513 3432 1659 3488 illud
1690 3438 1772 3488 to-

128 3522 241 3570 tum
275 3520 428 3589 quod
464 3519 536 3573 de
571 3517 939 3574 humanitate
964 3523 1023 3574 et
1039 3519 1310 3590 passione
1342 3521 1638 3592 Unigeniti
1666 3522 1768 3576 Dei

122 3605 338 3660 dictum
359 3612 449 3661 est
469 3623 574 3678 per
595 3608 929 3677 prophetas,
954 3609 1155 3663 eodem
1184 3616 1442 3679 tempore
1472 3610 1556 3665 sic
1589 3610 1769 3666 fuisse

121 3694 173 3747 in
205 3696 448 3750 veritate
474 3697 765 3762 futurum,
799 3696 951 3751 sicut
979 3713 1134 3751 nunc
1165 3702 1254 3752 est
1284 3698 1341 3752 in
1377 3700 1615 3761 veritate
1634 3717 1771 3770 pra:-

117 3786 371 3841 teritum.
393 3785 483 3839 Ad
515 3786 938 3840 ostendendam
965 3802 1098 3841 vero
1120 3784 1768 3844 incommutabilitatem

120 3871 295 3927 divini
326 3873 584 3939 consilii,
632 3873 849 3928 factum
884 3879 971 3929 est
1008 3880 1069 3928 ut
1100 3875 1438 3946 prophetica
1468 3877 1771 3947 Scriptura

118 3964 394 4031 tanquam
448 3962 811 4031 praeteritum
862 3963 939 4016 sit
970 3962 1184 4018 diceret
1216 3966 1272 4018 in
1316 3980 1585 4020 sermone
1612 3967 1767 4037 quod

111 4048 381 4103 futurum
412 4051 863 4121 exspectabatur
895 4052 1047 4106 349
1080 4053 1140 4106 in
1173 4068 1368 4122 opere.
1409 4056 1558 4109 Deus
1588 4055 1767 4122 enim,

112 4135 184 4189 de
244 4154 357 4207 quo
406 4140 499 4193 hic
562 4139 706 4194 dicit
756 4141 1057 4211 prepheta,
1112 4144 1226 4213 Qui
1263 4143 1391 4211 fecit
1419 4158 1545 4213 quae
1572 4146 1772 4215 futura

109 4229 235 4279 sunt
267 4230 422 4295 (Isai.
474 4246 605 4296 XLV,
654 4230 744 4298 11,
788 4245 894 4284 sec.
931 4230 1098 4299 LXX),
1150 4231 1278 4285 ideo
1333 4249 1461 4303 quae
1506 4232 1772 4288 facienda

110 4313 361 4384 fuerant,
414 4323 699 4389 tanquam
755 4319 909 4374 facta
968 4336 1206 4375 narrare
1238 4322 1442 4390 voluit,
1476 4323 1613 4393 quia
1643 4340 1769 4393 quae

112 4402 163 4454 in
187 4407 451 4478 tempore
469 4407 839 4463 mutabiliter
864 4408 1035 4475 ﬁunt,
1069 4409 1538 4465 incommutabili
1569 4413 1768 4485 dispo-

114 4493 349 4553 sitionis
371 4500 698 4554 aeternitate
722 4499 996 4553 firmavit.
1024 4502 1223 4569 Itaque
1257 4506 1315 4556 et
1345 4500 1437 4556 bis
1468 4501 1524 4555 in
1558 4502 1772 4573 quibus

120 4585 367 4640 necdum
430 4594 521 4641 est
561 4588 806 4643 effectus
857 4589 1073 4660 operis,
1134 4590 1305 4644 ﬁrma
1352 4598 1655 4661 permanet
1712 4592 1768 4647 in

136 4674 440 4730 aternitate
485 4678 798 4747 dispositio
849 4679 1145 4733 creatoris.
1180 4678 1271 4733 Sic
1292 4695 1427 4750 ergo
1464 4680 1555 4735 Dei
1590 4680 1771 4736 Filius

136 4769 249 4813 cum
279 4778 386 4817 suo
418 4770 572 4820 esset
604 4781 777 4834 opere
807 4767 1119 4832 creandus,
1147 4783 1209 4821 se
1239 4767 1385 4822 dixit
1416 4769 1775 4837 creatum,si-

142 4852 221 4899 cut
268 4852 703 4925 cruciﬁgendus
765 4870 881 4909 non
943 4871 1007 4909 se
1047 4856 1341 4912 dubitavit
1370 4858 1560 4935 dicere
1585 4858 1772 4913 cruci-

141 4931 327 4993 ﬁxum.

760 5079 841 5134 CA
856 5079 994 5135 PUT
1034 5080 1132 5136 IX.

192 5208 395 5268 Adhuc
426 5217 623 5269 autem
658 5214 830 5271 corde
854 5231 1121 5285 perverso
1163 5220 1337 5287 atque
1367 5233 1465 5273 ore
1492 5220 1775 5295 sacrilego

132 5288 454 5358 Fatidiosus
475 5301 782 5375 insaniens
807 5319 874 5358 ex
894 5303 1003 5359 hoc
1024 5302 1209 5359 voluit
1231 5321 1492 5363 asserere
1512 5288 1776 5366 Filiunia

124 5377 282 5445 Patre
304 5398 359 5444 et
382 5390 603 5463 Spiritu
626 5399 827 5447 sancto
860 5398 1216 5463 separatum,
1251 5395 1389 5467 quia
1421 5397 1613 5453 solum
1644 5415 1779 5456 con-

117 5479 233 5560 stat
258 5478 592 5534 thalamum
612 5479 761 5534 uteri
780 5480 1447 5555 virginalisingressum.
1468 5485 1548 5541 De
1568 5505 1683 5560 quo
1715 5490 1775 5544 in

105 5554 263 5621 libro
291 5568 674 5625 Psalmorum
708 5568 924 5624 dicitur
956 5586 970 5625 :
1014 5571 1075 5626 Et
1108 5554 1221 5643 ipse
1257 5581 1521 5647 tanquam
1548 5554 1776 5649 sponsus

90 5659 415 5719 procedens
472 5658 540 5714 de
580 5659 834 5716 thalamo
891 5675 987 5717 suo
1014 5661 1187 5731 (Psal.
1219 5680 1382 5737 xvm,
1409 5666 1486 5738 6).
1519 5667 1775 5741 Cupiens

90 5746 329 5806 deinde
360 5749 767 5823 perversitatis
796 5767 915 5807 sua
943 5751 1177 5810 firmare
1207 5756 1775 5825 sententiam,etiam

178 5876 253 5951 (')
285 5874 576 5948 Epistula
607 5876 731 5935 ista
761 5892 877 5935 non
906 5879 1156 5939 exstant.

1880 1917 1906 1943 «
1933 1910 2062 1949 esse
2093 1894 2475 1949 contendunt.
2512 1915 2541 1942 ιι

2542 1999 2775 2056 CAPUT
2804 2000 2872 2057 X.

1954 2090 2249 2145 Hactenus
2278 2089 2337 2144 in
2369 2088 2470 2145 illo
2501 2090 2741 2161 profano
2774 2106 3040 2146 sermone
3065 2096 3271 2148 contra
3310 2094 3544 2151 catholi-

1886 2196 2019 2235 cam
2053 2180 2226 2234 ﬁdem
2258 2178 2566 2235 Fastidiosi
2598 2180 2774 2234 verba
2822 2180 3169 2237 tenduntur.
3202 2183 3264 2236 In
3298 2198 3413 2253 quo
3462 2188 3547 2240 ta-

1881 2284 2039 2335 men,
2075 2267 2332 2339 exceptis
2382 2267 2473 2321 bis
2502 2284 2630 2338 quae
2660 2267 2719 2322 in
2752 2274 2968 2323 sanctis
3000 2269 3308 2327 Trinitatis
3339 2277 3541 2327 contu-

1883 2355 2115 2412 meliam
2177 2356 2632 2428 blasphemavit,
2686 2373 2833 2427 pene
2877 2358 3097 2428 omnia,
3159 2359 3281 2414 sive
3322 2377 3543 2432 praece-

1884 2447 2103 2515 dentia,
2154 2446 2277 2501 sive
2326 2446 2769 2517 subsequentia,
2821 2447 2893 2501 de
2942 2446 3192 2503 aliorum
3225 2449 3398 2505 dictis
3441 2469 3541 2509 ne-

1884 2537 2213 2607 quissimus
2259 2536 2582 2607 usurpavit.
2630 2535 2889 2606 Denique
2938 2537 3137 2592 omnia
3180 2554 3313 2609 quae
3337 2540 3540 2597 adver-

1886 2642 1987 2680 sus
2018 2625 2355 2680 Donatistas
2387 2624 2601 2696 posuit,
2637 2625 2707 2679 de
2739 2626 3095 2696 quibusdam
3128 2626 3363 2683 duabus
3392 2631 3544 2702 epis-

1884 2714 2025 2769 tolis
2057 2714 2285 2768 furatus
2315 2718 2423 2782 est,
2449 2714 2506 2767 in
2531 2714 2747 2784 quibus
2769 2720 2973 2770 contra
3004 2715 3347 2789 Pelagianos
3368 2723 3539 2790 atque

1886 2802 2220 2857 Donatistas
2257 2818 2389 2856 cum
2424 2802 2593 2857 nobis
2622 2804 2680 2857 in
2713 2803 2915 2859 exsilio
2944 2805 3227 2862 Sardiniae
3255 2809 3543 2863 constitu-

1886 2892 1963 2946 tis
1997 2893 2067 2946 ad
2104 2891 2433 2963 religiosam
2452 2892 2724 2949 Ecclesiae
2756 2893 2938 2949 ﬁliam
2973 2895 3353 2966 Stephaniam
3386 2902 3543 2955 esset

1886 2982 1957 3036 ab
1991 2981 2267 3036 omnibus
2298 2982 2763 3049 rescribendum,
2798 2983 2924 3052 ipso
2957 2998 3197 3053 prorsus
3228 2986 3537 3042 verborum

1886 3071 2222 3141 ordinequo
2255 3069 2353 3124 illa
2382 3070 2535 3125 idem
2569 3071 2971 3141 nequissimus
3000 3071 3405 3128 fraudulenter
3426 3076 3535 3131 sub

1887 3159 2119 3215 nomine
2152 3176 2258 3214 suo
2292 3160 2508 3230 posuit,
2546 3159 2931 3213 inveniuntur
2960 3161 3203 3215 inserta.
3238 3161 3312 3217 Ut
3342 3167 3537 3221 autem

1882 3249 1988 3303 tibi
2022 3265 2135 3303 non
2167 3248 2399 3302 deesset
2428 3247 2508 3301 rei
2544 3248 2721 3317 hujus
2756 3247 2997 3318 agnitio,
3026 3248 3045 3267 '
3075 3247 3223 3303 duas
3254 3250 3536 3322 epistolas

1881 3356 2031 3411 quas
2048 3338 2121 3392 ad
2135 3354 2239 3391 nos
2279 3341 2597 3393 memorata
2615 3336 2936 3408 Stephania
2957 3337 3291 3405 destinavit,
3309 3342 3365 3393 et
3386 3355 3537 3411 quas

1880 3428 1931 3482 ei
1970 3444 2078 3482 nos
2112 3425 2549 3495 rescripsimus,
2583 3424 2720 3479 huic
2753 3425 2861 3480 feci
2892 3425 3175 3497 opusculo
3202 3427 3435 3497 subjici.
3464 3427 3535 3483 Ut

1878 3531 2167 3587 agnoscas
2221 3515 2279 3568 in
2330 3513 2427 3569 illo
2485 3530 2754 3568 sermone
2783 3530 2850 3569 ea
2880 3518 3114 3569 tantum
3141 3514 3324 3572 fuisse
3356 3515 3534 3571 Fasti-

1880 3604 2051 3670 diosi,
2089 3603 2305 3673 quibus
2339 3605 2395 3658 in
2428 3602 2614 3673 ipsius
2663 3608 2878 3659 sanctae
2923 3603 3225 3660 Trinitatis
3256 3605 3535 3676 iniuriam

1879 3710 2028 3750 caeco
2060 3694 2233 3749 corde
2263 3691 2577 3765 prosiliens
2608 3693 2958 3749 catholicam
2985 3710 3329 3768 Oppugnare
3356 3711 3535 3751 cona-

1879 3789 1975 3839 tus
2006 3788 2093 3839 est
2122 3782 2444 3838 veritatem.

2441 3890 2595 3947 850
2625 3891 2857 3948 CAPUT
2889 3891 2981 3947 ΧΙ.

1950 3980 2116 4034 Nunc
2143 3980 2339 4052 itaque
2360 3980 2746 4052 blasphemiis
2764 3983 2913 4052 ejus,
2930 3980 3176 4037 Domino
3200 3982 3533 4054 adjuvante,

1880 4068 2356 4140 respondeo.Non
2383 4073 2506 4124 tota
2529 4070 2784 4125 Trinitas
2807 4086 3041 4124 carnem
3062 4072 3409 4141 assumpsit,
3433 4087 3537 4126 nec

1878 4162 2004 4213 tota
2036 4158 2296 4213 Trinitas
2322 4159 2665 4229 passionum
2691 4157 2937 4226 injurias
2960 4158 3166 4226 sensit,
3200 4176 3387 4229 neque
3418 4164 3539 4213 tota

1876 4248 2138 4304 Trinitas
2175 4250 2232 4303 in
2268 4249 2538 4320 sepulcro
2563 4248 2770 4319 jacuit,
2805 4263 2996 4317 neque
3028 4251 3151 4301 tota
3183 4248 3543 4303 Trinitasin-

1880 4337 2111 4393 fernum
2145 4338 2685 4410 penetravit,ncque
2717 4340 2837 4390 tota
2878 4335 3135 4390 Trinitas
3164 4335 3335 4391 tertio
3382 4335 3474 4390 die
3507 4353 3540 4392 a

1879 4428 2132 4483 mortuis
2156 4426 2493 4489 resurrexit,
2525 4430 2579 4480 et
2612 4425 2659 4479 si
2694 4441 2812 4495 qua
2844 4427 2983 4477 sunt
3005 4422 3121 4478 alia
3144 4439 3271 4494 qua)
3291 4424 3535 4479 convin-

1880 4522 2092 4572 cantur
2110 4518 2165 4571 in
2194 4518 2561 4572 sacramento
2580 4513 2679 4568 illo
2709 4511 3136 4568 incarnationis
3150 4514 3219 4567 ad
3236 4512 3420 4569 solius
3444 4513 3541 4569 Fi-

1884 4607 1942 4660 lii
1968 4606 2255 4677 pertinere
2273 4619 2607 4676 personam.
2635 4603 2771 4657 Hcec
2811 4602 2969 4657 enim
2992 4618 3120 4673 quis
3139 4601 3433 4658 catholicae
3453 4620 3545 4660 ve-

1883 4695 2041 4750 ritati
2062 4694 2430 4749 Fastidiosus
2448 4692 2622 4764 plena
2645 4691 2920 4747 falsitatis
2942 4696 2999 4747 et
3020 4692 3416 4763 perversitatis
3438 4695 3543 4751 ob-

1876 4784 2041 4854 jecit,
2077 4800 2192 4838 non
2221 4782 2335 4837 nisi
2358 4782 2793 4849 Sabellianis,id
2820 4787 2909 4837 est
2930 4781 3385 4855 Patripassianis
3407 4802 3538 4856 pos-

1886 4875 2025 4927 sunt
2057 4870 2338 4926 veraciter
2354 4869 2552 4942 objici,
2584 4871 2643 4926 in
2668 4871 2884 4943 quibus
2916 4887 3115 4929 revera
3145 4872 3231 4928 illi
3274 4872 3541 4929 conclusi

1886 4965 2061 5033 atque
2083 4960 2332 5016 convicti
2356 4959 2763 5033 deﬂciunt,qui
2796 4967 3009 5019 sanctis
3028 4961 3352 5023 Trinitatis.
3388 4961 3542 5016 sicut

1887 5066 2066 5106 unam
2096 5054 2389 5123 naturam,
2416 5051 2502 5108 sic
2520 5067 2700 5106 unam
2725 5066 3034 5124 personam
3060 5051 3379 5120 praedicare
3402 5064 3541 5103 con-

1884 5140 2155 5195 tendunt.
2189 5139 2293 5196 Ubi
2325 5156 2425 5197 eos
2474 5156 2582 5195 sua
2612 5138 2958 5211 perversitas
3016 5138 3438 5206 consequenter
3465 5139 3539 5193 ad

1885 5229 2035 5285 hanc
2050 5231 2473 5288 absurditatem
2495 5229 2911 5302 praecipitat,ut
2927 5224 3284 5281 nativitatem
3303 5224 3539 5294 quidem

1885 5318 2141 5375 divinam
2159 5321 2495 5375 nullatenus
2510 5318 3047 5383 credant;naturam
3068 5329 3199 5369 vero
3212 5314 3539 5372 secundum

1886 5409 2525 5476 carnem,nihilominus
2542 5406 2875 5477 passionem
2893 5418 2958 5458 ac
2973 5407 3544 5470 mortem,resurrec-

1886 5499 2099 5554 tionem
2115 5514 2348 5567 quoque
2371 5495 2683 5564 abinleris,
2716 5499 2773 5549 et
2801 5491 3200 5549 ascensionem
3230 5492 3540 5568 utcmlum,

1885 5591 1944 5641 et
1974 5586 2170 5649 omnia
2200 5585 2300 5639 illa
2346 5600 2474 5655 quae
2524 5584 2582 5637 in
2615 5586 2982 5638 sacramento
3013 5581 3437 5641 incarnationis
3465 5586 3538 5643 ad

1888 5688 2199 5746 personam
2214 5672 2392 5729 unius
2411 5670 2538 5729 Filii
2555 5671 2874 5744 pertinent,
2904 5671 3061 5730 Patri
3111 5678 3541 5748 consequenter

1889 5761 2211 5834 assignent.
2221 5760 2519 5821 Catholica
2529 5778 2663 5821 vero
2674 5763 2933 5825 Ecclesia
2947 5763 3539 5839 divinitusinsptrata,
