  <div class='ocr_page' id='page_1' title='image "/cluster/home/n/w/nwhite01/storage/ocr_20150623/65-66/uva.x000827080/267.png"; bbox 0 0 3900 6214; ppageno 0'>
   <div class='ocr_carea' id='block_1_1' title="bbox 366 298 487 363">
    <p class='ocr_par' dir='ltr' id='par_1_1' title="bbox 366 298 487 363">
     <span class='ocr_line' id='line_1_1' title="bbox 366 298 487 363; baseline -0.017 0"><span class='ocrx_word' id='word_1_1' title='bbox 366 298 487 363; x_wconf 74' lang='grc'>519</span> 
     </span>
    </p>
   </div>
   <div class='ocr_carea' id='block_1_2' title="bbox 1354 293 2792 363">
    <p class='ocr_par' dir='ltr' id='par_1_2' title="bbox 1354 293 2792 363">
     <span class='ocr_line' id='line_1_2' title="bbox 1354 293 2792 363; baseline -0.001 0"><span class='ocrx_word' id='word_1_2' title='bbox 1354 299 1421 363; x_wconf 85' lang='lat' dir='ltr'><strong>S.</strong></span> <span class='ocrx_word' id='word_1_3' title='bbox 1466 297 1904 363; x_wconf 71' lang='lat' dir='ltr'><strong>FULGENTH</strong></span> <span class='ocrx_word' id='word_1_4' title='bbox 1942 293 2298 359; x_wconf 78' lang='lat' dir='ltr'><strong>EPISCOPI</strong></span> <span class='ocrx_word' id='word_1_5' title='bbox 2344 296 2792 361; x_wconf 58' lang='lat' dir='ltr'><strong>RUS‘PENSIS.</strong></span> 
     </span>
    </p>
   </div>
   <div class='ocr_carea' id='block_1_3' title="bbox 367 433 3786 510">
    <p class='ocr_par' dir='ltr' id='par_1_3' title="bbox 367 433 3786 510">
     <span class='ocr_line' id='line_1_3' title="bbox 367 433 3786 510; baseline -0 -17"><span class='ocrx_word' id='word_1_6' title='bbox 367 440 574 493; x_wconf 89' lang='lat' dir='ltr'><strong>tenens</strong></span> <span class='ocrx_word' id='word_1_7' title='bbox 610 435 745 492; x_wconf 82' lang='lat' dir='ltr'><strong>fidei</strong></span> <span class='ocrx_word' id='word_1_8' title='bbox 775 436 1104 505; x_wconf 77' lang='lat' dir='ltr'><strong>veritatem,</strong></span> <span class='ocrx_word' id='word_1_9' title='bbox 1146 437 1302 495; x_wconf 91' lang='lat' dir='ltr'><strong>sicut</strong></span> <span class='ocrx_word' id='word_1_10' title='bbox 1342 437 1503 494; x_wconf 90' lang='lat' dir='ltr'><strong>novit</strong></span> <span class='ocrx_word' id='word_1_11' title='bbox 1533 452 1711 494; x_wconf 90' lang='lat' dir='ltr'><strong>unam</strong></span> <span class='ocrx_word' id='word_1_12' title='bbox 1739 439 2013 493; x_wconf 88' lang='lat' dir='ltr'><strong>naturam</strong></span> <span class='ocrx_word' id='word_1_13' title='bbox 2044 437 2099 504; x_wconf 71' lang='grc' dir='ltr'><strong>Α</strong></span> <span class='ocrx_word' id='word_1_14' title='bbox 2125 433 2448 492; x_wconf 84' lang='lat' dir='ltr'><strong>divinitatis</strong></span> <span class='ocrx_word' id='word_1_15' title='bbox 2476 433 2536 490; x_wconf 88' lang='lat' dir='ltr'><strong>in</strong></span> <span class='ocrx_word' id='word_1_16' title='bbox 2559 450 2623 491; x_wconf 91' lang='lat' dir='ltr'><strong>se</strong></span> <span class='ocrx_word' id='word_1_17' title='bbox 2653 433 2888 492; x_wconf 87' lang='lat' dir='ltr'><strong>divitias</strong></span> <span class='ocrx_word' id='word_1_18' title='bbox 2934 451 3049 492; x_wconf 91' lang='lat' dir='ltr'><strong>non</strong></span> <span class='ocrx_word' id='word_1_19' title='bbox 3089 433 3353 492; x_wconf 78' lang='lat' dir='ltr'><strong>haberet.</strong></span> <span class='ocrx_word' id='word_1_20' title='bbox 3381 436 3620 509; x_wconf 83' lang='lat' dir='ltr'><strong>Pauper</strong></span> <span class='ocrx_word' id='word_1_21' title='bbox 3649 451 3786 510; x_wconf 81' lang='lat' dir='ltr'><strong>ergo</strong></span> 
     </span>
    </p>
   </div>
   <div class='ocr_carea' id='block_1_4' title="bbox 370 525 2016 584">
    <p class='ocr_par' dir='ltr' id='par_1_4' title="bbox 370 525 2016 584">
     <span class='ocr_line' id='line_1_4' title="bbox 370 525 2016 584; baseline -0.002 0"><span class='ocrx_word' id='word_1_22' title='bbox 370 530 583 584; x_wconf 66' lang='lat' dir='ltr'><strong>sancta</strong></span> <span class='ocrx_word' id='word_1_23' title='bbox 629 525 927 583; x_wconf 89' lang='lat' dir='ltr'><strong>Trinitatis</strong></span> <span class='ocrx_word' id='word_1_24' title='bbox 978 544 1239 584; x_wconf 91' lang='lat' dir='ltr'><strong>asserere</strong></span> <span class='ocrx_word' id='word_1_25' title='bbox 1288 528 1369 583; x_wconf 92' lang='lat' dir='ltr'><strong>ita</strong></span> <span class='ocrx_word' id='word_1_26' title='bbox 1400 527 1743 584; x_wconf 80' lang='lat' dir='ltr'><strong>cautissime</strong></span> <span class='ocrx_word' id='word_1_27' title='bbox 1773 543 1882 583; x_wconf 91' lang='lat' dir='ltr'><strong>sua</strong></span> <span class='ocrx_word' id='word_1_28' title='bbox 1910 526 2016 582; x_wconf 85' lang='lat' dir='ltr'><strong>tri-</strong></span> 
     </span>
    </p>
   </div>
   <div class='ocr_carea' id='block_1_5' title="bbox 370 615 2017 689">
    <p class='ocr_par' dir='ltr' id='par_1_5' title="bbox 370 615 2017 689">
     <span class='ocr_line' id='line_1_5' title="bbox 370 615 2017 689; baseline -0.001 -17"><span class='ocrx_word' id='word_1_29' title='bbox 370 616 498 672; x_wconf 91' lang='lat' dir='ltr'><strong>buit</strong></span> <span class='ocrx_word' id='word_1_30' title='bbox 520 615 835 688; x_wconf 81' lang='lat' dir='ltr'><strong>unicuique</strong></span> <span class='ocrx_word' id='word_1_31' title='bbox 873 632 1154 689; x_wconf 76' lang='lat' dir='ltr'><strong>personas.</strong></span> <span class='ocrx_word' id='word_1_32' title='bbox 1211 617 1390 673; x_wconf 86' lang='lat' dir='ltr'><strong>Filius</strong></span> <span class='ocrx_word' id='word_1_33' title='bbox 1421 633 1557 689; x_wconf 85' lang='lat' dir='ltr'><strong>ergo</strong></span> <span class='ocrx_word' id='word_1_34' title='bbox 1588 618 1690 673; x_wconf 89' lang='lat' dir='ltr'><strong>Dei</strong></span> <span class='ocrx_word' id='word_1_35' title='bbox 1721 633 1826 671; x_wconf 90' lang='lat' dir='ltr'><strong>nos</strong></span> <span class='ocrx_word' id='word_1_36' title='bbox 1846 616 2017 671; x_wconf 90' lang='lat' dir='ltr'><strong>mise-</strong></span> 
     </span>
    </p>
   </div>
   <div class='ocr_carea' id='block_1_6' title="bbox 372 705 2019 779">
    <p class='ocr_par' dir='ltr' id='par_1_6' title="bbox 372 705 2019 779">
     <span class='ocr_line' id='line_1_6' title="bbox 372 705 2019 779; baseline -0.001 -17"><span class='ocrx_word' id='word_1_37' title='bbox 372 706 675 762; x_wconf 87' lang='lat' dir='ltr'><strong>ricorditer</strong></span> <span class='ocrx_word' id='word_1_38' title='bbox 723 706 1162 779; x_wconf 84' lang='lat' dir='ltr'><strong>redempturus,</strong></span> <span class='ocrx_word' id='word_1_39' title='bbox 1209 706 1269 762; x_wconf 92' lang='lat' dir='ltr'><strong>in</strong></span> <span class='ocrx_word' id='word_1_40' title='bbox 1300 723 1367 762; x_wconf 89' lang='lat' dir='ltr'><strong>eo</strong></span> <span class='ocrx_word' id='word_1_41' title='bbox 1388 712 1541 763; x_wconf 89' lang='lat' dir='ltr'><strong>recte</strong></span> <span class='ocrx_word' id='word_1_42' title='bbox 1572 707 1829 762; x_wconf 91' lang='lat' dir='ltr'><strong>creditur</strong></span> <span class='ocrx_word' id='word_1_43' title='bbox 1857 705 2019 761; x_wconf 90' lang='lat' dir='ltr'><strong>solue</strong></span> 
     </span>
    </p>
   </div>
   <div class='ocr_carea' id='block_1_7' title="bbox 369 795 2019 868">
    <p class='ocr_par' dir='ltr' id='par_1_7' title="bbox 369 795 2019 868">
     <span class='ocr_line' id='line_1_7' title="bbox 369 795 2019 868; baseline -0.002 -15"><span class='ocrx_word' id='word_1_44' title='bbox 369 796 785 868; x_wconf 84' lang='lat' dir='ltr'><strong>assumpsisse,</strong></span> <span class='ocrx_word' id='word_1_45' title='bbox 814 795 950 867; x_wconf 89' lang='lat' dir='ltr'><strong>quia</strong></span> <span class='ocrx_word' id='word_1_46' title='bbox 977 796 1291 851; x_wconf 88' lang='lat' dir='ltr'><strong>humanam</strong></span> <span class='ocrx_word' id='word_1_47' title='bbox 1319 800 1588 851; x_wconf 89' lang='lat' dir='ltr'><strong>naturam</strong></span> <span class='ocrx_word' id='word_1_48' title='bbox 1622 813 1737 852; x_wconf 89' lang='lat' dir='ltr'><strong>non</strong></span> <span class='ocrx_word' id='word_1_49' title='bbox 1768 795 1847 851; x_wconf 88' lang='lat' dir='ltr'><strong>ita</strong></span> <span class='ocrx_word' id='word_1_50' title='bbox 1884 812 2019 851; x_wconf 78' lang='lat' dir='ltr'><strong>sus-</strong></span> 
     </span>
    </p>
   </div>
   <div class='ocr_carea' id='block_1_8' title="bbox 366 884 2021 958">
    <p class='ocr_par' dir='ltr' id='par_1_8' title="bbox 366 884 2021 958">
     <span class='ocr_line' id='line_1_8' title="bbox 366 884 2021 958; baseline -0.001 -17"><span class='ocrx_word' id='word_1_51' title='bbox 366 886 539 958; x_wconf 81' lang='lat' dir='ltr'><strong>cepit,</strong></span> <span class='ocrx_word' id='word_1_52' title='bbox 573 891 638 940; x_wconf 90' lang='lat' dir='ltr'><strong>ut</strong></span> <span class='ocrx_word' id='word_1_53' title='bbox 668 902 783 940; x_wconf 90' lang='lat' dir='ltr'><strong>una</strong></span> <span class='ocrx_word' id='word_1_54' title='bbox 831 884 891 939; x_wconf 91' lang='lat' dir='ltr'><strong>in</strong></span> <span class='ocrx_word' id='word_1_55' title='bbox 923 902 989 941; x_wconf 92' lang='lat' dir='ltr'><strong>eo</strong></span> <span class='ocrx_word' id='word_1_56' title='bbox 1022 887 1186 941; x_wconf 84' lang='lat' dir='ltr'><strong>fieret</strong></span> <span class='ocrx_word' id='word_1_57' title='bbox 1231 890 1439 942; x_wconf 91' lang='lat' dir='ltr'><strong>natura</strong></span> <span class='ocrx_word' id='word_1_58' title='bbox 1461 886 1783 941; x_wconf 78' lang='lat' dir='ltr'><strong>divinitatis</strong></span> <span class='ocrx_word' id='word_1_59' title='bbox 1814 890 1869 940; x_wconf 90' lang='lat' dir='ltr'><strong>et</strong></span> <span class='ocrx_word' id='word_1_60' title='bbox 1899 901 2021 940; x_wconf 85' lang='lat' dir='ltr'><strong>car-</strong></span> 
     </span>
    </p>
   </div>
   <div class='ocr_carea' id='block_1_9' title="bbox 371 975 2017 1048">
    <p class='ocr_par' dir='ltr' id='par_1_9' title="bbox 371 975 2017 1048">
     <span class='ocr_line' id='line_1_9' title="bbox 371 975 2017 1048; baseline -0.002 -16"><span class='ocrx_word' id='word_1_61' title='bbox 371 976 483 1032; x_wconf 90' lang='lat' dir='ltr'><strong>nis.</strong></span> <span class='ocrx_word' id='word_1_62' title='bbox 507 975 707 1047; x_wconf 89' lang='lat' dir='ltr'><strong>Neque</strong></span> <span class='ocrx_word' id='word_1_63' title='bbox 727 976 884 1031; x_wconf 89' lang='lat' dir='ltr'><strong>enim</strong></span> <span class='ocrx_word' id='word_1_64' title='bbox 920 975 977 1030; x_wconf 91' lang='lat' dir='ltr'><strong>in</strong></span> <span class='ocrx_word' id='word_1_65' title='bbox 1010 976 1237 1031; x_wconf 88' lang='lat' dir='ltr'><strong>Christo</strong></span> <span class='ocrx_word' id='word_1_66' title='bbox 1278 976 1388 1032; x_wconf 92' lang='lat' dir='ltr'><strong>hoc</strong></span> <span class='ocrx_word' id='word_1_67' title='bbox 1418 977 1604 1032; x_wconf 82' lang='lat' dir='ltr'><strong>deitas</strong></span> <span class='ocrx_word' id='word_1_68' title='bbox 1641 976 1831 1048; x_wconf 92' lang='lat' dir='ltr'><strong>potuit</strong></span> <span class='ocrx_word' id='word_1_69' title='bbox 1867 991 2017 1044; x_wconf 89' lang='lat' dir='ltr'><strong>esse,</strong></span> 
     </span>
    </p>
   </div>
   <div class='ocr_carea' id='block_1_10' title="bbox 367 1065 2019 1137">
    <p class='ocr_par' dir='ltr' id='par_1_10' title="bbox 367 1065 2019 1137">
     <span class='ocr_line' id='line_1_10' title="bbox 367 1065 2019 1137; baseline -0.001 -16"><span class='ocrx_word' id='word_1_70' title='bbox 367 1065 521 1137; x_wconf 89' lang='lat' dir='ltr'><strong>quod</strong></span> <span class='ocrx_word' id='word_1_71' title='bbox 552 1081 709 1129; x_wconf 86' lang='lat' dir='ltr'><strong>caro,</strong></span> <span class='ocrx_word' id='word_1_72' title='bbox 744 1065 883 1136; x_wconf 90' lang='lat' dir='ltr'><strong>quia</strong></span> <span class='ocrx_word' id='word_1_73' title='bbox 922 1070 1172 1136; x_wconf 90' lang='lat' dir='ltr'><strong>utraque</strong></span> <span class='ocrx_word' id='word_1_74' title='bbox 1199 1070 1409 1121; x_wconf 88' lang='lat' dir='ltr'><strong>natura</strong></span> <span class='ocrx_word' id='word_1_75' title='bbox 1439 1067 1727 1121; x_wconf 89' lang='lat' dir='ltr'><strong>retinente</strong></span> <span class='ocrx_word' id='word_1_76' title='bbox 1759 1065 2019 1137; x_wconf 89' lang='lat' dir='ltr'><strong>proprie-</strong></span> 
     </span>
    </p>
   </div>
   <div class='ocr_carea' id='block_1_11' title="bbox 369 1152 2019 1226">
    <p class='ocr_par' dir='ltr' id='par_1_11' title="bbox 369 1152 2019 1226">
     <span class='ocr_line' id='line_1_11' title="bbox 369 1152 2019 1226; baseline -0.002 -16"><span class='ocrx_word' id='word_1_77' title='bbox 369 1160 551 1211; x_wconf 86' lang='lat' dir='ltr'><strong>tatem</strong></span> <span class='ocrx_word' id='word_1_78' title='bbox 582 1170 775 1221; x_wconf 90' lang='lat' dir='ltr'><strong>suam,</strong></span> <span class='ocrx_word' id='word_1_79' title='bbox 825 1153 949 1209; x_wconf 84' lang='lat' dir='ltr'><strong>ﬁeri</strong></span> <span class='ocrx_word' id='word_1_80' title='bbox 1000 1170 1115 1208; x_wconf 91' lang='lat' dir='ltr'><strong>non</strong></span> <span class='ocrx_word' id='word_1_81' title='bbox 1159 1153 1349 1226; x_wconf 91' lang='lat' dir='ltr'><strong>potuit</strong></span> <span class='ocrx_word' id='word_1_82' title='bbox 1400 1158 1464 1208; x_wconf 93' lang='lat' dir='ltr'><strong>ut</strong></span> <span class='ocrx_word' id='word_1_83' title='bbox 1494 1152 1770 1225; x_wconf 85' lang='lat' dir='ltr'><strong>quaelibet</strong></span> <span class='ocrx_word' id='word_1_84' title='bbox 1816 1169 2019 1209; x_wconf 88' lang='lat' dir='ltr'><strong>earum</strong></span> 
     </span>
    </p>
   </div>
   <div class='ocr_carea' id='block_1_12' title="bbox 304 1240 2021 1312">
    <p class='ocr_par' dir='ltr' id='par_1_12' title="bbox 304 1240 2021 1312">
     <span class='ocr_line' id='line_1_12' title="bbox 304 1240 2021 1312; baseline -0.002 -13"><span class='ocrx_word' id='word_1_85' title='bbox 304 1306 309 1309; x_wconf 89' lang='lat'>_</span> <span class='ocrx_word' id='word_1_86' title='bbox 368 1248 471 1299; x_wconf 89' lang='lat' dir='ltr'><strong>aut</strong></span> <span class='ocrx_word' id='word_1_87' title='bbox 499 1258 628 1298; x_wconf 89' lang='lat' dir='ltr'><strong>esse</strong></span> <span class='ocrx_word' id='word_1_88' title='bbox 659 1242 972 1309; x_wconf 83' lang='lat' dir='ltr'><strong>desineret,</strong></span> <span class='ocrx_word' id='word_1_89' title='bbox 1008 1246 1109 1296; x_wconf 91' lang='lat' dir='ltr'><strong>aut</strong></span> <span class='ocrx_word' id='word_1_90' title='bbox 1135 1242 1195 1296; x_wconf 92' lang='lat' dir='ltr'><strong>in</strong></span> <span class='ocrx_word' id='word_1_91' title='bbox 1228 1240 1469 1297; x_wconf 89' lang='lat' dir='ltr'><strong>alteram</strong></span> <span class='ocrx_word' id='word_1_92' title='bbox 1501 1241 1841 1297; x_wconf 88' lang='lat' dir='ltr'><strong>omnimoda</strong></span> <span class='ocrx_word' id='word_1_93' title='bbox 1862 1258 2021 1312; x_wconf 90' lang='lat' dir='ltr'><strong>pror-</strong></span> 
     </span>
    </p>
   </div>
   <div class='ocr_carea' id='block_1_13' title="bbox 366 1330 2021 1402">
    <p class='ocr_par' dir='ltr' id='par_1_13' title="bbox 366 1330 2021 1402">
     <span class='ocr_line' id='line_1_13' title="bbox 366 1330 2021 1402; baseline -0.001 -15"><span class='ocrx_word' id='word_1_94' title='bbox 366 1349 469 1388; x_wconf 85' lang='lat' dir='ltr'><strong>sus</strong></span> <span class='ocrx_word' id='word_1_95' title='bbox 501 1331 818 1388; x_wconf 87' lang='lat' dir='ltr'><strong>abolitione</strong></span> <span class='ocrx_word' id='word_1_96' title='bbox 848 1331 1139 1387; x_wconf 86' lang='lat' dir='ltr'><strong>transiret.</strong></span> <span class='ocrx_word' id='word_1_97' title='bbox 1167 1331 1331 1396; x_wconf 88' lang='lat' dir='ltr'><strong>Quod</strong></span> <span class='ocrx_word' id='word_1_98' title='bbox 1364 1330 1414 1386; x_wconf 92' lang='lat' dir='ltr'><strong>si</strong></span> <span class='ocrx_word' id='word_1_99' title='bbox 1448 1331 1634 1401; x_wconf 85' lang='lat' dir='ltr'><strong>ﬁeret,</strong></span> <span class='ocrx_word' id='word_1_100' title='bbox 1666 1331 1842 1402; x_wconf 84' lang='lat' dir='ltr'><strong>digne</strong></span> <span class='ocrx_word' id='word_1_101' title='bbox 1869 1331 2021 1387; x_wconf 87' lang='lat' dir='ltr'><strong>dice-</strong></span> 
     </span>
    </p>
   </div>
   <div class='ocr_carea' id='block_1_14' title="bbox 369 1418 2018 1492">
    <p class='ocr_par' dir='ltr' id='par_1_14' title="bbox 369 1418 2018 1492">
     <span class='ocr_line' id='line_1_14' title="bbox 369 1418 2018 1492; baseline 0.001 -16"><span class='ocrx_word' id='word_1_102' title='bbox 369 1425 529 1476; x_wconf 89' lang='lat' dir='ltr'><strong>retur</strong></span> <span class='ocrx_word' id='word_1_103' title='bbox 559 1437 592 1475; x_wconf 89' lang='lat' dir='ltr'><strong>a</strong></span> <span class='ocrx_word' id='word_1_104' title='bbox 618 1423 738 1475; x_wconf 90' lang='lat' dir='ltr'><strong>tota</strong></span> <span class='ocrx_word' id='word_1_105' title='bbox 768 1418 1056 1475; x_wconf 88' lang='lat' dir='ltr'><strong>Trinitate</strong></span> <span class='ocrx_word' id='word_1_106' title='bbox 1104 1436 1336 1475; x_wconf 89' lang='lat' dir='ltr'><strong>carnem</strong></span> <span class='ocrx_word' id='word_1_107' title='bbox 1387 1429 1747 1491; x_wconf 87' lang='lat' dir='ltr'><strong>susceptam,</strong></span> <span class='ocrx_word' id='word_1_108' title='bbox 1782 1422 2018 1492; x_wconf 89' lang='lat' dir='ltr'><strong>quando</strong></span> 
     </span>
    </p>
   </div>
   <div class='ocr_carea' id='block_1_15' title="bbox 365 1506 2020 1567">
    <p class='ocr_par' dir='ltr' id='par_1_15' title="bbox 365 1506 2020 1567">
     <span class='ocr_line' id='line_1_15' title="bbox 365 1506 2020 1567; baseline 0.001 -2"><span class='ocrx_word' id='word_1_109' title='bbox 365 1524 601 1565; x_wconf 86' lang='lat' dir='ltr'><strong>carnem</strong></span> <span class='ocrx_word' id='word_1_110' title='bbox 629 1525 797 1565; x_wconf 91' lang='lat' dir='ltr'><strong>suam</strong></span> <span class='ocrx_word' id='word_1_111' title='bbox 844 1506 1028 1565; x_wconf 89' lang='lat' dir='ltr'><strong>Filius</strong></span> <span class='ocrx_word' id='word_1_112' title='bbox 1077 1509 1135 1564; x_wconf 94' lang='lat' dir='ltr'><strong>in</strong></span> <span class='ocrx_word' id='word_1_113' title='bbox 1167 1509 1327 1565; x_wconf 89' lang='lat' dir='ltr'><strong>illam</strong></span> <span class='ocrx_word' id='word_1_114' title='bbox 1358 1514 1719 1566; x_wconf 87' lang='lat' dir='ltr'><strong>converteret</strong></span> <span class='ocrx_word' id='word_1_115' title='bbox 1750 1511 2020 1567; x_wconf 85' lang='lat' dir='ltr'><strong>divinita-</strong></span> 
     </span>
    </p>
   </div>
   <div class='ocr_carea' id='block_1_16' title="bbox 366 1598 2015 1672">
    <p class='ocr_par' dir='ltr' id='par_1_16' title="bbox 366 1598 2015 1672">
     <span class='ocr_line' id='line_1_16' title="bbox 366 1598 2015 1672; baseline 0 -17"><span class='ocrx_word' id='word_1_116' title='bbox 366 1604 509 1669; x_wconf 89' lang='lat' dir='ltr'><strong>tem,</strong></span> <span class='ocrx_word' id='word_1_117' title='bbox 540 1614 715 1671; x_wconf 90' lang='lat' dir='ltr'><strong>quam</strong></span> <span class='ocrx_word' id='word_1_118' title='bbox 746 1598 798 1654; x_wconf 91' lang='lat' dir='ltr'><strong>ei</strong></span> <span class='ocrx_word' id='word_1_119' title='bbox 828 1614 965 1655; x_wconf 89' lang='lat' dir='ltr'><strong>cum</strong></span> <span class='ocrx_word' id='word_1_120' title='bbox 993 1602 1163 1656; x_wconf 86' lang='lat' dir='ltr'><strong>Patre</strong></span> <span class='ocrx_word' id='word_1_121' title='bbox 1192 1604 1248 1655; x_wconf 92' lang='lat' dir='ltr'><strong>et</strong></span> <span class='ocrx_word' id='word_1_122' title='bbox 1290 1600 1511 1671; x_wconf 88' lang='lat' dir='ltr'><strong>Spiritu</strong></span> <span class='ocrx_word' id='word_1_123' title='bbox 1546 1604 1747 1657; x_wconf 87' lang='lat' dir='ltr'><strong>sancto</strong></span> <span class='ocrx_word' id='word_1_124' title='bbox 1780 1601 2015 1672; x_wconf 86' lang='lat' dir='ltr'><strong>proﬁte-</strong></span> 
     </span>
    </p>
   </div>
   <div class='ocr_carea' id='block_1_17' title="bbox 368 1702 1203 1747">
    <p class='ocr_par' dir='ltr' id='par_1_17' title="bbox 368 1702 1203 1747">
     <span class='ocr_line' id='line_1_17' title="bbox 368 1702 1203 1747; baseline 0 -2"><span class='ocrx_word' id='word_1_125' title='bbox 368 1704 503 1745; x_wconf 90' lang='lat' dir='ltr'><strong>mur</strong></span> <span class='ocrx_word' id='word_1_126' title='bbox 534 1703 767 1745; x_wconf 87' lang='lat' dir='ltr'><strong>manere</strong></span> <span class='ocrx_word' id='word_1_127' title='bbox 803 1702 1203 1747; x_wconf 72' lang='lat' dir='ltr'><strong>communem.</strong></span> 
     </span>
    </p>
   </div>
   <div class='ocr_carea' id='block_1_18' title="bbox 1007 1832 1376 1890">
    <p class='ocr_par' dir='ltr' id='par_1_18' title="bbox 1007 1832 1376 1890">
     <span class='ocr_line' id='line_1_18' title="bbox 1007 1832 1376 1890; baseline 0 0"><span class='ocrx_word' id='word_1_128' title='bbox 1007 1832 1235 1890; x_wconf 80' lang='lat' dir='ltr'><strong>CAPUT</strong></span> <span class='ocrx_word' id='word_1_129' title='bbox 1257 1833 1376 1890; x_wconf 81' lang='lat' dir='ltr'><strong>XII.</strong></span> 
     </span>
    </p>
   </div>
   <div class='ocr_carea' id='block_1_19' title="bbox 436 1958 2025 2032">
    <p class='ocr_par' dir='ltr' id='par_1_19' title="bbox 436 1958 2025 2032">
     <span class='ocr_line' id='line_1_19' title="bbox 436 1958 2025 2032; baseline -0.001 -16"><span class='ocrx_word' id='word_1_130' title='bbox 436 1959 602 2017; x_wconf 88' lang='lat' dir='ltr'><strong>Nunc</strong></span> <span class='ocrx_word' id='word_1_131' title='bbox 630 1975 788 2026; x_wconf 89' lang='lat' dir='ltr'><strong>vero,</strong></span> <span class='ocrx_word' id='word_1_132' title='bbox 839 1958 979 2032; x_wconf 89' lang='lat' dir='ltr'><strong>quia</strong></span> <span class='ocrx_word' id='word_1_133' title='bbox 1024 1958 1084 2015; x_wconf 91' lang='lat' dir='ltr'><strong>in</strong></span> <span class='ocrx_word' id='word_1_134' title='bbox 1116 1960 1346 2016; x_wconf 83' lang='lat' dir='ltr'><strong>Christo</strong></span> <span class='ocrx_word' id='word_1_135' title='bbox 1377 1958 1621 2016; x_wconf 88' lang='lat' dir='ltr'><strong>alteram</strong></span> <span class='ocrx_word' id='word_1_136' title='bbox 1654 1959 1935 2027; x_wconf 90' lang='lat' dir='ltr'><strong>divinam,</strong></span> <span class='ocrx_word' id='word_1_137' title='bbox 1970 1963 2025 2015; x_wconf 90' lang='lat' dir='ltr'><strong>et</strong></span> 
     </span>
    </p>
   </div>
   <div class='ocr_carea' id='block_1_20' title="bbox 367 2049 2026 2121">
    <p class='ocr_par' dir='ltr' id='par_1_20' title="bbox 367 2049 2026 2121">
     <span class='ocr_line' id='line_1_20' title="bbox 367 2049 2026 2121; baseline -0.002 -15"><span class='ocrx_word' id='word_1_138' title='bbox 367 2049 614 2107; x_wconf 86' lang='lat' dir='ltr'><strong>alteram</strong></span> <span class='ocrx_word' id='word_1_139' title='bbox 646 2049 969 2106; x_wconf 88' lang='lat' dir='ltr'><strong>humanam</strong></span> <span class='ocrx_word' id='word_1_140' title='bbox 999 2049 1257 2105; x_wconf 88' lang='lat' dir='ltr'><strong>dicimus</strong></span> <span class='ocrx_word' id='word_1_141' title='bbox 1287 2066 1415 2106; x_wconf 86' lang='lat' dir='ltr'><strong>esse</strong></span> <span class='ocrx_word' id='word_1_142' title='bbox 1443 2054 1716 2105; x_wconf 89' lang='lat' dir='ltr'><strong>naturam</strong></span> <span class='ocrx_word' id='word_1_143' title='bbox 1750 2067 1763 2106; x_wconf 90' lang='lat'><strong>:</strong></span> <span class='ocrx_word' id='word_1_144' title='bbox 1798 2053 2026 2121; x_wconf 76' lang='lat' dir='ltr'><strong>propte-</strong></span> 
     </span>
    </p>
   </div>
   <div class='ocr_carea' id='block_1_21' title="bbox 365 2138 2022 2211">
    <p class='ocr_par' dir='ltr' id='par_1_21' title="bbox 365 2138 2022 2211">
     <span class='ocr_line' id='line_1_21' title="bbox 365 2138 2022 2211; baseline -0.002 -15"><span class='ocrx_word' id='word_1_145' title='bbox 365 2156 462 2197; x_wconf 88' lang='lat' dir='ltr'><strong>rea</strong></span> <span class='ocrx_word' id='word_1_146' title='bbox 494 2140 696 2211; x_wconf 87' lang='lat' dir='ltr'><strong>utique</strong></span> <span class='ocrx_word' id='word_1_147' title='bbox 718 2138 1040 2196; x_wconf 85' lang='lat' dir='ltr'><strong>humanam</strong></span> <span class='ocrx_word' id='word_1_148' title='bbox 1072 2144 1370 2204; x_wconf 88' lang='lat' dir='ltr'><strong>naturam,</strong></span> <span class='ocrx_word' id='word_1_149' title='bbox 1394 2139 1451 2193; x_wconf 90' lang='lat' dir='ltr'><strong>id</strong></span> <span class='ocrx_word' id='word_1_150' title='bbox 1478 2146 1565 2193; x_wconf 86' lang='lat' dir='ltr'><strong>est</strong></span> <span class='ocrx_word' id='word_1_151' title='bbox 1581 2154 1817 2195; x_wconf 90' lang='lat' dir='ltr'><strong>carnem</strong></span> <span class='ocrx_word' id='word_1_152' title='bbox 1850 2139 2022 2193; x_wconf 82' lang='lat' dir='ltr'><strong>ratio-</strong></span> 
     </span>
    </p>
   </div>
   <div class='ocr_carea' id='block_1_22' title="bbox 365 2228 2025 2299">
    <p class='ocr_par' dir='ltr' id='par_1_22' title="bbox 365 2228 2025 2299">
     <span class='ocr_line' id='line_1_22' title="bbox 365 2228 2025 2299; baseline -0.001 -14"><span class='ocrx_word' id='word_1_153' title='bbox 365 2230 678 2299; x_wconf 90' lang='lat' dir='ltr'><strong>nalemque</strong></span> <span class='ocrx_word' id='word_1_154' title='bbox 706 2229 995 2298; x_wconf 90' lang='lat' dir='ltr'><strong>animam,</strong></span> <span class='ocrx_word' id='word_1_155' title='bbox 1029 2244 1146 2284; x_wconf 89' lang='lat' dir='ltr'><strong>non</strong></span> <span class='ocrx_word' id='word_1_156' title='bbox 1179 2246 1213 2284; x_wconf 92' lang='lat' dir='ltr'><strong>a</strong></span> <span class='ocrx_word' id='word_1_157' title='bbox 1242 2232 1367 2283; x_wconf 86' lang='lat' dir='ltr'><strong>tota</strong></span> <span class='ocrx_word' id='word_1_158' title='bbox 1391 2228 1701 2295; x_wconf 86' lang='lat' dir='ltr'><strong>Trinitate,</strong></span> <span class='ocrx_word' id='word_1_159' title='bbox 1736 2228 1839 2283; x_wconf 89' lang='lat' dir='ltr'><strong>sed</strong></span> <span class='ocrx_word' id='word_1_160' title='bbox 1873 2245 1906 2283; x_wconf 92' lang='lat' dir='ltr'><strong>a</strong></span> <span class='ocrx_word' id='word_1_161' title='bbox 1936 2245 2025 2283; x_wconf 90' lang='lat' dir='ltr'><strong>so-</strong></span> 
     </span>
    </p>
   </div>
   <div class='ocr_carea' id='block_1_23' title="bbox 364 2316 2020 2388">
    <p class='ocr_par' dir='ltr' id='par_1_23' title="bbox 364 2316 2020 2388">
     <span class='ocr_line' id='line_1_23' title="bbox 364 2316 2020 2388; baseline 0.001 -17"><span class='ocrx_word' id='word_1_162' title='bbox 364 2316 420 2371; x_wconf 93' lang='lat' dir='ltr'><strong>lo</strong></span> <span class='ocrx_word' id='word_1_163' title='bbox 455 2316 600 2372; x_wconf 90' lang='lat' dir='ltr'><strong>Filio</strong></span> <span class='ocrx_word' id='word_1_164' title='bbox 642 2317 939 2372; x_wconf 90' lang='lat' dir='ltr'><strong>credimus</strong></span> <span class='ocrx_word' id='word_1_165' title='bbox 999 2318 1465 2387; x_wconf 85' lang='lat' dir='ltr'><strong>conﬁtemurque</strong></span> <span class='ocrx_word' id='word_1_166' title='bbox 1542 2321 1904 2388; x_wconf 88' lang='lat' dir='ltr'><strong>susceptam.</strong></span> <span class='ocrx_word' id='word_1_167' title='bbox 1955 2319 2020 2373; x_wconf 92' lang='lat' dir='ltr'><strong>In</strong></span> 
     </span>
    </p>
   </div>
   <div class='ocr_carea' id='block_1_24' title="bbox 366 2405 2019 2477">
    <p class='ocr_par' dir='ltr' id='par_1_24' title="bbox 366 2405 2019 2477">
     <span class='ocr_line' id='line_1_24' title="bbox 366 2405 2019 2477; baseline 0.002 -18"><span class='ocrx_word' id='word_1_168' title='bbox 366 2405 646 2459; x_wconf 88' lang='lat' dir='ltr'><strong>unitatem</strong></span> <span class='ocrx_word' id='word_1_169' title='bbox 680 2405 900 2477; x_wconf 89' lang='lat' dir='ltr'><strong>quippe</strong></span> <span class='ocrx_word' id='word_1_170' title='bbox 932 2421 1213 2477; x_wconf 66' lang='lat' dir='ltr'><strong>persona,</strong></span> <span class='ocrx_word' id='word_1_171' title='bbox 1245 2422 1360 2461; x_wconf 89' lang='lat' dir='ltr'><strong>non</strong></span> <span class='ocrx_word' id='word_1_172' title='bbox 1388 2406 1445 2461; x_wconf 91' lang='lat' dir='ltr'><strong>in</strong></span> <span class='ocrx_word' id='word_1_173' title='bbox 1476 2406 1763 2462; x_wconf 88' lang='lat' dir='ltr'><strong>unitatem</strong></span> <span class='ocrx_word' id='word_1_174' title='bbox 1798 2411 2019 2463; x_wconf 67' lang='lat' dir='ltr'><strong>natura</strong></span> 
     </span>
    </p>
   </div>
   <div class='ocr_carea' id='block_1_25' title="bbox 364 2491 2022 2566">
    <p class='ocr_par' dir='ltr' id='par_1_25' title="bbox 364 2491 2022 2566">
     <span class='ocr_line' id='line_1_25' title="bbox 364 2491 2022 2566; baseline 0.001 -18"><span class='ocrx_word' id='word_1_175' title='bbox 364 2492 517 2548; x_wconf 88' lang='lat' dir='ltr'><strong>Deus</strong></span> <span class='ocrx_word' id='word_1_176' title='bbox 542 2491 890 2563; x_wconf 83' lang='lat' dir='ltr'><strong>Unigenitus</strong></span> <span class='ocrx_word' id='word_1_177' title='bbox 922 2509 1157 2548; x_wconf 90' lang='lat' dir='ltr'><strong>carnem</strong></span> <span class='ocrx_word' id='word_1_178' title='bbox 1176 2494 1440 2566; x_wconf 89' lang='lat' dir='ltr'><strong>suscepit</strong></span> <span class='ocrx_word' id='word_1_179' title='bbox 1468 2497 1525 2550; x_wconf 92' lang='lat' dir='ltr'><strong>et</strong></span> <span class='ocrx_word' id='word_1_180' title='bbox 1553 2494 1809 2550; x_wconf 87' lang='lat' dir='ltr'><strong>animam</strong></span> <span class='ocrx_word' id='word_1_181' title='bbox 1847 2512 1860 2550; x_wconf 88' lang='lat'><strong>:</strong></span> <span class='ocrx_word' id='word_1_182' title='bbox 1885 2495 2022 2566; x_wconf 90' lang='lat' dir='ltr'><strong>quia</strong></span> 
     </span>
    </p>
   </div>
   <div class='ocr_carea' id='block_1_26' title="bbox 365 2581 2022 2655">
    <p class='ocr_par' dir='ltr' id='par_1_26' title="bbox 365 2581 2022 2655">
     <span class='ocr_line' id='line_1_26' title="bbox 365 2581 2022 2655; baseline 0.002 -18"><span class='ocrx_word' id='word_1_183' title='bbox 365 2582 565 2653; x_wconf 87' lang='lat' dir='ltr'><strong>utique</strong></span> <span class='ocrx_word' id='word_1_184' title='bbox 596 2597 842 2651; x_wconf 85' lang='lat' dir='ltr'><strong>persona</strong></span> <span class='ocrx_word' id='word_1_185' title='bbox 871 2581 994 2637; x_wconf 86' lang='lat' dir='ltr'><strong>Filii</strong></span> <span class='ocrx_word' id='word_1_186' title='bbox 1048 2599 1161 2639; x_wconf 91' lang='lat' dir='ltr'><strong>non</strong></span> <span class='ocrx_word' id='word_1_187' title='bbox 1202 2587 1291 2639; x_wconf 89' lang='lat' dir='ltr'><strong>est</strong></span> <span class='ocrx_word' id='word_1_188' title='bbox 1321 2583 1526 2639; x_wconf 89' lang='lat' dir='ltr'><strong>eodem</strong></span> <span class='ocrx_word' id='word_1_189' title='bbox 1560 2599 1686 2655; x_wconf 65' lang='lat' dir='ltr'><strong>qua</strong></span> <span class='ocrx_word' id='word_1_190' title='bbox 1716 2583 1900 2640; x_wconf 84' lang='lat' dir='ltr'><strong>Patris</strong></span> <span class='ocrx_word' id='word_1_191' title='bbox 1932 2588 2022 2641; x_wconf 90' lang='lat' dir='ltr'><strong>est</strong></span> 
     </span>
    </p>
   </div>
   <div class='ocr_carea' id='block_1_27' title="bbox 364 2669 2020 2745">
    <p class='ocr_par' dir='ltr' id='par_1_27' title="bbox 364 2669 2020 2745">
     <span class='ocr_line' id='line_1_27' title="bbox 364 2669 2020 2745; baseline 0.001 -18"><span class='ocrx_word' id='word_1_192' title='bbox 364 2676 466 2727; x_wconf 90' lang='lat' dir='ltr'><strong>aut</strong></span> <span class='ocrx_word' id='word_1_193' title='bbox 494 2669 748 2742; x_wconf 88' lang='lat' dir='ltr'><strong>Spiritus</strong></span> <span class='ocrx_word' id='word_1_194' title='bbox 776 2671 993 2727; x_wconf 89' lang='lat' dir='ltr'><strong>sancti.</strong></span> <span class='ocrx_word' id='word_1_195' title='bbox 1024 2670 1231 2727; x_wconf 89' lang='lat' dir='ltr'><strong>Unitas</strong></span> <span class='ocrx_word' id='word_1_196' title='bbox 1262 2689 1395 2743; x_wconf 77' lang='lat' dir='ltr'><strong>ergo</strong></span> <span class='ocrx_word' id='word_1_197' title='bbox 1427 2690 1712 2745; x_wconf 66' lang='lat' dir='ltr'><strong>personae,</strong></span> <span class='ocrx_word' id='word_1_198' title='bbox 1746 2678 2020 2730; x_wconf 89' lang='lat' dir='ltr'><strong>manente</strong></span> 
     </span>
    </p>
   </div>
   <div class='ocr_carea' id='block_1_28' title="bbox 363 2760 2019 2833">
    <p class='ocr_par' dir='ltr' id='par_1_28' title="bbox 363 2760 2019 2833">
     <span class='ocr_line' id='line_1_28' title="bbox 363 2760 2019 2833; baseline 0.002 -19"><span class='ocrx_word' id='word_1_199' title='bbox 363 2760 651 2815; x_wconf 80' lang='lat' dir='ltr'><strong>duntaxat</strong></span> <span class='ocrx_word' id='word_1_200' title='bbox 699 2760 1009 2832; x_wconf 89' lang='lat' dir='ltr'><strong>utriusque</strong></span> <span class='ocrx_word' id='word_1_201' title='bbox 1057 2762 1415 2833; x_wconf 83' lang='lat' dir='ltr'><strong>proprietate</strong></span> <span class='ocrx_word' id='word_1_202' title='bbox 1464 2763 1836 2832; x_wconf 73' lang='lat' dir='ltr'><strong>substantiae,</strong></span> <span class='ocrx_word' id='word_1_203' title='bbox 1867 2763 2019 2818; x_wconf 89' lang='lat' dir='ltr'><strong>sicut</strong></span> 
     </span>
    </p>
   </div>
   <div class='ocr_carea' id='block_1_29' title="bbox 361 2848 2021 2923">
    <p class='ocr_par' dir='ltr' id='par_1_29' title="bbox 361 2848 2021 2923">
     <span class='ocr_line' id='line_1_29' title="bbox 361 2848 2021 2923; baseline 0.003 -21"><span class='ocrx_word' id='word_1_204' title='bbox 361 2848 420 2903; x_wconf 91' lang='lat' dir='ltr'><strong>in</strong></span> <span class='ocrx_word' id='word_1_205' title='bbox 451 2848 680 2905; x_wconf 87' lang='lat' dir='ltr'><strong>Christo</strong></span> <span class='ocrx_word' id='word_1_206' title='bbox 712 2865 1022 2922; x_wconf 86' lang='lat' dir='ltr'><strong>personam</strong></span> <span class='ocrx_word' id='word_1_207' title='bbox 1055 2867 1171 2907; x_wconf 89' lang='lat' dir='ltr'><strong>non</strong></span> <span class='ocrx_word' id='word_1_208' title='bbox 1207 2851 1344 2908; x_wconf 85' lang='lat' dir='ltr'><strong>fecit</strong></span> <span class='ocrx_word' id='word_1_209' title='bbox 1376 2851 1785 2923; x_wconf 90' lang='lat' dir='ltr'><strong>duplicem,sic</strong></span> <span class='ocrx_word' id='word_1_210' title='bbox 1817 2852 2021 2907; x_wconf 77' lang='lat' dir='ltr'><strong>huma-</strong></span> 
     </span>
    </p>
   </div>
   <div class='ocr_carea' id='block_1_30' title="bbox 361 2940 2017 3011">
    <p class='ocr_par' dir='ltr' id='par_1_30' title="bbox 361 2940 2017 3011">
     <span class='ocr_line' id='line_1_30' title="bbox 361 2940 2017 3011; baseline 0.002 -18"><span class='ocrx_word' id='word_1_211' title='bbox 361 2956 447 2994; x_wconf 81' lang='lat' dir='ltr'><strong>nes</strong></span> <span class='ocrx_word' id='word_1_212' title='bbox 474 2947 694 2994; x_wconf 64' lang='lat' dir='ltr'><strong>naturas</strong></span> <span class='ocrx_word' id='word_1_213' title='bbox 722 2940 1157 3011; x_wconf 89' lang='lat' dir='ltr'><strong>susceptionem</strong></span> <span class='ocrx_word' id='word_1_214' title='bbox 1190 2958 1306 2997; x_wconf 92' lang='lat' dir='ltr'><strong>non</strong></span> <span class='ocrx_word' id='word_1_215' title='bbox 1338 2941 1473 2997; x_wconf 85' lang='lat' dir='ltr'><strong>fecit</strong></span> <span class='ocrx_word' id='word_1_216' title='bbox 1504 2945 1723 2997; x_wconf 75' lang='lat' dir='ltr'><strong>sanctae</strong></span> <span class='ocrx_word' id='word_1_217' title='bbox 1751 2941 2017 2996; x_wconf 85' lang='lat' dir='ltr'><strong>Trinitati</strong></span> 
     </span>
    </p>
   </div>
   <div class='ocr_carea' id='block_1_31' title="bbox 359 3028 2019 3088">
    <p class='ocr_par' dir='ltr' id='par_1_31' title="bbox 359 3028 2019 3088">
     <span class='ocr_line' id='line_1_31' title="bbox 359 3028 2019 3088; baseline 0.002 -5"><span class='ocrx_word' id='word_1_218' title='bbox 359 3044 755 3085; x_wconf 90' lang='lat' dir='ltr'><strong>communem.</strong></span> <span class='ocrx_word' id='word_1_219' title='bbox 791 3028 936 3085; x_wconf 90' lang='lat' dir='ltr'><strong>Filio</strong></span> <span class='ocrx_word' id='word_1_220' title='bbox 967 3030 1122 3087; x_wconf 90' lang='lat' dir='ltr'><strong>enim</strong></span> <span class='ocrx_word' id='word_1_221' title='bbox 1156 3032 1389 3088; x_wconf 88' lang='lat' dir='ltr'><strong>Deinon</strong></span> <span class='ocrx_word' id='word_1_222' title='bbox 1427 3032 1581 3087; x_wconf 88' lang='lat' dir='ltr'><strong>sicut</strong></span> <span class='ocrx_word' id='word_1_223' title='bbox 1601 3035 1692 3087; x_wconf 90' lang='lat' dir='ltr'><strong>est</strong></span> <span class='ocrx_word' id='word_1_224' title='bbox 1724 3046 1839 3086; x_wconf 90' lang='lat' dir='ltr'><strong>una</strong></span> <span class='ocrx_word' id='word_1_225' title='bbox 1863 3048 2019 3087; x_wconf 90' lang='lat' dir='ltr'><strong>com-</strong></span> 
     </span>
    </p>
   </div>
   <div class='ocr_carea' id='block_1_32' title="bbox 362 3118 2013 3192">
    <p class='ocr_par' dir='ltr' id='par_1_32' title="bbox 362 3118 2013 3192">
     <span class='ocr_line' id='line_1_32' title="bbox 362 3118 2013 3192; baseline 0.002 -19"><span class='ocrx_word' id='word_1_226' title='bbox 362 3118 679 3192; x_wconf 88' lang='lat' dir='ltr'><strong>munisque</strong></span> <span class='ocrx_word' id='word_1_227' title='bbox 728 3136 860 3176; x_wconf 93' lang='lat' dir='ltr'><strong>cum</strong></span> <span class='ocrx_word' id='word_1_228' title='bbox 893 3119 1062 3176; x_wconf 89' lang='lat' dir='ltr'><strong>Patre</strong></span> <span class='ocrx_word' id='word_1_229' title='bbox 1092 3124 1150 3177; x_wconf 90' lang='lat' dir='ltr'><strong>et</strong></span> <span class='ocrx_word' id='word_1_230' title='bbox 1188 3121 1406 3192; x_wconf 83' lang='lat' dir='ltr'><strong>Spiritu</strong></span> <span class='ocrx_word' id='word_1_231' title='bbox 1433 3125 1636 3177; x_wconf 90' lang='lat' dir='ltr'><strong>sancto</strong></span> <span class='ocrx_word' id='word_1_232' title='bbox 1669 3125 1899 3189; x_wconf 91' lang='lat' dir='ltr'><strong>natura,</strong></span> <span class='ocrx_word' id='word_1_233' title='bbox 1928 3121 2013 3177; x_wconf 91' lang='lat' dir='ltr'><strong>sic</strong></span> 
     </span>
    </p>
   </div>
   <div class='ocr_carea' id='block_1_33' title="bbox 365 3208 1347 3283">
    <p class='ocr_par' dir='ltr' id='par_1_33' title="bbox 365 3208 1347 3283">
     <span class='ocr_line' id='line_1_33' title="bbox 365 3208 1347 3283; baseline 0.002 -20"><span class='ocrx_word' id='word_1_234' title='bbox 365 3213 420 3263; x_wconf 88' lang='lat' dir='ltr'><strong>et</strong></span> <span class='ocrx_word' id='word_1_235' title='bbox 453 3223 569 3263; x_wconf 90' lang='lat' dir='ltr'><strong>una</strong></span> <span class='ocrx_word' id='word_1_236' title='bbox 592 3208 1048 3282; x_wconf 87' lang='lat' dir='ltr'><strong>communisque</strong></span> <span class='ocrx_word' id='word_1_237' title='bbox 1077 3225 1347 3283; x_wconf 89' lang='lat' dir='ltr'><strong>persona.</strong></span> 
     </span>
    </p>
   </div>
   <div class='ocr_carea' id='block_1_34' title="bbox 882 3353 1485 3412">
    <p class='ocr_par' dir='ltr' id='par_1_34' title="bbox 882 3353 1485 3412">
     <span class='ocr_line' id='line_1_34' title="bbox 882 3353 1485 3412; baseline 0.003 -2"><span class='ocrx_word' id='word_1_238' title='bbox 882 3354 978 3411; x_wconf 70' lang='lat'><strong><em>35</em></strong></span> <span class='ocrx_word' id='word_1_239' title='bbox 992 3355 1030 3408; x_wconf 79' lang='grc' dir='ltr'><strong>Ι</strong></span> <span class='ocrx_word' id='word_1_240' title='bbox 1068 3353 1301 3412; x_wconf 83' lang='lat' dir='ltr'><strong>CAPUT</strong></span> <span class='ocrx_word' id='word_1_241' title='bbox 1335 3353 1485 3412; x_wconf 85' lang='lat' dir='ltr'><strong>XIII.</strong></span> 
     </span>
    </p>
   </div>
   <div class='ocr_carea' id='block_1_35' title="bbox 426 3496 2009 3570">
    <p class='ocr_par' dir='ltr' id='par_1_35' title="bbox 426 3496 2009 3570">
     <span class='ocr_line' id='line_1_35' title="bbox 426 3496 2009 3570; baseline 0.001 -18"><span class='ocrx_word' id='word_1_242' title='bbox 426 3496 734 3569; x_wconf 90' lang='lat' dir='ltr'><strong>Proprium</strong></span> <span class='ocrx_word' id='word_1_243' title='bbox 759 3502 848 3555; x_wconf 89' lang='lat' dir='ltr'><strong>est</strong></span> <span class='ocrx_word' id='word_1_244' title='bbox 871 3497 1067 3570; x_wconf 87' lang='lat' dir='ltr'><strong>itaque</strong></span> <span class='ocrx_word' id='word_1_245' title='bbox 1102 3497 1284 3554; x_wconf 89' lang='lat' dir='ltr'><strong>solius</strong></span> <span class='ocrx_word' id='word_1_246' title='bbox 1308 3498 1433 3554; x_wconf 90' lang='lat' dir='ltr'><strong>Filii</strong></span> <span class='ocrx_word' id='word_1_247' title='bbox 1458 3498 1721 3556; x_wconf 86' lang='lat' dir='ltr'><strong>servilem</strong></span> <span class='ocrx_word' id='word_1_248' title='bbox 1763 3498 2009 3554; x_wconf 85' lang='lat' dir='ltr'><strong>formam</strong></span> 
     </span>
    </p>
   </div>
   <div class='ocr_carea' id='block_1_36' title="bbox 354 3584 2014 3660">
    <p class='ocr_par' dir='ltr' id='par_1_36' title="bbox 354 3584 2014 3660">
     <span class='ocr_line' id='line_1_36' title="bbox 354 3584 2014 3660; baseline 0.001 -21"><span class='ocrx_word' id='word_1_249' title='bbox 354 3584 814 3643; x_wconf 89' lang='lat' dir='ltr'><strong>misericorditer</strong></span> <span class='ocrx_word' id='word_1_250' title='bbox 854 3588 1169 3658; x_wconf 89' lang='lat' dir='ltr'><strong>accepisse.</strong></span> <span class='ocrx_word' id='word_1_251' title='bbox 1210 3589 1294 3642; x_wconf 87' lang='lat' dir='ltr'><strong>Ad</strong></span> <span class='ocrx_word' id='word_1_252' title='bbox 1323 3605 1633 3659; x_wconf 89' lang='lat' dir='ltr'><strong>personam</strong></span> <span class='ocrx_word' id='word_1_253' title='bbox 1661 3588 1878 3660; x_wconf 91' lang='lat' dir='ltr'><strong>quippe</strong></span> <span class='ocrx_word' id='word_1_254' title='bbox 1910 3585 2014 3643; x_wconf 92' lang='lat' dir='ltr'><strong>Dei</strong></span> 
     </span>
    </p>
   </div>
   <div class='ocr_carea' id='block_1_37' title="bbox 355 3674 2012 3748">
    <p class='ocr_par' dir='ltr' id='par_1_37' title="bbox 355 3674 2012 3748">
     <span class='ocr_line' id='line_1_37' title="bbox 355 3674 2012 3748; baseline 0 -17"><span class='ocrx_word' id='word_1_255' title='bbox 355 3674 796 3747; x_wconf 86' lang='lat' dir='ltr'><strong>Verbi(al.vera)</strong></span> <span class='ocrx_word' id='word_1_256' title='bbox 820 3677 1078 3745; x_wconf 90' lang='lat' dir='ltr'><strong>acceptio</strong></span> <span class='ocrx_word' id='word_1_257' title='bbox 1101 3677 1201 3732; x_wconf 91' lang='lat' dir='ltr'><strong>illa</strong></span> <span class='ocrx_word' id='word_1_258' title='bbox 1232 3678 1463 3732; x_wconf 89' lang='lat' dir='ltr'><strong>servilis</strong></span> <span class='ocrx_word' id='word_1_259' title='bbox 1488 3681 1685 3733; x_wconf 68' lang='lat' dir='ltr'><strong>formae</strong></span> <span class='ocrx_word' id='word_1_260' title='bbox 1711 3677 2012 3748; x_wconf 85' lang='lat' dir='ltr'><strong>pertinuit,</strong></span> 
     </span>
    </p>
   </div>
   <div class='ocr_carea' id='block_1_38' title="bbox 356 3763 2012 3831">
    <p class='ocr_par' dir='ltr' id='par_1_38' title="bbox 356 3763 2012 3831">
     <span class='ocr_line' id='line_1_38' title="bbox 356 3763 2012 3831; baseline 0.005 -16"><span class='ocrx_word' id='word_1_261' title='bbox 356 3776 483 3831; x_wconf 67' lang='lat' dir='ltr'><strong>quae</strong></span> <span class='ocrx_word' id='word_1_262' title='bbox 519 3763 715 3817; x_wconf 82' lang='lat' dir='ltr'><strong>nonin</strong></span> <span class='ocrx_word' id='word_1_263' title='bbox 756 3763 1012 3816; x_wconf 91' lang='lat' dir='ltr'><strong>divinam</strong></span> <span class='ocrx_word' id='word_1_264' title='bbox 1039 3770 1310 3819; x_wconf 90' lang='lat' dir='ltr'><strong>naturam</strong></span> <span class='ocrx_word' id='word_1_265' title='bbox 1344 3767 1688 3821; x_wconf 86' lang='lat' dir='ltr'><strong>confusione</strong></span> <span class='ocrx_word' id='word_1_266' title='bbox 1719 3766 2012 3823; x_wconf 85' lang='lat' dir='ltr'><strong>transivit.</strong></span> 
     </span>
    </p>
   </div>
   <div class='ocr_carea' id='block_1_39' title="bbox 353 3848 2011 3926">
    <p class='ocr_par' dir='ltr' id='par_1_39' title="bbox 353 3848 2011 3926">
     <span class='ocr_line' id='line_1_39' title="bbox 353 3848 2011 3926; baseline 0.004 -23"><span class='ocrx_word' id='word_1_267' title='bbox 353 3848 485 3903; x_wconf 91' lang='lat' dir='ltr'><strong>ldeo</strong></span> <span class='ocrx_word' id='word_1_268' title='bbox 511 3849 671 3903; x_wconf 90' lang='lat' dir='ltr'><strong>illius</strong></span> <span class='ocrx_word' id='word_1_269' title='bbox 699 3850 894 3903; x_wconf 62' lang='lat' dir='ltr'><strong>formai</strong></span> <span class='ocrx_word' id='word_1_270' title='bbox 916 3849 1146 3906; x_wconf 88' lang='lat' dir='ltr'><strong>servilis</strong></span> <span class='ocrx_word' id='word_1_271' title='bbox 1177 3855 1459 3923; x_wconf 86' lang='lat' dir='ltr'><strong>acceptio,</strong></span> <span class='ocrx_word' id='word_1_272' title='bbox 1484 3854 1809 3908; x_wconf 90' lang='lat' dir='ltr'><strong>secundum</strong></span> <span class='ocrx_word' id='word_1_273' title='bbox 1835 3871 2011 3926; x_wconf 86' lang='lat' dir='ltr'><strong>quam</strong></span> 
     </span>
    </p>
   </div>
   <div class='ocr_carea' id='block_1_40' title="bbox 356 3935 2015 4011">
    <p class='ocr_par' dir='ltr' id='par_1_40' title="bbox 356 3935 2015 4011">
     <span class='ocr_line' id='line_1_40' title="bbox 356 3935 2015 4011; baseline 0.004 -19"><span class='ocrx_word' id='word_1_274' title='bbox 356 3935 455 3992; x_wconf 90' lang='lat' dir='ltr'><strong>Dei</strong></span> <span class='ocrx_word' id='word_1_275' title='bbox 495 3935 700 4004; x_wconf 84' lang='lat' dir='ltr'><strong>Filius,</strong></span> <span class='ocrx_word' id='word_1_276' title='bbox 750 3936 850 4007; x_wconf 91' lang='lat' dir='ltr'><strong>qui</strong></span> <span class='ocrx_word' id='word_1_277' title='bbox 900 3942 990 3992; x_wconf 90' lang='lat' dir='ltr'><strong>est</strong></span> <span class='ocrx_word' id='word_1_278' title='bbox 1037 3939 1302 3993; x_wconf 89' lang='lat' dir='ltr'><strong>omnium</strong></span> <span class='ocrx_word' id='word_1_279' title='bbox 1351 3956 1545 3996; x_wconf 90' lang='lat' dir='ltr'><strong>rerum</strong></span> <span class='ocrx_word' id='word_1_280' title='bbox 1597 3942 1902 4011; x_wconf 88' lang='lat' dir='ltr'><strong>Dominus,</strong></span> <span class='ocrx_word' id='word_1_281' title='bbox 1956 3947 2015 3999; x_wconf 91' lang='lat' dir='ltr'><strong>et</strong></span> 
     </span>
    </p>
   </div>
   <div class='ocr_carea' id='block_1_41' title="bbox 354 4024 2012 4098">
    <p class='ocr_par' dir='ltr' id='par_1_41' title="bbox 354 4024 2012 4098">
     <span class='ocr_line' id='line_1_41' title="bbox 354 4024 2012 4098; baseline 0.005 -19"><span class='ocrx_word' id='word_1_282' title='bbox 354 4024 414 4079; x_wconf 94' lang='lat' dir='ltr'><strong>in</strong></span> <span class='ocrx_word' id='word_1_283' title='bbox 449 4040 568 4097; x_wconf 92' lang='lat' dir='ltr'><strong>quo</strong></span> <span class='ocrx_word' id='word_1_284' title='bbox 596 4024 893 4082; x_wconf 86' lang='lat' dir='ltr'><strong>inhabitat</strong></span> <span class='ocrx_word' id='word_1_285' title='bbox 921 4026 1117 4083; x_wconf 88' lang='lat' dir='ltr'><strong>omnis</strong></span> <span class='ocrx_word' id='word_1_286' title='bbox 1148 4027 1453 4098; x_wconf 89' lang='lat' dir='ltr'><strong>plenitudo</strong></span> <span class='ocrx_word' id='word_1_287' title='bbox 1479 4029 1804 4086; x_wconf 88' lang='lat' dir='ltr'><strong>divinitatis</strong></span> <span class='ocrx_word' id='word_1_288' title='bbox 1834 4048 2012 4088; x_wconf 89' lang='lat' dir='ltr'><strong>verus</strong></span> 
     </span>
    </p>
   </div>
   <div class='ocr_carea' id='block_1_42' title="bbox 351 4114 2009 4191">
    <p class='ocr_par' dir='ltr' id='par_1_42' title="bbox 351 4114 2009 4191">
     <span class='ocr_line' id='line_1_42' title="bbox 351 4114 2009 4191; baseline 0.005 -21"><span class='ocrx_word' id='word_1_289' title='bbox 351 4123 402 4170; x_wconf 92' lang='lat' dir='ltr'><strong>et</strong></span> <span class='ocrx_word' id='word_1_290' title='bbox 419 4114 630 4189; x_wconf 89' lang='lat' dir='ltr'><strong>plenus</strong></span> <span class='ocrx_word' id='word_1_291' title='bbox 644 4116 835 4173; x_wconf 83' lang='lat' dir='ltr'><strong>factus</strong></span> <span class='ocrx_word' id='word_1_292' title='bbox 849 4121 941 4173; x_wconf 91' lang='lat' dir='ltr'><strong>est</strong></span> <span class='ocrx_word' id='word_1_293' title='bbox 954 4116 1302 4188; x_wconf 89' lang='lat' dir='ltr'><strong>homo,nihil</strong></span> <span class='ocrx_word' id='word_1_294' title='bbox 1318 4120 1369 4173; x_wconf 91' lang='lat' dir='ltr'><strong>ei</strong></span> <span class='ocrx_word' id='word_1_295' title='bbox 1390 4119 1602 4177; x_wconf 72' lang='lat' dir='ltr'><strong>divinae</strong></span> <span class='ocrx_word' id='word_1_296' title='bbox 1623 4118 2009 4191; x_wconf 83' lang='lat' dir='ltr'><strong>plenitudinis</strong></span> 
     </span>
    </p>
   </div>
   <div class='ocr_carea' id='block_1_43' title="bbox 350 4205 2008 4281">
    <p class='ocr_par' dir='ltr' id='par_1_43' title="bbox 350 4205 2008 4281">
     <span class='ocr_line' id='line_1_43' title="bbox 350 4205 2008 4281; baseline 0.002 -18"><span class='ocrx_word' id='word_1_297' title='bbox 350 4205 779 4275; x_wconf 89' lang='lat' dir='ltr'><strong>abstulit,nihi]</strong></span> <span class='ocrx_word' id='word_1_298' title='bbox 802 4206 1219 4265; x_wconf 88' lang='lat' dir='ltr'><strong>dominationis</strong></span> <span class='ocrx_word' id='word_1_299' title='bbox 1247 4209 1463 4265; x_wconf 88' lang='lat' dir='ltr'><strong>ademit</strong></span> <span class='ocrx_word' id='word_1_300' title='bbox 1489 4208 1728 4279; x_wconf 86' lang='lat' dir='ltr'><strong>:quiain</strong></span> <span class='ocrx_word' id='word_1_301' title='bbox 1745 4208 1875 4281; x_wconf 89' lang='lat' dir='ltr'><strong>ipsa</strong></span> <span class='ocrx_word' id='word_1_302' title='bbox 1891 4227 2008 4267; x_wconf 87' lang='lat' dir='ltr'><strong>una</strong></span> 
     </span>
    </p>
   </div>
   <div class='ocr_carea' id='block_1_44' title="bbox 350 4300 2011 4373">
    <p class='ocr_par' dir='ltr' id='par_1_44' title="bbox 350 4300 2011 4373">
     <span class='ocr_line' id='line_1_44' title="bbox 350 4300 2011 4373; baseline 0.002 -18"><span class='ocrx_word' id='word_1_303' title='bbox 350 4313 602 4371; x_wconf 89' lang='lat' dir='ltr'><strong>persona</strong></span> <span class='ocrx_word' id='word_1_304' title='bbox 624 4300 752 4357; x_wconf 90' lang='lat' dir='ltr'><strong>sine</strong></span> <span class='ocrx_word' id='word_1_305' title='bbox 781 4300 1124 4357; x_wconf 83' lang='lat' dir='ltr'><strong>confusione</strong></span> <span class='ocrx_word' id='word_1_306' title='bbox 1155 4303 1374 4357; x_wconf 88' lang='lat' dir='ltr'><strong>mansit</strong></span> <span class='ocrx_word' id='word_1_307' title='bbox 1402 4300 1605 4356; x_wconf 87' lang='lat' dir='ltr'><strong>divina</strong></span> <span class='ocrx_word' id='word_1_308' title='bbox 1636 4300 2011 4373; x_wconf 87' lang='lat' dir='ltr'><strong>humanaque</strong></span> 
     </span>
    </p>
   </div>
   <div class='ocr_carea' id='block_1_45' title="bbox 352 4389 2012 4464">
    <p class='ocr_par' dir='ltr' id='par_1_45' title="bbox 352 4389 2012 4464">
     <span class='ocr_line' id='line_1_45' title="bbox 352 4389 2012 4464; baseline 0.001 -19"><span class='ocrx_word' id='word_1_309' title='bbox 352 4393 583 4447; x_wconf 91' lang='lat' dir='ltr'><strong>natura.</strong></span> <span class='ocrx_word' id='word_1_310' title='bbox 617 4390 760 4447; x_wconf 80' lang='lat' dir='ltr'><strong>Hinc</strong></span> <span class='ocrx_word' id='word_1_311' title='bbox 791 4394 883 4446; x_wconf 83' lang='lat' dir='ltr'><strong>est</strong></span> <span class='ocrx_word' id='word_1_312' title='bbox 912 4391 1068 4464; x_wconf 92' lang='lat' dir='ltr'><strong>quod</strong></span> <span class='ocrx_word' id='word_1_313' title='bbox 1100 4390 1157 4446; x_wconf 85' lang='lat' dir='ltr'><strong>in</strong></span> <span class='ocrx_word' id='word_1_314' title='bbox 1194 4408 1309 4447; x_wconf 91' lang='lat' dir='ltr'><strong>uno</strong></span> <span class='ocrx_word' id='word_1_315' title='bbox 1342 4391 1665 4463; x_wconf 84' lang='lat' dir='ltr'><strong>eodemque</strong></span> <span class='ocrx_word' id='word_1_316' title='bbox 1696 4389 2012 4457; x_wconf 89' lang='lat' dir='ltr'><strong>Christo,et</strong></span> 
     </span>
    </p>
   </div>
   <div class='ocr_carea' id='block_1_46' title="bbox 353 4478 2009 4552">
    <p class='ocr_par' dir='ltr' id='par_1_46' title="bbox 353 4478 2009 4552">
     <span class='ocr_line' id='line_1_46' title="bbox 353 4478 2009 4552; baseline 0.001 -19"><span class='ocrx_word' id='word_1_317' title='bbox 353 4478 625 4535; x_wconf 78' lang='lat' dir='ltr'><strong>humanis</strong></span> <span class='ocrx_word' id='word_1_318' title='bbox 650 4485 873 4537; x_wconf 77' lang='lat' dir='ltr'><strong>naturae</strong></span> <span class='ocrx_word' id='word_1_319' title='bbox 890 4482 1101 4537; x_wconf 86' lang='lat' dir='ltr'><strong>veritas</strong></span> <span class='ocrx_word' id='word_1_320' title='bbox 1119 4480 1635 4552; x_wconf 66' lang='lat' dir='ltr'><strong>claruit,etdivinm</strong></span> <span class='ocrx_word' id='word_1_321' title='bbox 1664 4488 1888 4535; x_wconf 63' lang='lat' dir='ltr'><strong>natura;</strong></span> <span class='ocrx_word' id='word_1_322' title='bbox 1920 4480 2009 4534; x_wconf 87' lang='lat' dir='ltr'><strong>in-</strong></span> 
     </span>
    </p>
   </div>
   <div class='ocr_carea' id='block_1_47' title="bbox 2050 1813 2097 1879">
    <p class='ocr_par' dir='ltr' id='par_1_47' title="bbox 2050 1813 2097 1879">
     <span class='ocr_line' id='line_1_47' title="bbox 2050 1813 2097 1879; baseline 0 0"><span class='ocrx_word' id='word_1_323' title='bbox 2050 1813 2097 1879; x_wconf 91' lang='lat' dir='ltr'><strong>B</strong></span> 
     </span>
    </p>
   </div>
   <div class='ocr_carea' id='block_1_48' title="bbox 2126 524 3792 598">
    <p class='ocr_par' dir='ltr' id='par_1_48' title="bbox 2126 524 3792 598">
     <span class='ocr_line' id='line_1_48' title="bbox 2126 524 3792 598; baseline 0.002 -19"><span class='ocrx_word' id='word_1_324' title='bbox 2126 524 2316 580; x_wconf 86' lang='lat' dir='ltr'><strong>factus</strong></span> <span class='ocrx_word' id='word_1_325' title='bbox 2345 528 2436 579; x_wconf 91' lang='lat' dir='ltr'><strong>est</strong></span> <span class='ocrx_word' id='word_1_326' title='bbox 2463 525 2788 580; x_wconf 82' lang='lat' dir='ltr'><strong>secundum</strong></span> <span class='ocrx_word' id='word_1_327' title='bbox 2820 524 3066 581; x_wconf 85' lang='lat' dir='ltr'><strong>formam</strong></span> <span class='ocrx_word' id='word_1_328' title='bbox 3096 526 3274 597; x_wconf 87' lang='lat' dir='ltr'><strong>servi,</strong></span> <span class='ocrx_word' id='word_1_329' title='bbox 3314 524 3483 582; x_wconf 88' lang='lat' dir='ltr'><strong>dives</strong></span> <span class='ocrx_word' id='word_1_330' title='bbox 3516 542 3792 598; x_wconf 80' lang='lat' dir='ltr'><strong>perman-</strong></span> 
     </span>
    </p>
   </div>
   <div class='ocr_carea' id='block_1_49' title="bbox 2126 612 3792 687">
    <p class='ocr_par' dir='ltr' id='par_1_49' title="bbox 2126 612 3792 687">
     <span class='ocr_line' id='line_1_49' title="bbox 2126 612 3792 687; baseline 0.004 -19"><span class='ocrx_word' id='word_1_331' title='bbox 2126 612 2204 668; x_wconf 88' lang='lat' dir='ltr'><strong>sit</strong></span> <span class='ocrx_word' id='word_1_332' title='bbox 2234 613 2561 669; x_wconf 90' lang='lat' dir='ltr'><strong>secundum</strong></span> <span class='ocrx_word' id='word_1_333' title='bbox 2592 613 2840 670; x_wconf 86' lang='lat' dir='ltr'><strong>formam</strong></span> <span class='ocrx_word' id='word_1_334' title='bbox 2865 613 2983 672; x_wconf 85' lang='lat' dir='ltr'><strong>Dei.</strong></span> <span class='ocrx_word' id='word_1_335' title='bbox 3008 618 3331 687; x_wconf 85' lang='lat' dir='ltr'><strong>Paupertas</strong></span> <span class='ocrx_word' id='word_1_336' title='bbox 3359 614 3565 687; x_wconf 85' lang='lat' dir='ltr'><strong>itaque</strong></span> <span class='ocrx_word' id='word_1_337' title='bbox 3590 616 3792 674; x_wconf 70' lang='lat' dir='ltr'><strong>formis</strong></span> 
     </span>
    </p>
   </div>
   <div class='ocr_carea' id='block_1_50' title="bbox 2130 703 3793 777">
    <p class='ocr_par' dir='ltr' id='par_1_50' title="bbox 2130 703 3793 777">
     <span class='ocr_line' id='line_1_50' title="bbox 2130 703 3793 777; baseline 0.003 -17"><span class='ocrx_word' id='word_1_338' title='bbox 2130 704 2358 760; x_wconf 86' lang='lat' dir='ltr'><strong>servilis</strong></span> <span class='ocrx_word' id='word_1_339' title='bbox 2409 721 2526 760; x_wconf 92' lang='lat' dir='ltr'><strong>non</strong></span> <span class='ocrx_word' id='word_1_340' title='bbox 2574 709 2665 761; x_wconf 88' lang='lat' dir='ltr'><strong>est</strong></span> <span class='ocrx_word' id='word_1_341' title='bbox 2713 703 2798 759; x_wconf 90' lang='lat' dir='ltr'><strong>illi</strong></span> <span class='ocrx_word' id='word_1_342' title='bbox 2852 721 2986 760; x_wconf 87' lang='lat' dir='ltr'><strong>cum</strong></span> <span class='ocrx_word' id='word_1_343' title='bbox 3021 704 3188 761; x_wconf 87' lang='lat' dir='ltr'><strong>Patre</strong></span> <span class='ocrx_word' id='word_1_344' title='bbox 3232 709 3291 760; x_wconf 91' lang='lat' dir='ltr'><strong>et</strong></span> <span class='ocrx_word' id='word_1_345' title='bbox 3318 705 3544 777; x_wconf 85' lang='lat' dir='ltr'><strong>Spiritu</strong></span> <span class='ocrx_word' id='word_1_346' title='bbox 3581 712 3793 765; x_wconf 83' lang='lat' dir='ltr'><strong>sancto</strong></span> 
     </span>
    </p>
   </div>
   <div class='ocr_carea' id='block_1_51' title="bbox 2128 796 3795 871">
    <p class='ocr_par' dir='ltr' id='par_1_51' title="bbox 2128 796 3795 871">
     <span class='ocr_line' id='line_1_51' title="bbox 2128 796 3795 871; baseline 0.003 -21"><span class='ocrx_word' id='word_1_347' title='bbox 2128 796 2463 851; x_wconf 89' lang='lat' dir='ltr'><strong>communis</strong></span> <span class='ocrx_word' id='word_1_348' title='bbox 2494 814 2507 863; x_wconf 93' lang='lat'><strong>;</strong></span> <span class='ocrx_word' id='word_1_349' title='bbox 2562 798 2703 868; x_wconf 90' lang='lat' dir='ltr'><strong>quia</strong></span> <span class='ocrx_word' id='word_1_350' title='bbox 2750 801 2883 869; x_wconf 90' lang='lat' dir='ltr'><strong>post</strong></span> <span class='ocrx_word' id='word_1_351' title='bbox 2913 801 3133 852; x_wconf 66' lang='lat' dir='ltr'><strong>natura:</strong></span> <span class='ocrx_word' id='word_1_352' title='bbox 3166 796 3443 853; x_wconf 65' lang='lat' dir='ltr'><strong>humana:</strong></span> <span class='ocrx_word' id='word_1_353' title='bbox 3473 804 3795 871; x_wconf 74' lang='lat' dir='ltr'><strong>pauperta-</strong></span> 
     </span>
    </p>
   </div>
   <div class='ocr_carea' id='block_1_52' title="bbox 2128 884 3792 959">
    <p class='ocr_par' dir='ltr' id='par_1_52' title="bbox 2128 884 3792 959">
     <span class='ocr_line' id='line_1_52' title="bbox 2128 884 3792 959; baseline 0.004 -20"><span class='ocrx_word' id='word_1_354' title='bbox 2128 888 2245 940; x_wconf 90' lang='lat' dir='ltr'><strong>tem</strong></span> <span class='ocrx_word' id='word_1_355' title='bbox 2278 885 2335 939; x_wconf 90' lang='lat' dir='ltr'><strong>in</strong></span> <span class='ocrx_word' id='word_1_356' title='bbox 2389 884 2612 942; x_wconf 91' lang='lat' dir='ltr'><strong>unitate</strong></span> <span class='ocrx_word' id='word_1_357' title='bbox 2670 902 2931 959; x_wconf 68' lang='lat' dir='ltr'><strong>persona</strong></span> <span class='ocrx_word' id='word_1_358' title='bbox 2977 891 3334 959; x_wconf 90' lang='lat' dir='ltr'><strong>susceptam,</strong></span> <span class='ocrx_word' id='word_1_359' title='bbox 3396 887 3560 944; x_wconf 90' lang='lat' dir='ltr'><strong>dives</strong></span> <span class='ocrx_word' id='word_1_360' title='bbox 3615 890 3679 944; x_wconf 91' lang='lat' dir='ltr'><strong>in</strong></span> <span class='ocrx_word' id='word_1_361' title='bbox 3727 905 3792 946; x_wconf 89' lang='lat' dir='ltr'><strong>eo</strong></span> 
     </span>
    </p>
   </div>
   <div class='ocr_carea' id='block_1_53' title="bbox 2130 974 3799 1045">
    <p class='ocr_par' dir='ltr' id='par_1_53' title="bbox 2130 974 3799 1045">
     <span class='ocr_line' id='line_1_53' title="bbox 2130 974 3799 1045; baseline 0.003 -16"><span class='ocrx_word' id='word_1_362' title='bbox 2130 974 2455 1045; x_wconf 91' lang='lat' dir='ltr'><strong>permansit</strong></span> <span class='ocrx_word' id='word_1_363' title='bbox 2485 974 2685 1031; x_wconf 90' lang='lat' dir='ltr'><strong>divina</strong></span> <span class='ocrx_word' id='word_1_364' title='bbox 2713 975 3067 1032; x_wconf 89' lang='lat' dir='ltr'><strong>substantia.</strong></span> <span class='ocrx_word' id='word_1_365' title='bbox 3101 978 3236 1042; x_wconf 69' lang='lat' dir='ltr'><strong>Quae</strong></span> <span class='ocrx_word' id='word_1_366' title='bbox 3269 976 3380 1032; x_wconf 84' lang='lat' dir='ltr'><strong>fuit</strong></span> <span class='ocrx_word' id='word_1_367' title='bbox 3410 981 3616 1033; x_wconf 89' lang='lat' dir='ltr'><strong>autem</strong></span> <span class='ocrx_word' id='word_1_368' title='bbox 3652 978 3799 1034; x_wconf 82' lang='lat' dir='ltr'><strong>divi-</strong></span> 
     </span>
    </p>
   </div>
   <div class='ocr_carea' id='block_1_54' title="bbox 2128 1063 3798 1136">
    <p class='ocr_par' dir='ltr' id='par_1_54' title="bbox 2128 1063 3798 1136">
     <span class='ocr_line' id='line_1_54' title="bbox 2128 1063 3798 1136; baseline 0.003 -17"><span class='ocrx_word' id='word_1_369' title='bbox 2128 1064 2206 1119; x_wconf 88' lang='lat' dir='ltr'><strong>tis</strong></span> <span class='ocrx_word' id='word_1_370' title='bbox 2238 1063 2361 1118; x_wconf 90' lang='lat' dir='ltr'><strong>Filii</strong></span> <span class='ocrx_word' id='word_1_371' title='bbox 2395 1064 2495 1119; x_wconf 91' lang='lat' dir='ltr'><strong>Dei</strong></span> <span class='ocrx_word' id='word_1_372' title='bbox 2529 1071 2864 1136; x_wconf 87' lang='lat' dir='ltr'><strong>paupertas,</strong></span> <span class='ocrx_word' id='word_1_373' title='bbox 2918 1065 3033 1121; x_wconf 91' lang='lat' dir='ltr'><strong>nisi</strong></span> <span class='ocrx_word' id='word_1_374' title='bbox 3066 1070 3268 1121; x_wconf 89' lang='lat' dir='ltr'><strong>nostra</strong></span> <span class='ocrx_word' id='word_1_375' title='bbox 3309 1066 3635 1123; x_wconf 89' lang='lat' dir='ltr'><strong>inﬁrmitas</strong></span> <span class='ocrx_word' id='word_1_376' title='bbox 3668 1085 3798 1124; x_wconf 88' lang='lat' dir='ltr'><strong>nos-</strong></span> 
     </span>
    </p>
   </div>
   <div class='ocr_carea' id='block_1_55' title="bbox 2128 1154 3798 1227">
    <p class='ocr_par' dir='ltr' id='par_1_55' title="bbox 2128 1154 3798 1227">
     <span class='ocr_line' id='line_1_55' title="bbox 2128 1154 3798 1227; baseline 0.003 -19"><span class='ocrx_word' id='word_1_377' title='bbox 2128 1156 2335 1227; x_wconf 87' lang='lat' dir='ltr'><strong>traque</strong></span> <span class='ocrx_word' id='word_1_378' title='bbox 2366 1154 2689 1210; x_wconf 86' lang='lat' dir='ltr'><strong>mortalitas</strong></span> <span class='ocrx_word' id='word_1_379' title='bbox 2719 1158 2742 1208; x_wconf 82' lang='lat'><strong><em>?</em></strong></span> <span class='ocrx_word' id='word_1_380' title='bbox 2771 1154 3065 1225; x_wconf 86' lang='lat' dir='ltr'><strong>Quidquid</strong></span> <span class='ocrx_word' id='word_1_381' title='bbox 3096 1160 3295 1211; x_wconf 88' lang='lat' dir='ltr'><strong>autem</strong></span> <span class='ocrx_word' id='word_1_382' title='bbox 3350 1154 3407 1211; x_wconf 90' lang='lat' dir='ltr'><strong>in</strong></span> <span class='ocrx_word' id='word_1_383' title='bbox 3440 1156 3798 1213; x_wconf 86' lang='lat' dir='ltr'><strong>inﬁrmitate</strong></span> 
     </span>
    </p>
   </div>
   <div class='ocr_carea' id='block_1_56' title="bbox 2129 1244 3800 1319">
    <p class='ocr_par' dir='ltr' id='par_1_56' title="bbox 2129 1244 3800 1319">
     <span class='ocr_line' id='line_1_56' title="bbox 2129 1244 3800 1319; baseline 0.002 -21"><span class='ocrx_word' id='word_1_384' title='bbox 2129 1259 2196 1299; x_wconf 92' lang='lat' dir='ltr'><strong>ac</strong></span> <span class='ocrx_word' id='word_1_385' title='bbox 2228 1248 2412 1299; x_wconf 90' lang='lat' dir='ltr'><strong>morte</strong></span> <span class='ocrx_word' id='word_1_386' title='bbox 2451 1244 2777 1299; x_wconf 89' lang='lat' dir='ltr'><strong>secundum</strong></span> <span class='ocrx_word' id='word_1_387' title='bbox 2810 1260 3046 1300; x_wconf 89' lang='lat' dir='ltr'><strong>carnem</strong></span> <span class='ocrx_word' id='word_1_388' title='bbox 3079 1244 3233 1300; x_wconf 85' lang='lat' dir='ltr'><strong>Deus</strong></span> <span class='ocrx_word' id='word_1_389' title='bbox 3264 1244 3627 1317; x_wconf 85' lang='lat' dir='ltr'><strong>Unigenitus</strong></span> <span class='ocrx_word' id='word_1_390' title='bbox 3673 1264 3800 1319; x_wconf 87' lang='lat' dir='ltr'><strong>per-</strong></span> 
     </span>
    </p>
   </div>
   <div class='ocr_carea' id='block_1_57' title="bbox 2127 1332 3797 1400">
    <p class='ocr_par' dir='ltr' id='par_1_57' title="bbox 2127 1332 3797 1400">
     <span class='ocr_line' id='line_1_57' title="bbox 2127 1332 3797 1400; baseline 0.002 -12"><span class='ocrx_word' id='word_1_391' title='bbox 2127 1332 2280 1400; x_wconf 89' lang='lat' dir='ltr'><strong>tulit,</strong></span> <span class='ocrx_word' id='word_1_392' title='bbox 2316 1332 2594 1389; x_wconf 85' lang='lat' dir='ltr'><strong>divinitas</strong></span> <span class='ocrx_word' id='word_1_393' title='bbox 2626 1348 2740 1388; x_wconf 91' lang='lat' dir='ltr'><strong>non</strong></span> <span class='ocrx_word' id='word_1_394' title='bbox 2776 1333 2981 1389; x_wconf 88' lang='lat' dir='ltr'><strong>sensit.</strong></span> <span class='ocrx_word' id='word_1_395' title='bbox 3012 1334 3174 1390; x_wconf 88' lang='lat' dir='ltr'><strong>Misit</strong></span> <span class='ocrx_word' id='word_1_396' title='bbox 3201 1334 3359 1390; x_wconf 90' lang='lat' dir='ltr'><strong>enim</strong></span> <span class='ocrx_word' id='word_1_397' title='bbox 3383 1334 3541 1391; x_wconf 88' lang='lat' dir='ltr'><strong>Deus</strong></span> <span class='ocrx_word' id='word_1_398' title='bbox 3576 1335 3797 1392; x_wconf 87' lang='lat' dir='ltr'><strong>Filium</strong></span> 
     </span>
    </p>
   </div>
   <div class='ocr_carea' id='block_1_58' title="bbox 2127 1422 3795 1496">
    <p class='ocr_par' dir='ltr' id='par_1_58' title="bbox 2127 1422 3795 1496">
     <span class='ocr_line' id='line_1_58' title="bbox 2127 1422 3795 1496; baseline 0.002 -19"><span class='ocrx_word' id='word_1_399' title='bbox 2127 1423 2186 1477; x_wconf 94' lang='lat' dir='ltr'><strong>in</strong></span> <span class='ocrx_word' id='word_1_400' title='bbox 2224 1422 2675 1478; x_wconf 89' lang='lat' dir='ltr'><strong>similitudinem</strong></span> <span class='ocrx_word' id='word_1_401' title='bbox 2734 1424 2928 1479; x_wconf 91' lang='lat' dir='ltr'><strong>carnis</strong></span> <span class='ocrx_word' id='word_1_402' title='bbox 2983 1423 3204 1495; x_wconf 90' lang='lat' dir='ltr'><strong>peccati</strong></span> <span class='ocrx_word' id='word_1_403' title='bbox 3254 1424 3429 1494; x_wconf 77' lang='lat' dir='ltr'><strong>(Rom.</strong></span> <span class='ocrx_word' id='word_1_404' title='bbox 3460 1441 3591 1495; x_wconf 75' lang='lat' dir='ltr'><strong>vui,</strong></span> <span class='ocrx_word' id='word_1_405' title='bbox 3617 1427 3704 1496; x_wconf 89' lang='lat'><strong>3),</strong></span> <span class='ocrx_word' id='word_1_406' title='bbox 3736 1426 3795 1482; x_wconf 88' lang='lat' dir='ltr'><strong>in</strong></span> 
     </span>
    </p>
   </div>
   <div class='ocr_carea' id='block_1_59' title="bbox 2127 1512 3795 1585">
    <p class='ocr_par' dir='ltr' id='par_1_59' title="bbox 2127 1512 3795 1585">
     <span class='ocr_line' id='line_1_59' title="bbox 2127 1512 3795 1585; baseline 0.001 -18"><span class='ocrx_word' id='word_1_407' title='bbox 2127 1528 2240 1583; x_wconf 92' lang='lat' dir='ltr'><strong>quo</strong></span> <span class='ocrx_word' id='word_1_408' title='bbox 2276 1512 2387 1567; x_wconf 84' lang='lat' dir='ltr'><strong>fuit</strong></span> <span class='ocrx_word' id='word_1_409' title='bbox 2414 1528 2549 1568; x_wconf 90' lang='lat' dir='ltr'><strong>vera</strong></span> <span class='ocrx_word' id='word_1_410' title='bbox 2573 1528 2728 1582; x_wconf 92' lang='lat' dir='ltr'><strong>caro,</strong></span> <span class='ocrx_word' id='word_1_411' title='bbox 2778 1513 2879 1568; x_wconf 91' lang='lat' dir='ltr'><strong>sed</strong></span> <span class='ocrx_word' id='word_1_412' title='bbox 2923 1512 3089 1568; x_wconf 89' lang='lat' dir='ltr'><strong>nulla</strong></span> <span class='ocrx_word' id='word_1_413' title='bbox 3119 1512 3228 1567; x_wconf 79' lang='lat' dir='ltr'><strong>fuit</strong></span> <span class='ocrx_word' id='word_1_414' title='bbox 3258 1513 3480 1584; x_wconf 89' lang='lat' dir='ltr'><strong>peccati</strong></span> <span class='ocrx_word' id='word_1_415' title='bbox 3512 1514 3795 1585; x_wconf 80' lang='lat' dir='ltr'><strong>pollutio.</strong></span> 
     </span>
    </p>
   </div>
   <div class='ocr_carea' id='block_1_60' title="bbox 2126 1601 3798 1674">
    <p class='ocr_par' dir='ltr' id='par_1_60' title="bbox 2126 1601 3798 1674">
     <span class='ocr_line' id='line_1_60' title="bbox 2126 1601 3798 1674; baseline 0.002 -17"><span class='ocrx_word' id='word_1_416' title='bbox 2126 1601 2465 1657; x_wconf 90' lang='lat' dir='ltr'><strong>Similitudo</strong></span> <span class='ocrx_word' id='word_1_417' title='bbox 2516 1618 2651 1672; x_wconf 71' lang='lat' dir='ltr'><strong>ergo</strong></span> <span class='ocrx_word' id='word_1_418' title='bbox 2712 1601 2906 1658; x_wconf 90' lang='lat' dir='ltr'><strong>carnis</strong></span> <span class='ocrx_word' id='word_1_419' title='bbox 2964 1601 3187 1674; x_wconf 88' lang='lat' dir='ltr'><strong>peccati</strong></span> <span class='ocrx_word' id='word_1_420' title='bbox 3243 1602 3346 1658; x_wconf 92' lang='lat' dir='ltr'><strong>illa</strong></span> <span class='ocrx_word' id='word_1_421' title='bbox 3375 1603 3583 1659; x_wconf 77' lang='lat' dir='ltr'><strong>fuitin</strong></span> <span class='ocrx_word' id='word_1_422' title='bbox 3616 1621 3798 1661; x_wconf 86' lang='lat' dir='ltr'><strong>carne</strong></span> 
     </span>
    </p>
   </div>
   <div class='ocr_carea' id='block_1_61' title="bbox 2125 1689 3799 1763">
    <p class='ocr_par' dir='ltr' id='par_1_61' title="bbox 2125 1689 3799 1763">
     <span class='ocr_line' id='line_1_61' title="bbox 2125 1689 3799 1763; baseline 0.001 -16"><span class='ocrx_word' id='word_1_423' title='bbox 2125 1691 2369 1759; x_wconf 91' lang='lat' dir='ltr'><strong>Christi,</strong></span> <span class='ocrx_word' id='word_1_424' title='bbox 2400 1707 2532 1747; x_wconf 92' lang='lat' dir='ltr'><strong>cum</strong></span> <span class='ocrx_word' id='word_1_425' title='bbox 2566 1689 2667 1747; x_wconf 91' lang='lat' dir='ltr'><strong>illa</strong></span> <span class='ocrx_word' id='word_1_426' title='bbox 2698 1707 2813 1747; x_wconf 92' lang='lat' dir='ltr'><strong>non</strong></span> <span class='ocrx_word' id='word_1_427' title='bbox 2849 1696 3006 1748; x_wconf 85' lang='lat' dir='ltr'><strong>esset</strong></span> <span class='ocrx_word' id='word_1_428' title='bbox 3035 1707 3170 1747; x_wconf 91' lang='lat' dir='ltr'><strong>caro</strong></span> <span class='ocrx_word' id='word_1_429' title='bbox 3210 1691 3453 1763; x_wconf 87' lang='lat' dir='ltr'><strong>peccati,</strong></span> <span class='ocrx_word' id='word_1_430' title='bbox 3485 1694 3653 1763; x_wconf 86' lang='lat' dir='ltr'><strong>quod</strong></span> <span class='ocrx_word' id='word_1_431' title='bbox 3692 1694 3799 1750; x_wconf 89' lang='lat' dir='ltr'><strong>fuit</strong></span> 
     </span>
    </p>
   </div>
   <div class='ocr_carea' id='block_1_62' title="bbox 2127 1780 3801 1853">
    <p class='ocr_par' dir='ltr' id='par_1_62' title="bbox 2127 1780 3801 1853">
     <span class='ocr_line' id='line_1_62' title="bbox 2127 1780 3801 1853; baseline 0.002 -18"><span class='ocrx_word' id='word_1_432' title='bbox 2127 1780 2383 1851; x_wconf 86' lang='lat' dir='ltr'><strong>inﬁrma,</strong></span> <span class='ocrx_word' id='word_1_433' title='bbox 2415 1782 2570 1852; x_wconf 90' lang='lat' dir='ltr'><strong>quod</strong></span> <span class='ocrx_word' id='word_1_434' title='bbox 2601 1780 2900 1853; x_wconf 90' lang='lat' dir='ltr'><strong>passibilis</strong></span> <span class='ocrx_word' id='word_1_435' title='bbox 2929 1784 2988 1836; x_wconf 90' lang='lat' dir='ltr'><strong>et</strong></span> <span class='ocrx_word' id='word_1_436' title='bbox 3017 1780 3304 1847; x_wconf 83' lang='lat' dir='ltr'><strong>mortalis,</strong></span> <span class='ocrx_word' id='word_1_437' title='bbox 3353 1781 3510 1851; x_wconf 90' lang='lat' dir='ltr'><strong>quod</strong></span> <span class='ocrx_word' id='word_1_438' title='bbox 3553 1782 3801 1852; x_wconf 71' lang='lat' dir='ltr'><strong>vulneri</strong></span> 
     </span>
    </p>
   </div>
   <div class='ocr_carea' id='block_1_63' title="bbox 2134 1868 3799 1942">
    <p class='ocr_par' dir='ltr' id='par_1_63' title="bbox 2134 1868 3799 1942">
     <span class='ocr_line' id='line_1_63' title="bbox 2134 1868 3799 1942; baseline -0.001 -16"><span class='ocrx_word' id='word_1_439' title='bbox 2134 1871 2376 1926; x_wconf 90' lang='lat' dir='ltr'><strong>subdita</strong></span> <span class='ocrx_word' id='word_1_440' title='bbox 2431 1869 2736 1942; x_wconf 91' lang='lat' dir='ltr'><strong>dolorique</strong></span> <span class='ocrx_word' id='word_1_441' title='bbox 2820 1870 3111 1942; x_wconf 82' lang='lat' dir='ltr'><strong>subjecta.</strong></span> <span class='ocrx_word' id='word_1_442' title='bbox 3183 1868 3617 1927; x_wconf 87' lang='lat' dir='ltr'><strong>Verumtamen</strong></span> <span class='ocrx_word' id='word_1_443' title='bbox 3676 1872 3799 1929; x_wconf 69' lang='lat' dir='ltr'><strong>haec</strong></span> 
     </span>
    </p>
   </div>
   <div class='ocr_carea' id='block_1_64' title="bbox 2133 1959 3805 2032">
    <p class='ocr_par' dir='ltr' id='par_1_64' title="bbox 2133 1959 3805 2032">
     <span class='ocr_line' id='line_1_64' title="bbox 2133 1959 3805 2032; baseline 0.001 -17"><span class='ocrx_word' id='word_1_444' title='bbox 2133 1960 2328 2016; x_wconf 89' lang='lat' dir='ltr'><strong>omnia</strong></span> <span class='ocrx_word' id='word_1_445' title='bbox 2376 1960 2868 2029; x_wconf 86' lang='lat' dir='ltr'><strong>subetantialiter,</strong></span> <span class='ocrx_word' id='word_1_446' title='bbox 2917 1960 3019 2016; x_wconf 84' lang='lat' dir='ltr'><strong>sed</strong></span> <span class='ocrx_word' id='word_1_447' title='bbox 3070 1959 3456 2032; x_wconf 87' lang='lat' dir='ltr'><strong>personaliter</strong></span> <span class='ocrx_word' id='word_1_448' title='bbox 3491 1959 3805 2018; x_wconf 86' lang='lat' dir='ltr'><strong>divinitati</strong></span> 
     </span>
    </p>
   </div>
   <div class='ocr_carea' id='block_1_65' title="bbox 2132 2049 3803 2121">
    <p class='ocr_par' dir='ltr' id='par_1_65' title="bbox 2132 2049 3803 2121">
     <span class='ocr_line' id='line_1_65' title="bbox 2132 2049 3803 2121; baseline 0.002 -15"><span class='ocrx_word' id='word_1_449' title='bbox 2132 2049 2349 2106; x_wconf 90' lang='lat' dir='ltr'><strong>Christi</strong></span> <span class='ocrx_word' id='word_1_450' title='bbox 2393 2050 2873 2121; x_wconf 88' lang='lat' dir='ltr'><strong>humanitatique</strong></span> <span class='ocrx_word' id='word_1_451' title='bbox 2932 2050 3294 2106; x_wconf 90' lang='lat' dir='ltr'><strong>communia.</strong></span> <span class='ocrx_word' id='word_1_452' title='bbox 3345 2054 3601 2105; x_wconf 81' lang='lat' dir='ltr'><strong>Persona</strong></span> <span class='ocrx_word' id='word_1_453' title='bbox 3659 2066 3803 2109; x_wconf 89' lang='lat' dir='ltr'><strong>vero</strong></span> 
     </span>
    </p>
   </div>
   <div class='ocr_carea' id='block_1_66' title="bbox 2131 2137 3805 2210">
    <p class='ocr_par' dir='ltr' id='par_1_66' title="bbox 2131 2137 3805 2210">
     <span class='ocr_line' id='line_1_66' title="bbox 2131 2137 3805 2210; baseline 0.002 -17"><span class='ocrx_word' id='word_1_454' title='bbox 2131 2138 2347 2194; x_wconf 90' lang='lat' dir='ltr'><strong>Christi</strong></span> <span class='ocrx_word' id='word_1_455' title='bbox 2389 2156 2423 2194; x_wconf 92' lang='lat' dir='ltr'><strong>a</strong></span> <span class='ocrx_word' id='word_1_456' title='bbox 2449 2155 2702 2210; x_wconf 88' lang='lat' dir='ltr'><strong>persona</strong></span> <span class='ocrx_word' id='word_1_457' title='bbox 2730 2138 2923 2196; x_wconf 91' lang='lat' dir='ltr'><strong>Patris</strong></span> <span class='ocrx_word' id='word_1_458' title='bbox 2953 2143 3012 2195; x_wconf 92' lang='lat' dir='ltr'><strong>et</strong></span> <span class='ocrx_word' id='word_1_459' title='bbox 3037 2140 3290 2209; x_wconf 82' lang='lat' dir='ltr'><strong>Spiritus</strong></span> <span class='ocrx_word' id='word_1_460' title='bbox 3325 2137 3501 2194; x_wconf 88' lang='lat' dir='ltr'><strong>sancti</strong></span> <span class='ocrx_word' id='word_1_461' title='bbox 3536 2139 3805 2197; x_wconf 88' lang='lat' dir='ltr'><strong>omnino</strong></span> 
     </span>
    </p>
   </div>
   <div class='ocr_carea' id='block_1_67' title="bbox 2133 2227 3802 2301">
    <p class='ocr_par' dir='ltr' id='par_1_67' title="bbox 2133 2227 3802 2301">
     <span class='ocr_line' id='line_1_67' title="bbox 2133 2227 3802 2301; baseline 0.001 -17"><span class='ocrx_word' id='word_1_462' title='bbox 2133 2228 2508 2285; x_wconf 89' lang='lat' dir='ltr'><strong>discernitur.</strong></span> <span class='ocrx_word' id='word_1_463' title='bbox 2564 2229 2698 2294; x_wconf 82' lang='lat' dir='ltr'><strong>Quae</strong></span> <span class='ocrx_word' id='word_1_464' title='bbox 2750 2246 2870 2284; x_wconf 91' lang='lat' dir='ltr'><strong>una</strong></span> <span class='ocrx_word' id='word_1_465' title='bbox 2929 2245 3183 2301; x_wconf 91' lang='lat' dir='ltr'><strong>persona</strong></span> <span class='ocrx_word' id='word_1_466' title='bbox 3238 2227 3560 2284; x_wconf 84' lang='lat' dir='ltr'><strong>divinitatis</strong></span> <span class='ocrx_word' id='word_1_467' title='bbox 3613 2232 3802 2301; x_wconf 86' lang='lat' dir='ltr'><strong>atque</strong></span> 
     </span>
    </p>
   </div>
   <div class='ocr_carea' id='block_1_68' title="bbox 2132 2317 3804 2390">
    <p class='ocr_par' dir='ltr' id='par_1_68' title="bbox 2132 2317 3804 2390">
     <span class='ocr_line' id='line_1_68' title="bbox 2132 2317 3804 2390; baseline 0.001 -17"><span class='ocrx_word' id='word_1_468' title='bbox 2132 2317 2519 2373; x_wconf 86' lang='lat' dir='ltr'><strong>humanitatis</strong></span> <span class='ocrx_word' id='word_1_469' title='bbox 2548 2318 2606 2373; x_wconf 91' lang='lat' dir='ltr'><strong>in</strong></span> <span class='ocrx_word' id='word_1_470' title='bbox 2638 2317 2871 2374; x_wconf 88' lang='lat' dir='ltr'><strong>Christo</strong></span> <span class='ocrx_word' id='word_1_471' title='bbox 2914 2318 3000 2374; x_wconf 90' lang='lat' dir='ltr'><strong>sic</strong></span> <span class='ocrx_word' id='word_1_472' title='bbox 3048 2322 3375 2390; x_wconf 85' lang='lat' dir='ltr'><strong>permanet,</strong></span> <span class='ocrx_word' id='word_1_473' title='bbox 3405 2322 3471 2372; x_wconf 89' lang='lat' dir='ltr'><strong>ut</strong></span> <span class='ocrx_word' id='word_1_474' title='bbox 3513 2333 3630 2373; x_wconf 90' lang='lat' dir='ltr'><strong>nec</strong></span> <span class='ocrx_word' id='word_1_475' title='bbox 3662 2318 3804 2375; x_wconf 89' lang='lat' dir='ltr'><strong>alte-</strong></span> 
     </span>
    </p>
   </div>
   <div class='ocr_carea' id='block_1_69' title="bbox 2131 2407 3795 2477">
    <p class='ocr_par' dir='ltr' id='par_1_69' title="bbox 2131 2407 3795 2477">
     <span class='ocr_line' id='line_1_69' title="bbox 2131 2407 3795 2477; baseline 0.001 -14"><span class='ocrx_word' id='word_1_476' title='bbox 2131 2424 2257 2464; x_wconf 92' lang='lat' dir='ltr'><strong>ram</strong></span> <span class='ocrx_word' id='word_1_477' title='bbox 2290 2411 2562 2463; x_wconf 90' lang='lat' dir='ltr'><strong>naturam</strong></span> <span class='ocrx_word' id='word_1_478' title='bbox 2596 2407 2851 2477; x_wconf 87' lang='lat' dir='ltr'><strong>separari</strong></span> <span class='ocrx_word' id='word_1_479' title='bbox 2880 2408 2954 2464; x_wconf 92' lang='lat' dir='ltr'><strong>ab</strong></span> <span class='ocrx_word' id='word_1_480' title='bbox 2986 2409 3170 2464; x_wconf 89' lang='lat' dir='ltr'><strong>altera</strong></span> <span class='ocrx_word' id='word_1_481' title='bbox 3193 2407 3370 2475; x_wconf 87' lang='lat' dir='ltr'><strong>sinat,</strong></span> <span class='ocrx_word' id='word_1_482' title='bbox 3402 2422 3508 2463; x_wconf 89' lang='lat' dir='ltr'><strong>nec</strong></span> <span class='ocrx_word' id='word_1_483' title='bbox 3539 2408 3795 2464; x_wconf 81' lang='lat' dir='ltr'><strong>confun-</strong></span> 
     </span>
    </p>
   </div>
   <div class='ocr_carea' id='block_1_70' title="bbox 2130 2497 3795 2570">
    <p class='ocr_par' dir='ltr' id='par_1_70' title="bbox 2130 2497 3795 2570">
     <span class='ocr_line' id='line_1_70' title="bbox 2130 2497 3795 2570; baseline 0.001 -17"><span class='ocrx_word' id='word_1_484' title='bbox 2130 2500 2187 2553; x_wconf 92' lang='lat' dir='ltr'><strong>di</strong></span> <span class='ocrx_word' id='word_1_485' title='bbox 2240 2503 2551 2570; x_wconf 90' lang='lat' dir='ltr'><strong>utramque</strong></span> <span class='ocrx_word' id='word_1_486' title='bbox 2600 2498 2922 2570; x_wconf 84' lang='lat' dir='ltr'><strong>permittat.</strong></span> <span class='ocrx_word' id='word_1_487' title='bbox 2963 2497 3234 2555; x_wconf 89' lang='lat' dir='ltr'><strong>Christus</strong></span> <span class='ocrx_word' id='word_1_488' title='bbox 3284 2497 3487 2570; x_wconf 80' lang='lat' dir='ltr'><strong>igitur,</strong></span> <span class='ocrx_word' id='word_1_489' title='bbox 3545 2498 3649 2570; x_wconf 91' lang='lat' dir='ltr'><strong>qui</strong></span> <span class='ocrx_word' id='word_1_490' title='bbox 3704 2502 3795 2554; x_wconf 89' lang='lat' dir='ltr'><strong>est</strong></span> 
     </span>
    </p>
   </div>
   <div class='ocr_carea' id='block_1_71' title="bbox 2128 2587 3791 2659">
    <p class='ocr_par' dir='ltr' id='par_1_71' title="bbox 2128 2587 3791 2659">
     <span class='ocr_line' id='line_1_71' title="bbox 2128 2587 3791 2659; baseline 0 -16"><span class='ocrx_word' id='word_1_491' title='bbox 2128 2587 2239 2654; x_wconf 91' lang='lat' dir='ltr'><strong>via,</strong></span> <span class='ocrx_word' id='word_1_492' title='bbox 2272 2587 2486 2643; x_wconf 86' lang='lat' dir='ltr'><strong>veritas</strong></span> <span class='ocrx_word' id='word_1_493' title='bbox 2516 2592 2573 2645; x_wconf 86' lang='lat' dir='ltr'><strong>et</strong></span> <span class='ocrx_word' id='word_1_494' title='bbox 2597 2603 2735 2644; x_wconf 89' lang='lat' dir='ltr'><strong>vera</strong></span> <span class='ocrx_word' id='word_1_495' title='bbox 2764 2589 2901 2655; x_wconf 89' lang='lat' dir='ltr'><strong>vita,</strong></span> <span class='ocrx_word' id='word_1_496' title='bbox 2934 2588 3028 2643; x_wconf 90' lang='lat' dir='ltr'><strong>via</strong></span> <span class='ocrx_word' id='word_1_497' title='bbox 3052 2588 3228 2644; x_wconf 90' lang='lat' dir='ltr'><strong>nobis</strong></span> <span class='ocrx_word' id='word_1_498' title='bbox 3277 2593 3391 2658; x_wconf 90' lang='lat' dir='ltr'><strong>est,</strong></span> <span class='ocrx_word' id='word_1_499' title='bbox 3425 2588 3568 2659; x_wconf 87' lang='lat' dir='ltr'><strong>quia</strong></span> <span class='ocrx_word' id='word_1_500' title='bbox 3590 2604 3791 2645; x_wconf 86' lang='lat' dir='ltr'><strong>veram</strong></span> 
     </span>
    </p>
   </div>
   <div class='ocr_carea' id='block_1_72' title="bbox 2125 2676 3793 2746">
    <p class='ocr_par' dir='ltr' id='par_1_72' title="bbox 2125 2676 3793 2746">
     <span class='ocr_line' id='line_1_72' title="bbox 2125 2676 3793 2746; baseline 0 -14"><span class='ocrx_word' id='word_1_501' title='bbox 2125 2677 2530 2733; x_wconf 87' lang='lat' dir='ltr'><strong>inﬁrmitatem</strong></span> <span class='ocrx_word' id='word_1_502' title='bbox 2586 2678 2647 2733; x_wconf 89' lang='lat' dir='ltr'><strong>in</strong></span> <span class='ocrx_word' id='word_1_503' title='bbox 2704 2676 2950 2733; x_wconf 87' lang='lat' dir='ltr'><strong>veritate</strong></span> <span class='ocrx_word' id='word_1_504' title='bbox 2999 2678 3194 2734; x_wconf 88' lang='lat' dir='ltr'><strong>carnis</strong></span> <span class='ocrx_word' id='word_1_505' title='bbox 3243 2676 3503 2746; x_wconf 89' lang='lat' dir='ltr'><strong>habuit;</strong></span> <span class='ocrx_word' id='word_1_506' title='bbox 3564 2683 3629 2734; x_wconf 88' lang='lat' dir='ltr'><strong>et</strong></span> <span class='ocrx_word' id='word_1_507' title='bbox 3663 2693 3793 2733; x_wconf 86' lang='lat' dir='ltr'><strong>vera</strong></span> 
     </span>
    </p>
   </div>
   <div class='ocr_carea' id='block_1_73' title="bbox 2125 2767 3790 2839">
    <p class='ocr_par' dir='ltr' id='par_1_73' title="bbox 2125 2767 3790 2839">
     <span class='ocr_line' id='line_1_73' title="bbox 2125 2767 3790 2839; baseline 0 -17"><span class='ocrx_word' id='word_1_508' title='bbox 2125 2767 2245 2823; x_wconf 92' lang='lat' dir='ltr'><strong>vita</strong></span> <span class='ocrx_word' id='word_1_509' title='bbox 2276 2767 2445 2824; x_wconf 85' lang='lat' dir='ltr'><strong>nobis</strong></span> <span class='ocrx_word' id='word_1_510' title='bbox 2494 2771 2605 2834; x_wconf 89' lang='lat' dir='ltr'><strong>est,</strong></span> <span class='ocrx_word' id='word_1_511' title='bbox 2651 2767 2789 2839; x_wconf 92' lang='lat' dir='ltr'><strong>quia</strong></span> <span class='ocrx_word' id='word_1_512' title='bbox 2836 2784 2974 2824; x_wconf 88' lang='lat' dir='ltr'><strong>vera</strong></span> <span class='ocrx_word' id='word_1_513' title='bbox 3002 2768 3191 2823; x_wconf 89' lang='lat' dir='ltr'><strong>virtus</strong></span> <span class='ocrx_word' id='word_1_514' title='bbox 3229 2768 3292 2822; x_wconf 88' lang='lat' dir='ltr'><strong>in</strong></span> <span class='ocrx_word' id='word_1_515' title='bbox 3323 2767 3449 2837; x_wconf 82' lang='lat' dir='ltr'><strong>ejus</strong></span> <span class='ocrx_word' id='word_1_516' title='bbox 3476 2784 3627 2824; x_wconf 89' lang='lat' dir='ltr'><strong>vera</strong></span> <span class='ocrx_word' id='word_1_517' title='bbox 3654 2767 3790 2823; x_wconf 87' lang='lat' dir='ltr'><strong>divi-</strong></span> 
     </span>
    </p>
   </div>
   <div class='ocr_carea' id='block_1_74' title="bbox 2129 2855 3791 2929">
    <p class='ocr_par' dir='ltr' id='par_1_74' title="bbox 2129 2855 3791 2929">
     <span class='ocr_line' id='line_1_74' title="bbox 2129 2855 3791 2929; baseline 0 -18"><span class='ocrx_word' id='word_1_518' title='bbox 2129 2855 2311 2912; x_wconf 90' lang='lat' dir='ltr'><strong>nitate</strong></span> <span class='ocrx_word' id='word_1_519' title='bbox 2363 2857 2710 2928; x_wconf 89' lang='lat' dir='ltr'><strong>permansit.</strong></span> <span class='ocrx_word' id='word_1_520' title='bbox 2741 2861 2862 2913; x_wconf 88' lang='lat' dir='ltr'><strong>Hoc</strong></span> <span class='ocrx_word' id='word_1_521' title='bbox 2933 2856 3252 2929; x_wconf 88' lang='lat' dir='ltr'><strong>Apostolus</strong></span> <span class='ocrx_word' id='word_1_522' title='bbox 3302 2857 3661 2914; x_wconf 88' lang='lat' dir='ltr'><strong>discernens</strong></span> <span class='ocrx_word' id='word_1_523' title='bbox 3692 2857 3791 2925; x_wconf 88' lang='lat' dir='ltr'><strong>ait,</strong></span> 
     </span>
    </p>
   </div>
   <div class='ocr_carea' id='block_1_75' title="bbox 2126 2946 3793 3018">
    <p class='ocr_par' dir='ltr' id='par_1_75' title="bbox 2126 2946 3793 3018">
     <span class='ocr_line' id='line_1_75' title="bbox 2126 2946 3793 3018; baseline 0.001 -18"><span class='ocrx_word' id='word_1_524' title='bbox 2126 2948 2270 3001; x_wconf 86' lang='lat' dir='ltr'><strong>Nam</strong></span> <span class='ocrx_word' id='word_1_525' title='bbox 2299 2948 2405 3002; x_wconf 80' lang='lat' dir='ltr'><strong>etsi</strong></span> <span class='ocrx_word' id='word_1_526' title='bbox 2449 2948 2755 3018; x_wconf 68' lang='lat' dir='ltr'><strong>cruciﬁxus</strong></span> <span class='ocrx_word' id='word_1_527' title='bbox 2786 2952 2868 3003; x_wconf 84' lang='lat' dir='ltr'><strong>est</strong></span> <span class='ocrx_word' id='word_1_528' title='bbox 2913 2963 2988 3003; x_wconf 62' lang='lat' dir='ltr'><strong>ex</strong></span> <span class='ocrx_word' id='word_1_529' title='bbox 3038 2947 3385 3018; x_wconf 78' lang='lat' dir='ltr'><strong>inﬁrmitate,</strong></span> <span class='ocrx_word' id='word_1_530' title='bbox 3414 2946 3508 3003; x_wconf 84' lang='lat' dir='ltr'><strong>sed</strong></span> <span class='ocrx_word' id='word_1_531' title='bbox 3541 2949 3689 3004; x_wconf 80' lang='lat' dir='ltr'><strong>vivit</strong></span> <span class='ocrx_word' id='word_1_532' title='bbox 3729 2962 3793 3002; x_wconf 69' lang='lat' dir='ltr'><strong>ex</strong></span> 
     </span>
    </p>
   </div>
   <div class='ocr_carea' id='block_1_76' title="bbox 2125 3036 2969 3107">
    <p class='ocr_par' dir='ltr' id='par_1_76' title="bbox 2125 3036 2969 3107">
     <span class='ocr_line' id='line_1_76' title="bbox 2125 3036 2969 3107; baseline 0 -15"><span class='ocrx_word' id='word_1_533' title='bbox 2125 3038 2332 3093; x_wconf 78' lang='lat' dir='ltr'><strong>virtute</strong></span> <span class='ocrx_word' id='word_1_534' title='bbox 2359 3037 2459 3091; x_wconf 83' lang='lat' dir='ltr'><strong>Dei</strong></span> <span class='ocrx_word' id='word_1_535' title='bbox 2488 3036 2553 3107; x_wconf 87' lang='grc'><strong>(11</strong></span> <span class='ocrx_word' id='word_1_536' title='bbox 2585 3037 2706 3092; x_wconf 86' lang='lat' dir='ltr'><strong>Cor.</strong></span> <span class='ocrx_word' id='word_1_537' title='bbox 2738 3054 2862 3105; x_wconf 84' lang='lat' dir='ltr'><strong>xm,</strong></span> <span class='ocrx_word' id='word_1_538' title='bbox 2895 3038 2969 3106; x_wconf 79' lang='grc'><strong>4).</strong></span> 
     </span>
    </p>
   </div>
   <div class='ocr_carea' id='block_1_77' title="bbox 2645 3127 3263 3184">
    <p class='ocr_par' dir='ltr' id='par_1_77' title="bbox 2645 3127 3263 3184">
     <span class='ocr_line' id='line_1_77' title="bbox 2645 3127 3263 3184; baseline -0.003 -1"><span class='ocrx_word' id='word_1_539' title='bbox 2645 3127 2798 3184; x_wconf 69' lang='lat'><strong>852</strong></span> <span class='ocrx_word' id='word_1_540' title='bbox 2830 3127 3078 3184; x_wconf 78' lang='lat' dir='ltr'><strong>CAPUT</strong></span> <span class='ocrx_word' id='word_1_541' title='bbox 3108 3127 3263 3184; x_wconf 81' lang='lat' dir='ltr'><strong>XIV.</strong></span> 
     </span>
    </p>
   </div>
   <div class='ocr_carea' id='block_1_78' title="bbox 2197 3216 3791 3288">
    <p class='ocr_par' dir='ltr' id='par_1_78' title="bbox 2197 3216 3791 3288">
     <span class='ocr_line' id='line_1_78' title="bbox 2197 3216 3791 3288; baseline 0.001 -15"><span class='ocrx_word' id='word_1_542' title='bbox 2197 3220 2260 3273; x_wconf 91' lang='lat' dir='ltr'><strong>In</strong></span> <span class='ocrx_word' id='word_1_543' title='bbox 2282 3232 2399 3272; x_wconf 92' lang='lat' dir='ltr'><strong>uno</strong></span> <span class='ocrx_word' id='word_1_544' title='bbox 2422 3231 2561 3288; x_wconf 82' lang='lat' dir='ltr'><strong>ergo</strong></span> <span class='ocrx_word' id='word_1_545' title='bbox 2583 3217 2904 3287; x_wconf 90' lang='lat' dir='ltr'><strong>eodemque</strong></span> <span class='ocrx_word' id='word_1_546' title='bbox 2918 3216 3337 3284; x_wconf 83' lang='lat' dir='ltr'><strong>Christo,eicut</strong></span> <span class='ocrx_word' id='word_1_547' title='bbox 3358 3216 3649 3274; x_wconf 76' lang='lat' dir='ltr'><strong>humane:</strong></span> <span class='ocrx_word' id='word_1_548' title='bbox 3670 3234 3791 3274; x_wconf 87' lang='lat' dir='ltr'><strong>car-</strong></span> 
     </span>
    </p>
   </div>
   <div class='ocr_carea' id='block_1_79' title="bbox 2122 3306 3791 3380">
    <p class='ocr_par' dir='ltr' id='par_1_79' title="bbox 2122 3306 3791 3380">
     <span class='ocr_line' id='line_1_79' title="bbox 2122 3306 3791 3380; baseline 0.001 -17"><span class='ocrx_word' id='word_1_549' title='bbox 2122 3308 2216 3363; x_wconf 90' lang='lat' dir='ltr'><strong>nis</strong></span> <span class='ocrx_word' id='word_1_550' title='bbox 2236 3307 2552 3363; x_wconf 89' lang='lat' dir='ltr'><strong>inﬁrmitas</strong></span> <span class='ocrx_word' id='word_1_551' title='bbox 2565 3324 2679 3364; x_wconf 91' lang='lat' dir='ltr'><strong>non</strong></span> <span class='ocrx_word' id='word_1_552' title='bbox 2699 3307 2812 3364; x_wconf 89' lang='lat' dir='ltr'><strong>sibi</strong></span> <span class='ocrx_word' id='word_1_553' title='bbox 2840 3308 3030 3380; x_wconf 88' lang='lat' dir='ltr'><strong>potuit</strong></span> <span class='ocrx_word' id='word_1_554' title='bbox 3051 3308 3228 3363; x_wconf 86' lang='lat' dir='ltr'><strong>vitam</strong></span> <span class='ocrx_word' id='word_1_555' title='bbox 3261 3306 3349 3364; x_wconf 86' lang='lat' dir='ltr'><strong>vel</strong></span> <span class='ocrx_word' id='word_1_556' title='bbox 3375 3308 3637 3376; x_wconf 82' lang='lat' dir='ltr'><strong>dare,vel</strong></span> <span class='ocrx_word' id='word_1_557' title='bbox 3662 3310 3791 3365; x_wconf 86' lang='lat' dir='ltr'><strong>red-</strong></span> 
     </span>
    </p>
   </div>
   <div class='ocr_carea' id='block_1_80' title="bbox 2126 3396 3793 3470">
    <p class='ocr_par' dir='ltr' id='par_1_80' title="bbox 2126 3396 3793 3470">
     <span class='ocr_line' id='line_1_80' title="bbox 2126 3396 3793 3470; baseline -0.002 -17"><span class='ocrx_word' id='word_1_558' title='bbox 2126 3398 2431 3468; x_wconf 90' lang='lat' dir='ltr'><strong>dere,quia</strong></span> <span class='ocrx_word' id='word_1_559' title='bbox 2452 3401 2716 3469; x_wconf 89' lang='lat' dir='ltr'><strong>potestas</strong></span> <span class='ocrx_word' id='word_1_560' title='bbox 2733 3397 2836 3453; x_wconf 89' lang='lat' dir='ltr'><strong>illa</strong></span> <span class='ocrx_word' id='word_1_561' title='bbox 2857 3398 3111 3470; x_wconf 89' lang='lat' dir='ltr'><strong>ponendi</strong></span> <span class='ocrx_word' id='word_1_562' title='bbox 3135 3398 3397 3454; x_wconf 87' lang='lat' dir='ltr'><strong>animam</strong></span> <span class='ocrx_word' id='word_1_563' title='bbox 3418 3402 3477 3454; x_wconf 86' lang='lat' dir='ltr'><strong>et</strong></span> <span class='ocrx_word' id='word_1_564' title='bbox 3507 3396 3793 3455; x_wconf 89' lang='lat' dir='ltr'><strong>sumendi</strong></span> 
     </span>
    </p>
   </div>
   <div class='ocr_carea' id='block_1_81' title="bbox 2126 3486 3792 3557">
    <p class='ocr_par' dir='ltr' id='par_1_81' title="bbox 2126 3486 3792 3557">
     <span class='ocr_line' id='line_1_81' title="bbox 2126 3486 3792 3557; baseline -0.002 -14"><span class='ocrx_word' id='word_1_565' title='bbox 2126 3487 2375 3543; x_wconf 73' lang='lat' dir='ltr'><strong>nonfuit</strong></span> <span class='ocrx_word' id='word_1_566' title='bbox 2396 3486 2827 3542; x_wconf 84' lang='lat' dir='ltr'><strong>exinﬁrmitate</strong></span> <span class='ocrx_word' id='word_1_567' title='bbox 2848 3486 3238 3557; x_wconf 88' lang='lat' dir='ltr'><strong>humana,sed</strong></span> <span class='ocrx_word' id='word_1_568' title='bbox 3255 3504 3323 3543; x_wconf 80' lang='lat' dir='ltr'><strong>ex</strong></span> <span class='ocrx_word' id='word_1_569' title='bbox 3336 3488 3556 3543; x_wconf 86' lang='lat' dir='ltr'><strong>virtute</strong></span> <span class='ocrx_word' id='word_1_570' title='bbox 3571 3488 3792 3553; x_wconf 82' lang='lat' dir='ltr'><strong>divina;</strong></span> 
     </span>
    </p>
   </div>
   <div class='ocr_carea' id='block_1_82' title="bbox 2120 3575 3792 3649">
    <p class='ocr_par' dir='ltr' id='par_1_82' title="bbox 2120 3575 3792 3649">
     <span class='ocr_line' id='line_1_82' title="bbox 2120 3575 3792 3649; baseline -0.002 -16"><span class='ocrx_word' id='word_1_571' title='bbox 2120 3578 2205 3633; x_wconf 91' lang='lat' dir='ltr'><strong>ita</strong></span> <span class='ocrx_word' id='word_1_572' title='bbox 2224 3576 2431 3632; x_wconf 72' lang='lat' dir='ltr'><strong>divinae</strong></span> <span class='ocrx_word' id='word_1_573' title='bbox 2454 3576 2689 3632; x_wconf 88' lang='lat' dir='ltr'><strong>virtutis</strong></span> <span class='ocrx_word' id='word_1_574' title='bbox 2720 3576 3037 3645; x_wconf 74' lang='lat' dir='ltr'><strong>internitas,</strong></span> <span class='ocrx_word' id='word_1_575' title='bbox 3066 3577 3158 3632; x_wconf 90' lang='lat' dir='ltr'><strong>cui</strong></span> <span class='ocrx_word' id='word_1_576' title='bbox 3174 3577 3480 3649; x_wconf 89' lang='lat' dir='ltr'><strong>proprium</strong></span> <span class='ocrx_word' id='word_1_577' title='bbox 3504 3575 3792 3633; x_wconf 85' lang='lat' dir='ltr'><strong>naturali-</strong></span> 
     </span>
    </p>
   </div>
   <div class='ocr_carea' id='block_1_83' title="bbox 2121 3666 3789 3739">
    <p class='ocr_par' dir='ltr' id='par_1_83' title="bbox 2121 3666 3789 3739">
     <span class='ocr_line' id='line_1_83' title="bbox 2121 3666 3789 3739; baseline -0.001 -17"><span class='ocrx_word' id='word_1_578' title='bbox 2121 3675 2210 3723; x_wconf 93' lang='lat' dir='ltr'><strong>ter</strong></span> <span class='ocrx_word' id='word_1_579' title='bbox 2225 3671 2317 3722; x_wconf 89' lang='lat' dir='ltr'><strong>est</strong></span> <span class='ocrx_word' id='word_1_580' title='bbox 2337 3666 2903 3722; x_wconf 85' lang='lat' dir='ltr'><strong>incommutabiliter</strong></span> <span class='ocrx_word' id='word_1_581' title='bbox 2939 3671 3116 3739; x_wconf 85' lang='lat' dir='ltr'><strong>atque</strong></span> <span class='ocrx_word' id='word_1_582' title='bbox 3143 3666 3554 3722; x_wconf 84' lang='lat' dir='ltr'><strong>indeﬁcienter</strong></span> <span class='ocrx_word' id='word_1_583' title='bbox 3574 3666 3789 3733; x_wconf 76' lang='lat' dir='ltr'><strong>vivere,</strong></span> 
     </span>
    </p>
   </div>
   <div class='ocr_carea' id='block_1_84' title="bbox 2116 3754 3785 3828">
    <p class='ocr_par' dir='ltr' id='par_1_84' title="bbox 2116 3754 3785 3828">
     <span class='ocr_line' id='line_1_84' title="bbox 2116 3754 3785 3828; baseline 0 -18"><span class='ocrx_word' id='word_1_584' title='bbox 2116 3755 2265 3811; x_wconf 89' lang='lat' dir='ltr'><strong>nihil</strong></span> <span class='ocrx_word' id='word_1_585' title='bbox 2288 3755 2663 3811; x_wconf 70' lang='lat' dir='ltr'><strong>inﬁrmitatis</strong></span> <span class='ocrx_word' id='word_1_586' title='bbox 2681 3760 2781 3811; x_wconf 84' lang='lat' dir='ltr'><strong>aut</strong></span> <span class='ocrx_word' id='word_1_587' title='bbox 2810 3757 3019 3812; x_wconf 88' lang='lat' dir='ltr'><strong>mortis</strong></span> <span class='ocrx_word' id='word_1_588' title='bbox 3032 3755 3227 3828; x_wconf 91' lang='lat' dir='ltr'><strong>potuit</strong></span> <span class='ocrx_word' id='word_1_589' title='bbox 3253 3754 3314 3810; x_wconf 92' lang='lat' dir='ltr'><strong>in</strong></span> <span class='ocrx_word' id='word_1_590' title='bbox 3338 3771 3513 3812; x_wconf 89' lang='lat' dir='ltr'><strong>cruce</strong></span> <span class='ocrx_word' id='word_1_591' title='bbox 3536 3756 3785 3813; x_wconf 84' lang='lat' dir='ltr'><strong>sentire.</strong></span> 
     </span>
    </p>
   </div>
   <div class='ocr_carea' id='block_1_85' title="bbox 2117 3844 3791 3918">
    <p class='ocr_par' dir='ltr' id='par_1_85' title="bbox 2117 3844 3791 3918">
     <span class='ocr_line' id='line_1_85' title="bbox 2117 3844 3791 3918; baseline -0.001 -18"><span class='ocrx_word' id='word_1_592' title='bbox 2117 3846 2474 3918; x_wconf 83' lang='lat' dir='ltr'><strong>Unigenitus</strong></span> <span class='ocrx_word' id='word_1_593' title='bbox 2523 3846 2722 3917; x_wconf 87' lang='lat' dir='ltr'><strong>itaque</strong></span> <span class='ocrx_word' id='word_1_594' title='bbox 2780 3845 2881 3901; x_wconf 89' lang='lat' dir='ltr'><strong>Dei</strong></span> <span class='ocrx_word' id='word_1_595' title='bbox 2927 3844 3111 3901; x_wconf 82' lang='lat' dir='ltr'><strong>Filius</strong></span> <span class='ocrx_word' id='word_1_596' title='bbox 3134 3845 3193 3901; x_wconf 90' lang='lat' dir='ltr'><strong>in</strong></span> <span class='ocrx_word' id='word_1_597' title='bbox 3224 3861 3291 3901; x_wconf 91' lang='lat' dir='ltr'><strong>eo</strong></span> <span class='ocrx_word' id='word_1_598' title='bbox 3314 3860 3383 3901; x_wconf 85' lang='lat' dir='ltr'><strong>ex</strong></span> <span class='ocrx_word' id='word_1_599' title='bbox 3411 3845 3581 3900; x_wconf 82' lang='lat' dir='ltr'><strong>Patre</strong></span> <span class='ocrx_word' id='word_1_600' title='bbox 3612 3853 3791 3900; x_wconf 87' lang='lat' dir='ltr'><strong>natus</strong></span> 
     </span>
    </p>
   </div>
   <div class='ocr_carea' id='block_1_86' title="bbox 2118 3934 3789 4005">
    <p class='ocr_par' dir='ltr' id='par_1_86' title="bbox 2118 3934 3789 4005">
     <span class='ocr_line' id='line_1_86' title="bbox 2118 3934 3789 4005; baseline 0 -16"><span class='ocrx_word' id='word_1_601' title='bbox 2118 3939 2272 3989; x_wconf 91' lang='lat' dir='ltr'><strong>Deus</strong></span> <span class='ocrx_word' id='word_1_602' title='bbox 2298 3950 2493 4005; x_wconf 89' lang='lat' dir='ltr'><strong>verus,</strong></span> <span class='ocrx_word' id='word_1_603' title='bbox 2534 3939 2591 3991; x_wconf 87' lang='lat' dir='ltr'><strong>et</strong></span> <span class='ocrx_word' id='word_1_604' title='bbox 2614 3936 2683 3990; x_wconf 91' lang='lat' dir='ltr'><strong>de</strong></span> <span class='ocrx_word' id='word_1_605' title='bbox 2706 3940 2891 3989; x_wconf 91' lang='lat' dir='ltr'><strong>matre</strong></span> <span class='ocrx_word' id='word_1_606' title='bbox 2936 3934 3124 3990; x_wconf 86' lang='lat' dir='ltr'><strong>factus</strong></span> <span class='ocrx_word' id='word_1_607' title='bbox 3172 3934 3350 3990; x_wconf 88' lang='lat' dir='ltr'><strong>homo</strong></span> <span class='ocrx_word' id='word_1_608' title='bbox 3368 3947 3535 3990; x_wconf 86' lang='lat' dir='ltr'><strong>verus</strong></span> <span class='ocrx_word' id='word_1_609' title='bbox 3551 3947 3789 4005; x_wconf 79' lang='lat' dir='ltr'><strong>cogno-</strong></span> 
     </span>
    </p>
   </div>
   <div class='ocr_carea' id='block_1_87' title="bbox 2117 4024 3787 4094">
    <p class='ocr_par' dir='ltr' id='par_1_87' title="bbox 2117 4024 3787 4094">
     <span class='ocr_line' id='line_1_87' title="bbox 2117 4024 3787 4094; baseline 0.002 -15"><span class='ocrx_word' id='word_1_610' title='bbox 2117 4024 2320 4086; x_wconf 90' lang='lat' dir='ltr'><strong>scitur,</strong></span> <span class='ocrx_word' id='word_1_611' title='bbox 2355 4024 2497 4094; x_wconf 90' lang='lat' dir='ltr'><strong>quia</strong></span> <span class='ocrx_word' id='word_1_612' title='bbox 2526 4029 2584 4079; x_wconf 94' lang='lat' dir='ltr'><strong>et</strong></span> <span class='ocrx_word' id='word_1_613' title='bbox 2604 4024 3195 4081; x_wconf 81' lang='lat' dir='ltr'><strong>indiciainﬁrmitatis</strong></span> <span class='ocrx_word' id='word_1_614' title='bbox 3225 4024 3287 4081; x_wconf 90' lang='lat' dir='ltr'><strong>in</strong></span> <span class='ocrx_word' id='word_1_615' title='bbox 3317 4024 3567 4081; x_wconf 85' lang='lat' dir='ltr'><strong>veritate</strong></span> <span class='ocrx_word' id='word_1_616' title='bbox 3582 4028 3787 4084; x_wconf 80' lang='lat' dir='ltr'><strong>carnis</strong></span> 
     </span>
    </p>
   </div>
   <div class='ocr_carea' id='block_1_88' title="bbox 2116 4112 3789 4173">
    <p class='ocr_par' dir='ltr' id='par_1_88' title="bbox 2116 4112 3789 4173">
     <span class='ocr_line' id='line_1_88' title="bbox 2116 4112 3789 4173; baseline 0.002 -4"><span class='ocrx_word' id='word_1_617' title='bbox 2116 4113 2375 4169; x_wconf 89' lang='lat' dir='ltr'><strong>ostendit</strong></span> <span class='ocrx_word' id='word_1_618' title='bbox 2398 4118 2453 4168; x_wconf 86' lang='lat' dir='ltr'><strong>et</strong></span> <span class='ocrx_word' id='word_1_619' title='bbox 2475 4113 2831 4169; x_wconf 87' lang='lat' dir='ltr'><strong>documenta</strong></span> <span class='ocrx_word' id='word_1_620' title='bbox 2849 4112 3085 4169; x_wconf 88' lang='lat' dir='ltr'><strong>virtutis</strong></span> <span class='ocrx_word' id='word_1_621' title='bbox 3105 4114 3162 4169; x_wconf 89' lang='lat' dir='ltr'><strong>in</strong></span> <span class='ocrx_word' id='word_1_622' title='bbox 3186 4114 3510 4170; x_wconf 83' lang='lat' dir='ltr'><strong>divinitatis</strong></span> <span class='ocrx_word' id='word_1_623' title='bbox 3533 4118 3789 4173; x_wconf 86' lang='lat' dir='ltr'><strong>veritate</strong></span> 
     </span>
    </p>
   </div>
   <div class='ocr_carea' id='block_1_89' title="bbox 2116 4203 3789 4275">
    <p class='ocr_par' dir='ltr' id='par_1_89' title="bbox 2116 4203 3789 4275">
     <span class='ocr_line' id='line_1_89' title="bbox 2116 4203 3789 4275; baseline 0.002 -17"><span class='ocrx_word' id='word_1_624' title='bbox 2116 4203 2505 4271; x_wconf 81' lang='lat' dir='ltr'><strong>monstravit;</strong></span> <span class='ocrx_word' id='word_1_625' title='bbox 2553 4204 2870 4259; x_wconf 90' lang='lat' dir='ltr'><strong>ostendens</strong></span> <span class='ocrx_word' id='word_1_626' title='bbox 2915 4204 3141 4260; x_wconf 87' lang='lat' dir='ltr'><strong>scilicet</strong></span> <span class='ocrx_word' id='word_1_627' title='bbox 3171 4205 3230 4260; x_wconf 91' lang='lat' dir='ltr'><strong>in</strong></span> <span class='ocrx_word' id='word_1_628' title='bbox 3263 4205 3483 4261; x_wconf 90' lang='lat' dir='ltr'><strong>unitate</strong></span> <span class='ocrx_word' id='word_1_629' title='bbox 3514 4222 3789 4275; x_wconf 70' lang='lat' dir='ltr'><strong>personas</strong></span> 
     </span>
    </p>
   </div>
   <div class='ocr_carea' id='block_1_90' title="bbox 2122 4291 3788 4368">
    <p class='ocr_par' dir='ltr' id='par_1_90' title="bbox 2122 4291 3788 4368">
     <span class='ocr_line' id='line_1_90' title="bbox 2122 4291 3788 4368; baseline 0.004 -21"><span class='ocrx_word' id='word_1_630' title='bbox 2122 4291 2278 4347; x_wconf 92' lang='lat' dir='ltr'><strong>aliud</strong></span> <span class='ocrx_word' id='word_1_631' title='bbox 2299 4291 2411 4347; x_wconf 90' lang='lat' dir='ltr'><strong>sibi</strong></span> <span class='ocrx_word' id='word_1_632' title='bbox 2444 4292 2753 4349; x_wconf 88' lang='lat' dir='ltr'><strong>nobiscum</strong></span> <span class='ocrx_word' id='word_1_633' title='bbox 2782 4293 2939 4350; x_wconf 89' lang='lat' dir='ltr'><strong>aliud</strong></span> <span class='ocrx_word' id='word_1_634' title='bbox 2965 4312 3098 4351; x_wconf 92' lang='lat' dir='ltr'><strong>cum</strong></span> <span class='ocrx_word' id='word_1_635' title='bbox 3123 4300 3293 4352; x_wconf 89' lang='lat' dir='ltr'><strong>Patre</strong></span> <span class='ocrx_word' id='word_1_636' title='bbox 3311 4301 3367 4352; x_wconf 93' lang='lat' dir='ltr'><strong>et</strong></span> <span class='ocrx_word' id='word_1_637' title='bbox 3387 4296 3623 4368; x_wconf 83' lang='lat' dir='ltr'><strong>Spiritu</strong></span> <span class='ocrx_word' id='word_1_638' title='bbox 3649 4315 3788 4355; x_wconf 83' lang='lat' dir='ltr'><strong>san-</strong></span> 
     </span>
    </p>
   </div>
   <div class='ocr_carea' id='block_1_91' title="bbox 2115 4382 3789 4446">
    <p class='ocr_par' dir='ltr' id='par_1_91' title="bbox 2115 4382 3789 4446">
     <span class='ocr_line' id='line_1_91' title="bbox 2115 4382 3789 4446; baseline 0.004 -8"><span class='ocrx_word' id='word_1_639' title='bbox 2115 4387 2208 4439; x_wconf 91' lang='lat' dir='ltr'><strong>cto</strong></span> <span class='ocrx_word' id='word_1_640' title='bbox 2231 4382 2583 4439; x_wconf 89' lang='lat' dir='ltr'><strong>naturaliter</strong></span> <span class='ocrx_word' id='word_1_641' title='bbox 2601 4399 2731 4439; x_wconf 89' lang='lat' dir='ltr'><strong>esse</strong></span> <span class='ocrx_word' id='word_1_642' title='bbox 2761 4401 3098 4442; x_wconf 91' lang='lat' dir='ltr'><strong>commune.</strong></span> <span class='ocrx_word' id='word_1_643' title='bbox 3131 4387 3364 4443; x_wconf 89' lang='lat' dir='ltr'><strong>Christo</strong></span> <span class='ocrx_word' id='word_1_644' title='bbox 3384 4387 3545 4443; x_wconf 90' lang='lat' dir='ltr'><strong>enim</strong></span> <span class='ocrx_word' id='word_1_645' title='bbox 3572 4390 3789 4446; x_wconf 88' lang='lat' dir='ltr'><strong>nobis-</strong></span> 
     </span>
    </p>
   </div>
   <div class='ocr_carea' id='block_1_92' title="bbox 2114 4471 3787 4548">
    <p class='ocr_par' dir='ltr' id='par_1_92' title="bbox 2114 4471 3787 4548">
     <span class='ocr_line' id='line_1_92' title="bbox 2114 4471 3787 4548; baseline 0.004 -20"><span class='ocrx_word' id='word_1_646' title='bbox 2114 4489 2246 4528; x_wconf 92' lang='lat' dir='ltr'><strong>cum</strong></span> <span class='ocrx_word' id='word_1_647' title='bbox 2265 4471 2551 4529; x_wconf 89' lang='lat' dir='ltr'><strong>naturalis</strong></span> <span class='ocrx_word' id='word_1_648' title='bbox 2564 4477 2654 4528; x_wconf 89' lang='lat' dir='ltr'><strong>est</strong></span> <span class='ocrx_word' id='word_1_649' title='bbox 2678 4475 3018 4531; x_wconf 90' lang='lat' dir='ltr'><strong>communio</strong></span> <span class='ocrx_word' id='word_1_650' title='bbox 3050 4476 3261 4532; x_wconf 66' lang='lat' dir='ltr'><strong>animae</strong></span> <span class='ocrx_word' id='word_1_651' title='bbox 3280 4481 3339 4531; x_wconf 89' lang='lat' dir='ltr'><strong>et</strong></span> <span class='ocrx_word' id='word_1_652' title='bbox 3354 4477 3555 4533; x_wconf 84' lang='lat' dir='ltr'><strong>carnis</strong></span> <span class='ocrx_word' id='word_1_653' title='bbox 3588 4497 3607 4548; x_wconf 88' lang='lat'><strong>;</strong></span> <span class='ocrx_word' id='word_1_654' title='bbox 3650 4495 3787 4535; x_wconf 87' lang='lat' dir='ltr'><strong>cum</strong></span> 
     </span>
    </p>
   </div>
   <div class='ocr_carea' id='block_1_93' title="bbox 351 4562 3788 4643">
    <p class='ocr_par' dir='ltr' id='par_1_93' title="bbox 351 4562 3788 4643">
     <span class='ocr_line' id='line_1_93' title="bbox 351 4562 3788 4643; baseline 0.002 -26"><span class='ocrx_word' id='word_1_655' title='bbox 351 4568 857 4625; x_wconf 74' lang='lat' dir='ltr'><strong>commutabilitas</strong></span> <span class='ocrx_word' id='word_1_656' title='bbox 882 4575 1097 4626; x_wconf 59' lang='lat' dir='ltr'><strong>eterna</strong></span> <span class='ocrx_word' id='word_1_657' title='bbox 1129 4570 1471 4643; x_wconf 66' lang='lat' dir='ltr'><strong>permansit,</strong></span> <span class='ocrx_word' id='word_1_658' title='bbox 1497 4575 1694 4643; x_wconf 74' lang='lat' dir='ltr'><strong>Neque</strong></span> <span class='ocrx_word' id='word_1_659' title='bbox 1723 4569 1882 4625; x_wconf 81' lang='lat' dir='ltr'><strong>enim</strong></span> <span class='ocrx_word' id='word_1_660' title='bbox 1913 4566 2002 4623; x_wconf 81' lang='lat' dir='ltr'><strong>vel</strong></span> <span class='ocrx_word' id='word_1_661' title='bbox 2035 4562 2080 4628; x_wconf 90' lang='lat' dir='ltr'><strong>D</strong></span> <span class='ocrx_word' id='word_1_662' title='bbox 2115 4563 2283 4618; x_wconf 89' lang='lat' dir='ltr'><strong>Patre</strong></span> <span class='ocrx_word' id='word_1_663' title='bbox 2317 4567 2516 4618; x_wconf 91' lang='lat' dir='ltr'><strong>autem</strong></span> <span class='ocrx_word' id='word_1_664' title='bbox 2541 4562 2883 4634; x_wconf 87' lang='lat' dir='ltr'><strong>Spirituque</strong></span> <span class='ocrx_word' id='word_1_665' title='bbox 2900 4571 3103 4621; x_wconf 85' lang='lat' dir='ltr'><strong>sancto</strong></span> <span class='ocrx_word' id='word_1_666' title='bbox 3124 4566 3411 4622; x_wconf 87' lang='lat' dir='ltr'><strong>naturalis</strong></span> <span class='ocrx_word' id='word_1_667' title='bbox 3438 4569 3603 4623; x_wconf 80' lang='lat' dir='ltr'><strong>estsi</strong></span> <span class='ocrx_word' id='word_1_668' title='bbox 3629 4586 3788 4626; x_wconf 86' lang='lat' dir='ltr'><strong>com-</strong></span> 
     </span>
    </p>
   </div>
   <div class='ocr_carea' id='block_1_94' title="bbox 347 4652 1996 4732">
    <p class='ocr_par' dir='ltr' id='par_1_94' title="bbox 347 4652 1996 4732">
     <span class='ocr_line' id='line_1_94' title="bbox 347 4652 1996 4732; baseline 0.004 -24"><span class='ocrx_word' id='word_1_669' title='bbox 347 4652 721 4709; x_wconf 87' lang='lat' dir='ltr'><strong>imminutum</strong></span> <span class='ocrx_word' id='word_1_670' title='bbox 752 4661 843 4711; x_wconf 92' lang='lat' dir='ltr'><strong>est</strong></span> <span class='ocrx_word' id='word_1_671' title='bbox 871 4658 930 4712; x_wconf 89' lang='lat' dir='ltr'><strong>in</strong></span> <span class='ocrx_word' id='word_1_672' title='bbox 990 4658 1088 4714; x_wconf 91' lang='lat' dir='ltr'><strong>illo</strong></span> <span class='ocrx_word' id='word_1_673' title='bbox 1129 4659 1518 4732; x_wconf 88' lang='lat' dir='ltr'><strong>aliquatenus,</strong></span> <span class='ocrx_word' id='word_1_674' title='bbox 1552 4660 1639 4716; x_wconf 91' lang='lat' dir='ltr'><strong>vel</strong></span> <span class='ocrx_word' id='word_1_675' title='bbox 1681 4664 1996 4727; x_wconf 88' lang='lat' dir='ltr'><strong>mutatum,</strong></span> 
     </span>
    </p>
   </div>
   <div class='ocr_carea' id='block_1_95' title="bbox 348 4741 1996 4820">
    <p class='ocr_par' dir='ltr' id='par_1_95' title="bbox 348 4741 1996 4820">
     <span class='ocr_line' id='line_1_95' title="bbox 348 4741 1996 4820; baseline 0.005 -25"><span class='ocrx_word' id='word_1_676' title='bbox 348 4741 505 4814; x_wconf 89' lang='lat' dir='ltr'><strong>quod</strong></span> <span class='ocrx_word' id='word_1_677' title='bbox 528 4741 874 4797; x_wconf 89' lang='lat' dir='ltr'><strong>naturaliter</strong></span> <span class='ocrx_word' id='word_1_678' title='bbox 886 4744 1093 4800; x_wconf 86' lang='lat' dir='ltr'><strong>habuit</strong></span> <span class='ocrx_word' id='word_1_679' title='bbox 1123 4747 1182 4802; x_wconf 89' lang='lat' dir='ltr'><strong>in</strong></span> <span class='ocrx_word' id='word_1_680' title='bbox 1202 4750 1655 4820; x_wconf 64' lang='lat' dir='ltr'><strong>aeternitate,per</strong></span> <span class='ocrx_word' id='word_1_681' title='bbox 1676 4747 1823 4804; x_wconf 89' lang='lat' dir='ltr'><strong>illud</strong></span> <span class='ocrx_word' id='word_1_682' title='bbox 1839 4747 1996 4819; x_wconf 86' lang='lat' dir='ltr'><strong>quod</strong></span> 
     </span>
    </p>
   </div>
   <div class='ocr_carea' id='block_1_96' title="bbox 351 4830 1993 4909">
    <p class='ocr_par' dir='ltr' id='par_1_96' title="bbox 351 4830 1993 4909">
     <span class='ocr_line' id='line_1_96' title="bbox 351 4830 1993 4909; baseline 0.004 -22"><span class='ocrx_word' id='word_1_683' title='bbox 351 4830 574 4903; x_wconf 89' lang='lat' dir='ltr'><strong>accepit</strong></span> <span class='ocrx_word' id='word_1_684' title='bbox 593 4845 663 4886; x_wconf 82' lang='lat' dir='ltr'><strong>ex</strong></span> <span class='ocrx_word' id='word_1_685' title='bbox 683 4833 1184 4900; x_wconf 90' lang='lat' dir='ltr'><strong>tempore.Factus</strong></span> <span class='ocrx_word' id='word_1_686' title='bbox 1198 4842 1288 4892; x_wconf 90' lang='lat' dir='ltr'><strong>est</strong></span> <span class='ocrx_word' id='word_1_687' title='bbox 1306 4838 1525 4909; x_wconf 89' lang='lat' dir='ltr'><strong>quippe</strong></span> <span class='ocrx_word' id='word_1_688' title='bbox 1539 4838 1743 4894; x_wconf 89' lang='lat' dir='ltr'><strong>habitu</strong></span> <span class='ocrx_word' id='word_1_689' title='bbox 1768 4854 1993 4906; x_wconf 83' lang='lat' dir='ltr'><strong>servus,</strong></span> 
     </span>
    </p>
   </div>
   <div class='ocr_carea' id='block_1_97' title="bbox 350 4920 2000 4982">
    <p class='ocr_par' dir='ltr' id='par_1_97' title="bbox 350 4920 2000 4982">
     <span class='ocr_line' id='line_1_97' title="bbox 350 4920 2000 4982; baseline 0.002 -5"><span class='ocrx_word' id='word_1_690' title='bbox 350 4920 455 4978; x_wconf 88' lang='lat' dir='ltr'><strong>sed</strong></span> <span class='ocrx_word' id='word_1_691' title='bbox 481 4920 764 4977; x_wconf 88' lang='lat' dir='ltr'><strong>Dominus</strong></span> <span class='ocrx_word' id='word_1_692' title='bbox 775 4934 969 4976; x_wconf 90' lang='lat' dir='ltr'><strong>rerum</strong></span> <span class='ocrx_word' id='word_1_693' title='bbox 985 4922 1252 4978; x_wconf 90' lang='lat' dir='ltr'><strong>omnium</strong></span> <span class='ocrx_word' id='word_1_694' title='bbox 1278 4926 1758 4982; x_wconf 89' lang='lat' dir='ltr'><strong>naturaliteresse</strong></span> <span class='ocrx_word' id='word_1_695' title='bbox 1775 4943 1891 4982; x_wconf 91' lang='lat' dir='ltr'><strong>non</strong></span> <span class='ocrx_word' id='word_1_696' title='bbox 1904 4927 2000 4981; x_wconf 91' lang='lat' dir='ltr'><strong>de-</strong></span> 
     </span>
    </p>
   </div>
   <div class='ocr_carea' id='block_1_98' title="bbox 350 5011 1998 5086">
    <p class='ocr_par' dir='ltr' id='par_1_98' title="bbox 350 5011 1998 5086">
     <span class='ocr_line' id='line_1_98' title="bbox 350 5011 1998 5086; baseline 0.001 -16"><span class='ocrx_word' id='word_1_697' title='bbox 350 5011 595 5070; x_wconf 85' lang='lat' dir='ltr'><strong>stitit.Et</strong></span> <span class='ocrx_word' id='word_1_698' title='bbox 616 5012 811 5069; x_wconf 83' lang='lat' dir='ltr'><strong>factus</strong></span> <span class='ocrx_word' id='word_1_699' title='bbox 825 5016 917 5067; x_wconf 91' lang='lat' dir='ltr'><strong>est</strong></span> <span class='ocrx_word' id='word_1_700' title='bbox 935 5012 1261 5069; x_wconf 88' lang='lat' dir='ltr'><strong>secundum</strong></span> <span class='ocrx_word' id='word_1_701' title='bbox 1275 5029 1509 5070; x_wconf 87' lang='lat' dir='ltr'><strong>carnem</strong></span> <span class='ocrx_word' id='word_1_702' title='bbox 1529 5032 1752 5086; x_wconf 90' lang='lat' dir='ltr'><strong>pauper</strong></span> <span class='ocrx_word' id='word_1_703' title='bbox 1765 5016 1998 5073; x_wconf 89' lang='lat' dir='ltr'><strong>:nihilo-</strong></span> 
     </span>
    </p>
   </div>
   <div class='ocr_carea' id='block_1_99' title="bbox 350 5101 1997 5161">
    <p class='ocr_par' dir='ltr' id='par_1_99' title="bbox 350 5101 1997 5161">
     <span class='ocr_line' id='line_1_99' title="bbox 350 5101 1997 5161; baseline 0.001 -2"><span class='ocrx_word' id='word_1_704' title='bbox 350 5104 757 5160; x_wconf 90' lang='lat' dir='ltr'><strong>minustamen</strong></span> <span class='ocrx_word' id='word_1_705' title='bbox 781 5104 1100 5159; x_wconf 90' lang='lat' dir='ltr'><strong>secundum</strong></span> <span class='ocrx_word' id='word_1_706' title='bbox 1116 5101 1476 5158; x_wconf 85' lang='lat' dir='ltr'><strong>divinitatem</strong></span> <span class='ocrx_word' id='word_1_707' title='bbox 1492 5104 1823 5159; x_wconf 87' lang='lat' dir='ltr'><strong>ditissimus</strong></span> <span class='ocrx_word' id='word_1_708' title='bbox 1837 5122 1997 5161; x_wconf 85' lang='lat' dir='ltr'><strong>man-</strong></span> 
     </span>
    </p>
   </div>
   <div class='ocr_carea' id='block_1_100' title="bbox 348 5191 1994 5265">
    <p class='ocr_par' dir='ltr' id='par_1_100' title="bbox 348 5191 1994 5265">
     <span class='ocr_line' id='line_1_100' title="bbox 348 5191 1994 5265; baseline 0.001 -17"><span class='ocrx_word' id='word_1_709' title='bbox 348 5194 444 5250; x_wconf 89' lang='lat' dir='ltr'><strong>sit.</strong></span> <span class='ocrx_word' id='word_1_710' title='bbox 477 5192 626 5250; x_wconf 82' lang='lat' dir='ltr'><strong>Hinc</strong></span> <span class='ocrx_word' id='word_1_711' title='bbox 668 5197 760 5249; x_wconf 86' lang='lat' dir='ltr'><strong>est</strong></span> <span class='ocrx_word' id='word_1_712' title='bbox 808 5193 965 5265; x_wconf 89' lang='lat' dir='ltr'><strong>quod</strong></span> <span class='ocrx_word' id='word_1_713' title='bbox 1024 5192 1232 5248; x_wconf 88' lang='lat' dir='ltr'><strong>beatus</strong></span> <span class='ocrx_word' id='word_1_714' title='bbox 1288 5191 1602 5263; x_wconf 82' lang='lat' dir='ltr'><strong>Apostolus</strong></span> <span class='ocrx_word' id='word_1_715' title='bbox 1633 5192 1994 5249; x_wconf 88' lang='lat' dir='ltr'><strong>Christianos</strong></span> 
     </span>
    </p>
   </div>
   <div class='ocr_carea' id='block_1_101' title="bbox 347 5280 1995 5357">
    <p class='ocr_par' dir='ltr' id='par_1_101' title="bbox 347 5280 1995 5357">
     <span class='ocr_line' id='line_1_101' title="bbox 347 5280 1995 5357; baseline 0 -19"><span class='ocrx_word' id='word_1_716' title='bbox 347 5282 562 5341; x_wconf 85' lang='lat' dir='ltr'><strong>asserit</strong></span> <span class='ocrx_word' id='word_1_717' title='bbox 574 5286 919 5357; x_wconf 89' lang='lat' dir='ltr'><strong>paupertate</strong></span> <span class='ocrx_word' id='word_1_718' title='bbox 940 5282 1175 5351; x_wconf 86' lang='lat' dir='ltr'><strong>ditatos,</strong></span> <span class='ocrx_word' id='word_1_719' title='bbox 1206 5281 1405 5338; x_wconf 86' lang='lat' dir='ltr'><strong>dicens</strong></span> <span class='ocrx_word' id='word_1_720' title='bbox 1432 5296 1446 5336; x_wconf 91' lang='lat'><strong>:</strong></span> <span class='ocrx_word' id='word_1_721' title='bbox 1477 5280 1655 5337; x_wconf 78' lang='lat' dir='ltr'><strong>Nostis</strong></span> <span class='ocrx_word' id='word_1_722' title='bbox 1679 5280 1866 5350; x_wconf 80' lang='lat' dir='ltr'><strong>gratia</strong></span> <span class='ocrx_word' id='word_1_723' title='bbox 1886 5284 1995 5338; x_wconf 87' lang='lat' dir='ltr'><strong>Do-</strong></span> 
     </span>
    </p>
   </div>
   <div class='ocr_carea' id='block_1_102' title="bbox 348 5372 1998 5446">
    <p class='ocr_par' dir='ltr' id='par_1_102' title="bbox 348 5372 1998 5446">
     <span class='ocr_line' id='line_1_102' title="bbox 348 5372 1998 5446; baseline 0.001 -18"><span class='ocrx_word' id='word_1_724' title='bbox 348 5375 496 5429; x_wconf 79' lang='lat' dir='ltr'><strong>mini</strong></span> <span class='ocrx_word' id='word_1_725' title='bbox 522 5375 702 5429; x_wconf 79' lang='lat' dir='ltr'><strong>nostri</strong></span> <span class='ocrx_word' id='word_1_726' title='bbox 719 5375 845 5430; x_wconf 87' lang='lat' dir='ltr'><strong>Jesu</strong></span> <span class='ocrx_word' id='word_1_727' title='bbox 866 5372 1102 5441; x_wconf 76' lang='lat' dir='ltr'><strong>Christi,</strong></span> <span class='ocrx_word' id='word_1_728' title='bbox 1125 5374 1263 5446; x_wconf 79' lang='lat' dir='ltr'><strong>quia</strong></span> <span class='ocrx_word' id='word_1_729' title='bbox 1292 5376 1514 5445; x_wconf 82' lang='lat' dir='ltr'><strong>propter</strong></span> <span class='ocrx_word' id='word_1_730' title='bbox 1539 5386 1640 5427; x_wconf 79' lang='lat' dir='ltr'><strong>nos</strong></span> <span class='ocrx_word' id='word_1_731' title='bbox 1667 5387 1870 5444; x_wconf 80' lang='lat' dir='ltr'><strong>egenus</strong></span> <span class='ocrx_word' id='word_1_732' title='bbox 1885 5374 1998 5444; x_wconf 82' lang='lat' dir='ltr'><strong>fac—</strong></span> 
     </span>
    </p>
   </div>
   <div class='ocr_carea' id='block_1_103' title="bbox 347 5462 1997 5536">
    <p class='ocr_par' dir='ltr' id='par_1_103' title="bbox 347 5462 1997 5536">
     <span class='ocr_line' id='line_1_103' title="bbox 347 5462 1997 5536; baseline 0.001 -19"><span class='ocrx_word' id='word_1_733' title='bbox 347 5466 435 5517; x_wconf 76' lang='lat' dir='ltr'><strong>tus</strong></span> <span class='ocrx_word' id='word_1_734' title='bbox 464 5468 547 5517; x_wconf 80' lang='lat' dir='ltr'><strong>est</strong></span> <span class='ocrx_word' id='word_1_735' title='bbox 573 5478 697 5518; x_wconf 86' lang='lat' dir='ltr'><strong>cum</strong></span> <span class='ocrx_word' id='word_1_736' title='bbox 719 5466 855 5520; x_wconf 81' lang='lat' dir='ltr'><strong>esset</strong></span> <span class='ocrx_word' id='word_1_737' title='bbox 883 5463 1299 5530; x_wconf 79' lang='lat' dir='ltr'><strong>dives,utiltius</strong></span> <span class='ocrx_word' id='word_1_738' title='bbox 1318 5467 1650 5536; x_wconf 79' lang='lat' dir='ltr'><strong>paupertate</strong></span> <span class='ocrx_word' id='word_1_739' title='bbox 1677 5478 1771 5520; x_wconf 82' lang='lat' dir='ltr'><strong>vos</strong></span> <span class='ocrx_word' id='word_1_740' title='bbox 1801 5462 1997 5520; x_wconf 77' lang='lat' dir='ltr'><strong>divites</strong></span> 
     </span>
    </p>
   </div>
   <div class='ocr_carea' id='block_1_104' title="bbox 348 5551 1999 5627">
    <p class='ocr_par' dir='ltr' id='par_1_104' title="bbox 348 5551 1999 5627">
     <span class='ocr_line' id='line_1_104' title="bbox 348 5551 1999 5627; baseline 0.005 -24"><span class='ocrx_word' id='word_1_741' title='bbox 348 5553 537 5604; x_wconf 77' lang='lat' dir='ltr'><strong>essetis</strong></span> <span class='ocrx_word' id='word_1_742' title='bbox 565 5552 647 5618; x_wconf 82' lang='lat' dir='ltr'><strong>(II</strong></span> <span class='ocrx_word' id='word_1_743' title='bbox 699 5551 821 5607; x_wconf 83' lang='lat' dir='ltr'><strong>Cor.</strong></span> <span class='ocrx_word' id='word_1_744' title='bbox 855 5570 982 5619; x_wconf 85' lang='lat' dir='ltr'><strong>vm,</strong></span> <span class='ocrx_word' id='word_1_745' title='bbox 1010 5554 1085 5623; x_wconf 85' lang='lat'><strong>9).</strong></span> <span class='ocrx_word' id='word_1_746' title='bbox 1128 5557 1243 5610; x_wconf 89' lang='lat' dir='ltr'><strong>Nos</strong></span> <span class='ocrx_word' id='word_1_747' title='bbox 1277 5558 1474 5611; x_wconf 90' lang='lat' dir='ltr'><strong>autem</strong></span> <span class='ocrx_word' id='word_1_748' title='bbox 1502 5553 1713 5611; x_wconf 89' lang='lat' dir='ltr'><strong>divites</strong></span> <span class='ocrx_word' id='word_1_749' title='bbox 1729 5570 1840 5612; x_wconf 91' lang='lat' dir='ltr'><strong>sua</strong></span> <span class='ocrx_word' id='word_1_750' title='bbox 1861 5570 1999 5627; x_wconf 86' lang='lat' dir='ltr'><strong>pau-</strong></span> 
     </span>
    </p>
   </div>
   <div class='ocr_carea' id='block_1_105' title="bbox 346 5637 1998 5716">
    <p class='ocr_par' dir='ltr' id='par_1_105' title="bbox 346 5637 1998 5716">
     <span class='ocr_line' id='line_1_105' title="bbox 346 5637 1998 5716; baseline 0.006 -24"><span class='ocrx_word' id='word_1_751' title='bbox 346 5639 576 5707; x_wconf 75' lang='lat' dir='ltr'><strong>pertate</strong></span> <span class='ocrx_word' id='word_1_752' title='bbox 586 5637 924 5696; x_wconf 83' lang='lat' dir='ltr'><strong>nullatenus</strong></span> <span class='ocrx_word' id='word_1_753' title='bbox 937 5642 1239 5713; x_wconf 81' lang='lat' dir='ltr'><strong>faceret,si</strong></span> <span class='ocrx_word' id='word_1_754' title='bbox 1255 5658 1369 5716; x_wconf 88' lang='lat' dir='ltr'><strong>pau</strong></span> <span class='ocrx_word' id='word_1_755' title='bbox 1376 5654 1478 5716; x_wconf 90' lang='lat' dir='ltr'><strong>per</strong></span> <span class='ocrx_word' id='word_1_756' title='bbox 1490 5644 1688 5704; x_wconf 83' lang='lat' dir='ltr'><strong>factus</strong></span> <span class='ocrx_word' id='word_1_757' title='bbox 1711 5648 1850 5703; x_wconf 81' lang='lat' dir='ltr'><strong>natu</strong></span> <span class='ocrx_word' id='word_1_758' title='bbox 1858 5643 1998 5702; x_wconf 81' lang='lat' dir='ltr'><strong>ralis</strong></span> 
     </span>
    </p>
   </div>
   <div class='ocr_carea' id='block_1_106' title="bbox 418 5763 1050 5838">
    <p class='ocr_par' dir='ltr' id='par_1_106' title="bbox 418 5763 1050 5838">
     <span class='ocr_line' id='line_1_106' title="bbox 418 5763 1050 5838; baseline -0.003 -18"><span class='ocrx_word' id='word_1_759' title='bbox 418 5763 499 5838; x_wconf 84' lang='grc' dir='ltr'><strong>(α)</strong></span> <span class='ocrx_word' id='word_1_760' title='bbox 526 5763 697 5818; x_wconf 83' lang='lat' dir='ltr'><strong>Forte</strong></span> <span class='ocrx_word' id='word_1_761' title='bbox 724 5779 833 5823; x_wconf 78' lang='lat' dir='ltr'><strong>non</strong></span> <span class='ocrx_word' id='word_1_762' title='bbox 853 5766 1050 5837; x_wconf 75' lang='lat' dir='ltr'><strong>potuit.</strong></span> 
     </span>
    </p>
   </div>
   <div class='ocr_carea' id='block_1_107' title="bbox 2112 4651 3784 4726">
    <p class='ocr_par' dir='ltr' id='par_1_107' title="bbox 2112 4651 3784 4726">
     <span class='ocr_line' id='line_1_107' title="bbox 2112 4651 3784 4726; baseline 0.004 -20"><span class='ocrx_word' id='word_1_763' title='bbox 2112 4652 2312 4706; x_wconf 91' lang='lat' dir='ltr'><strong>munio</strong></span> <span class='ocrx_word' id='word_1_764' title='bbox 2335 4651 3091 4726; x_wconf 81' lang='lat' dir='ltr'><strong>deitatis.0uomodoigitur</strong></span> <span class='ocrx_word' id='word_1_765' title='bbox 3109 4671 3239 4726; x_wconf 64' lang='lat' dir='ltr'><strong>qua:</strong></span> <span class='ocrx_word' id='word_1_766' title='bbox 3251 4655 3451 4711; x_wconf 88' lang='lat' dir='ltr'><strong>carnis</strong></span> <span class='ocrx_word' id='word_1_767' title='bbox 3468 4661 3784 4725; x_wconf 89' lang='lat' dir='ltr'><strong>sunt,cum</strong></span> 
     </span>
    </p>
   </div>
   <div class='ocr_carea' id='block_1_108' title="bbox 2106 4741 3788 4811">
    <p class='ocr_par' dir='ltr' id='par_1_108' title="bbox 2106 4741 3788 4811">
     <span class='ocr_line' id='line_1_108' title="bbox 2106 4741 3788 4811; baseline 0.005 -15"><span class='ocrx_word' id='word_1_768' title='bbox 2106 4741 2277 4797; x_wconf 91' lang='lat' dir='ltr'><strong>Patre</strong></span> <span class='ocrx_word' id='word_1_769' title='bbox 2295 4745 2352 4796; x_wconf 89' lang='lat' dir='ltr'><strong>et</strong></span> <span class='ocrx_word' id='word_1_770' title='bbox 2398 4741 2615 4811; x_wconf 83' lang='lat' dir='ltr'><strong>Spiritu</strong></span> <span class='ocrx_word' id='word_1_771' title='bbox 2649 4747 2854 4797; x_wconf 90' lang='lat' dir='ltr'><strong>sancto</strong></span> <span class='ocrx_word' id='word_1_772' title='bbox 2874 4745 3175 4799; x_wconf 90' lang='lat' dir='ltr'><strong>communi</strong></span> <span class='ocrx_word' id='word_1_773' title='bbox 3198 4745 3298 4800; x_wconf 91' lang='lat' dir='ltr'><strong>Dei</strong></span> <span class='ocrx_word' id='word_1_774' title='bbox 3334 4744 3525 4801; x_wconf 88' lang='lat' dir='ltr'><strong>Filius</strong></span> <span class='ocrx_word' id='word_1_775' title='bbox 3565 4748 3788 4805; x_wconf 83' lang='lat' dir='ltr'><strong>habere</strong></span> 
     </span>
    </p>
   </div>
   <div class='ocr_carea' id='block_1_109' title="bbox 2106 4829 3790 4905">
    <p class='ocr_par' dir='ltr' id='par_1_109' title="bbox 2106 4829 3790 4905">
     <span class='ocr_line' id='line_1_109' title="bbox 2106 4829 3790 4905; baseline 0.003 -19"><span class='ocrx_word' id='word_1_776' title='bbox 2106 4829 2507 4905; x_wconf 43' lang='lat' dir='ltr'><strong>potuit(a),.qui</strong></span> <span class='ocrx_word' id='word_1_777' title='bbox 2524 4845 2757 4885; x_wconf 89' lang='lat' dir='ltr'><strong>carnem</strong></span> <span class='ocrx_word' id='word_1_778' title='bbox 2772 4846 2936 4886; x_wconf 89' lang='lat' dir='ltr'><strong>suam</strong></span> <span class='ocrx_word' id='word_1_779' title='bbox 2952 4831 3289 4888; x_wconf 89' lang='lat' dir='ltr'><strong>nullatenus</strong></span> <span class='ocrx_word' id='word_1_780' title='bbox 3303 4849 3437 4890; x_wconf 91' lang='lat' dir='ltr'><strong>cum</strong></span> <span class='ocrx_word' id='word_1_781' title='bbox 3453 4837 3790 4893; x_wconf 88' lang='lat' dir='ltr'><strong>suadivini-</strong></span> 
     </span>
    </p>
   </div>
   <div class='ocr_carea' id='block_1_110' title="bbox 2104 4918 3787 4999">
    <p class='ocr_par' dir='ltr' id='par_1_110' title="bbox 2104 4918 3787 4999">
     <span class='ocr_line' id='line_1_110' title="bbox 2104 4918 3787 4999; baseline 0.005 -25"><span class='ocrx_word' id='word_1_782' title='bbox 2104 4924 2223 4974; x_wconf 86' lang='lat' dir='ltr'><strong>tate</strong></span> <span class='ocrx_word' id='word_1_783' title='bbox 2236 4918 2649 4974; x_wconf 81' lang='lat' dir='ltr'><strong>confunditzita</strong></span> <span class='ocrx_word' id='word_1_784' title='bbox 2660 4936 2763 4974; x_wconf 92' lang='lat' dir='ltr'><strong>non</strong></span> <span class='ocrx_word' id='word_1_785' title='bbox 2780 4922 3123 4992; x_wconf 67' lang='lat' dir='ltr'><strong>prmjudicat</strong></span> <span class='ocrx_word' id='word_1_786' title='bbox 3136 4923 3433 4979; x_wconf 71' lang='lat' dir='ltr'><strong>catholica:</strong></span> <span class='ocrx_word' id='word_1_787' title='bbox 3448 4925 3787 4999; x_wconf 84' lang='lat' dir='ltr'><strong>ﬁdei,quod</strong></span> 
     </span>
    </p>
   </div>
   <div class='ocr_carea' id='block_1_111' title="bbox 2105 5009 3792 5083">
    <p class='ocr_par' dir='ltr' id='par_1_111' title="bbox 2105 5009 3792 5083">
     <span class='ocr_line' id='line_1_111' title="bbox 2105 5009 3792 5083; baseline 0.004 -20"><span class='ocrx_word' id='word_1_788' title='bbox 2105 5009 2400 5064; x_wconf 90' lang='lat' dir='ltr'><strong>credimus</strong></span> <span class='ocrx_word' id='word_1_789' title='bbox 2416 5014 2667 5064; x_wconf 89' lang='lat' dir='ltr'><strong>nostram</strong></span> <span class='ocrx_word' id='word_1_790' title='bbox 2684 5014 2950 5066; x_wconf 88' lang='lat' dir='ltr'><strong>naturam</strong></span> <span class='ocrx_word' id='word_1_791' title='bbox 2965 5010 3021 5065; x_wconf 90' lang='lat' dir='ltr'><strong>in</strong></span> <span class='ocrx_word' id='word_1_792' title='bbox 3041 5011 3263 5067; x_wconf 89' lang='lat' dir='ltr'><strong>unitate</strong></span> <span class='ocrx_word' id='word_1_793' title='bbox 3278 5029 3540 5083; x_wconf 54' lang='lat' dir='ltr'><strong>persons</strong></span> <span class='ocrx_word' id='word_1_794' title='bbox 3558 5018 3640 5070; x_wconf 87' lang='lat' dir='ltr'><strong>ab</strong></span> <span class='ocrx_word' id='word_1_795' title='bbox 3662 5016 3792 5071; x_wconf 86' lang='lat' dir='ltr'><strong>uni-</strong></span> 
     </span>
    </p>
   </div>
   <div class='ocr_carea' id='block_1_112' title="bbox 2103 5097 3788 5170">
    <p class='ocr_par' dir='ltr' id='par_1_112' title="bbox 2103 5097 3788 5170">
     <span class='ocr_line' id='line_1_112' title="bbox 2103 5097 3788 5170; baseline 0.005 -17"><span class='ocrx_word' id='word_1_796' title='bbox 2103 5097 3368 5170; x_wconf 82' lang='lat' dir='ltr'><strong>genitoSalvatoresusceptam,cumfateamu</strong></span> <span class='ocrx_word' id='word_1_797' title='bbox 3384 5117 3603 5159; x_wconf 84' lang='lat' dir='ltr'><strong>ranam</strong></span> <span class='ocrx_word' id='word_1_798' title='bbox 3620 5121 3788 5161; x_wconf 83' lang='lat' dir='ltr'><strong>sanc-</strong></span> 
     </span>
    </p>
   </div>
   <div class='ocr_carea' id='block_1_113' title="bbox 2104 5186 3793 5264">
    <p class='ocr_par' dir='ltr' id='par_1_113' title="bbox 2104 5186 3793 5264">
     <span class='ocr_line' id='line_1_113' title="bbox 2104 5186 3793 5264; baseline 0.004 -21"><span class='ocrx_word' id='word_1_799' title='bbox 2104 5192 2176 5243; x_wconf 71' lang='grc' dir='ltr'><strong>ιω</strong></span> <span class='ocrx_word' id='word_1_800' title='bbox 2194 5186 2497 5243; x_wconf 88' lang='lat' dir='ltr'><strong>Trinitatis</strong></span> <span class='ocrx_word' id='word_1_801' title='bbox 2519 5203 2753 5243; x_wconf 89' lang='lat' dir='ltr'><strong>manere</strong></span> <span class='ocrx_word' id='word_1_802' title='bbox 2780 5189 3204 5245; x_wconf 86' lang='lat' dir='ltr'><strong>substantiam.</strong></span> <span class='ocrx_word' id='word_1_803' title='bbox 3242 5189 3409 5245; x_wconf 88' lang='lat' dir='ltr'><strong>Illam</strong></span> <span class='ocrx_word' id='word_1_804' title='bbox 3429 5191 3661 5264; x_wconf 88' lang='lat' dir='ltr'><strong>quippe</strong></span> <span class='ocrx_word' id='word_1_805' title='bbox 3688 5194 3793 5254; x_wconf 90' lang='lat' dir='ltr'><strong>hu.</strong></span> 
     </span>
    </p>
   </div>
   <div class='ocr_carea' id='block_1_114' title="bbox 2105 5275 3780 5349">
    <p class='ocr_par' dir='ltr' id='par_1_114' title="bbox 2105 5275 3780 5349">
     <span class='ocr_line' id='line_1_114' title="bbox 2105 5275 3780 5349; baseline 0.004 -15"><span class='ocrx_word' id='word_1_806' title='bbox 2105 5276 2450 5334; x_wconf 86' lang='lat' dir='ltr'><strong>manitatem</strong></span> <span class='ocrx_word' id='word_1_807' title='bbox 2473 5275 2600 5331; x_wconf 86' lang='lat' dir='ltr'><strong>Filii</strong></span> <span class='ocrx_word' id='word_1_808' title='bbox 2622 5280 2743 5333; x_wconf 88' lang='lat' dir='ltr'><strong>tota</strong></span> <span class='ocrx_word' id='word_1_809' title='bbox 2756 5278 3012 5335; x_wconf 86' lang='lat' dir='ltr'><strong>Trinitas</strong></span> <span class='ocrx_word' id='word_1_810' title='bbox 3026 5278 3182 5349; x_wconf 87' lang='lat' dir='ltr'><strong>fecit,</strong></span> <span class='ocrx_word' id='word_1_811' title='bbox 3214 5280 3314 5336; x_wconf 91' lang='lat' dir='ltr'><strong>sed</strong></span> <span class='ocrx_word' id='word_1_812' title='bbox 3330 5295 3448 5336; x_wconf 92' lang='lat' dir='ltr'><strong>non</strong></span> <span class='ocrx_word' id='word_1_813' title='bbox 3473 5280 3638 5338; x_wconf 88' lang='lat' dir='ltr'><strong>sicut</strong></span> <span class='ocrx_word' id='word_1_814' title='bbox 3656 5288 3780 5340; x_wconf 89' lang='lat' dir='ltr'><strong>tota</strong></span> 
     </span>
    </p>
   </div>
   <div class='ocr_carea' id='block_1_115' title="bbox 2103 5365 3786 5445">
    <p class='ocr_par' dir='ltr' id='par_1_115' title="bbox 2103 5365 3786 5445">
     <span class='ocr_line' id='line_1_115' title="bbox 2103 5365 3786 5445; baseline 0.002 -22"><span class='ocrx_word' id='word_1_815' title='bbox 2103 5367 2363 5423; x_wconf 89' lang='lat' dir='ltr'><strong>Trinitas</strong></span> <span class='ocrx_word' id='word_1_816' title='bbox 2387 5365 2542 5437; x_wconf 89' lang='lat' dir='ltr'><strong>fecit,</strong></span> <span class='ocrx_word' id='word_1_817' title='bbox 2566 5365 2648 5423; x_wconf 88' lang='lat' dir='ltr'><strong>sic</strong></span> <span class='ocrx_word' id='word_1_818' title='bbox 2688 5367 2948 5424; x_wconf 90' lang='lat' dir='ltr'><strong>Trinitas</strong></span> <span class='ocrx_word' id='word_1_819' title='bbox 2989 5373 3112 5425; x_wconf 91' lang='lat' dir='ltr'><strong>tota</strong></span> <span class='ocrx_word' id='word_1_820' title='bbox 3133 5370 3426 5441; x_wconf 89' lang='lat' dir='ltr'><strong>suscepit,</strong></span> <span class='ocrx_word' id='word_1_821' title='bbox 3474 5372 3624 5443; x_wconf 85' lang='lat' dir='ltr'><strong>quia</strong></span> <span class='ocrx_word' id='word_1_822' title='bbox 3656 5390 3786 5445; x_wconf 86' lang='lat' dir='ltr'><strong>per-</strong></span> 
     </span>
    </p>
   </div>
   <div class='ocr_carea' id='block_1_116' title="bbox 2105 5456 3778 5531">
    <p class='ocr_par' dir='ltr' id='par_1_116' title="bbox 2105 5456 3778 5531">
     <span class='ocr_line' id='line_1_116' title="bbox 2105 5456 3778 5531; baseline 0.004 -18"><span class='ocrx_word' id='word_1_823' title='bbox 2105 5473 2271 5521; x_wconf 91' lang='lat' dir='ltr'><strong>sona,</strong></span> <span class='ocrx_word' id='word_1_824' title='bbox 2297 5472 2424 5527; x_wconf 69' lang='lat' dir='ltr'><strong>quae</strong></span> <span class='ocrx_word' id='word_1_825' title='bbox 2452 5472 2568 5513; x_wconf 89' lang='lat' dir='ltr'><strong>non</strong></span> <span class='ocrx_word' id='word_1_826' title='bbox 2591 5460 2679 5513; x_wconf 85' lang='lat' dir='ltr'><strong>est</strong></span> <span class='ocrx_word' id='word_1_827' title='bbox 2719 5456 2864 5514; x_wconf 89' lang='lat' dir='ltr'><strong>Filio</strong></span> <span class='ocrx_word' id='word_1_828' title='bbox 2885 5472 3017 5515; x_wconf 92' lang='lat' dir='ltr'><strong>cum</strong></span> <span class='ocrx_word' id='word_1_829' title='bbox 3032 5462 3203 5515; x_wconf 89' lang='lat' dir='ltr'><strong>Patre</strong></span> <span class='ocrx_word' id='word_1_830' title='bbox 3226 5464 3282 5514; x_wconf 90' lang='lat' dir='ltr'><strong>et</strong></span> <span class='ocrx_word' id='word_1_831' title='bbox 3313 5458 3541 5531; x_wconf 87' lang='lat' dir='ltr'><strong>Spiritu</strong></span> <span class='ocrx_word' id='word_1_832' title='bbox 3564 5472 3778 5519; x_wconf 85' lang='lat' dir='ltr'><strong>sancto</strong></span> 
     </span>
    </p>
   </div>
   <div class='ocr_carea' id='block_1_117' title="bbox 2106 5544 3780 5617">
    <p class='ocr_par' dir='ltr' id='par_1_117' title="bbox 2106 5544 3780 5617">
     <span class='ocr_line' id='line_1_117' title="bbox 2106 5544 3780 5617; baseline 0.004 -15"><span class='ocrx_word' id='word_1_833' title='bbox 2106 5544 2598 5617; x_wconf 86' lang='lat' dir='ltr'><strong>cemmunis,ipsa</strong></span> <span class='ocrx_word' id='word_1_834' title='bbox 2614 5546 2673 5601; x_wconf 91' lang='lat' dir='ltr'><strong>in</strong></span> <span class='ocrx_word' id='word_1_835' title='bbox 2697 5545 2925 5603; x_wconf 84' lang='lat' dir='ltr'><strong>Christo</strong></span> <span class='ocrx_word' id='word_1_836' title='bbox 2950 5564 3069 5604; x_wconf 92' lang='lat' dir='ltr'><strong>una</strong></span> <span class='ocrx_word' id='word_1_837' title='bbox 3099 5552 3188 5604; x_wconf 89' lang='lat' dir='ltr'><strong>est</strong></span> <span class='ocrx_word' id='word_1_838' title='bbox 3209 5547 3540 5606; x_wconf 84' lang='lat' dir='ltr'><strong>divinitatis</strong></span> <span class='ocrx_word' id='word_1_839' title='bbox 3560 5555 3629 5607; x_wconf 88' lang='lat' dir='ltr'><strong>et</strong></span> <span class='ocrx_word' id='word_1_840' title='bbox 3646 5568 3780 5608; x_wconf 87' lang='lat' dir='ltr'><strong>car-</strong></span> 
     </span>
    </p>
   </div>
   <div class='ocr_carea' id='block_1_118' title="bbox 2105 5632 3877 5710">
    <p class='ocr_par' dir='ltr' id='par_1_118' title="bbox 2105 5632 3877 5710">
     <span class='ocr_line' id='line_1_118' title="bbox 2105 5632 3877 5710; baseline 0.002 -17"><span class='ocrx_word' id='word_1_841' title='bbox 2105 5632 2351 5697; x_wconf 58' lang='lat' dir='ltr'><strong>nis.Ubi&#39;</strong></span> <span class='ocrx_word' id='word_1_842' title='bbox 2364 5639 2562 5695; x_wconf 81' lang='lat' dir='ltr'><strong>autem</strong></span> <span class='ocrx_word' id='word_1_843' title='bbox 2585 5636 2707 5695; x_wconf 75' lang='lat' dir='ltr'><strong>sive</strong></span> <span class='ocrx_word' id='word_1_844' title='bbox 2729 5637 3265 5710; x_wconf 83' lang='lat' dir='ltr'><strong>personarum,sive</strong></span> <span class='ocrx_word' id='word_1_845' title='bbox 3283 5639 3776 5700; x_wconf 78' lang='lat' dir='ltr'><strong>substantiamm</strong></span> <span class='ocrx_word' id='word_1_846' title='bbox 3876 5650 3877 5673; x_wconf 71' lang='grc' dir='ltr'><strong>ί</strong></span> 
     </span>
    </p>
   </div>
  </div>
