3878 6328
132 396 220 459 529
1067 396 1170 456 DE
1215 392 1693 456 REMISSIONE
1732 388 2255 453 PECCATORUM
2297 392 2444 453 LIB.
2490 395 2543 455 Ι.
3404 404 3524 465 530

136 528 262 596 chus,
282 524 584 581 mortifero
610 528 933 597 superatus
958 525 1217 593 fastidio,
1247 526 1444 582 inedia
1468 522 1656 595 magis
1680 522 1765 576 in-
1792 522 1846 588 Α
1876 530 1927 577 et
1956 523 2238 593 laetitiam,
2268 524 2686 581 etexsultabunt
2715 525 3326 596 ossahumitiata(Psal.
3345 535 3516 603 L,10).

131 617 314 673 venitur
341 616 631 672 delectari
662 633 844 688 quam
875 616 1033 683 cibo,-
1063 622 1120 672 et
1149 617 1222 672 ob
1256 616 1367 673 hoc
1394 616 1616 671 frustra
1647 610 1763 667 sibi
1871 611 1995 667 Alio
2019 612 2141 669 loco
2166 615 2443 685 majestas
2477 617 2605 687 ipsa
2630 615 2715 672 sic
2743 616 3035 688 loquitur:
3056 619 3230 691 Super
3249 638 3408 692 quem
3430 639 3512 679 re-

132 706 462 763 medicinales
480 706 730 763 divitias
749 707 1048 779 appositas
1062 711 1340 775 cernunt;
1358 721 1502 776 quas
1520 704 1659 758 dum
1677 717 1763 756 re-
1869 703 2101 772 quiescet
2128 704 2372 776 Spiritus
2395 723 2565 772 meus,
2581 707 2698 763 nisi
2712 724 2869 779 super
2883 708 3149 766 humilem
3170 716 3223 765 et
3240 712 3514 781 quietum,

131 806 293 855 cusant
313 799 758 871 percipere,nec
784 799 1013 854 virtutis
1037 799 1261 869 aliquid
1282 798 1442 863 inde,
1471 811 1576 851 nec
1600 793 1757 849 sani-
1866 795 1918 845 et
1946 795 2266 850 trementem
2294 797 2458 852 verba
2488 814 2605 853 mea
2637 799 2787 869 (Isai.
2822 818 2969 867 va1,
3001 801 3096 872 2)?
3116 801 3228 856 Nec
3251 818 3384 857 vero
3407 802 3515 858 ists

130 892 235 947 tatis
264 890 605 961 acquirunt;
641 894 822 959 atque
851 891 909 944 in
942 890 1116 943 domo
1150 887 1360 943 medici
1409 888 1754 958 spernentes
1864 882 2118 951 Spiritus
2148 884 2248 939 Dei
2280 886 2364 940 sic
2396 903 2573 958 super
2606 888 2887 945 humilem
2918 895 2975 945 et
2996 890 3260 961 quietum
3286 892 3513 964 requie-

128 980 603 1037 oblatummedelas
618 978 909 1050 spiritalis
924 979 1036 1034 sibi
1056 977 1489 1047 antidotum,ad
1507 976 1754 1031 hoccum
1863 970 1992 1037 scit,
2028 977 2091 1026 ut
2121 990 2235 1028 non
2270 974 2396 1045 ipse
2427 977 2687 1047 quietum
2722 978 3126 1051 humilemque
3166 980 3357 1047 faciat,
3411 981 3513 1037 sed

124 1072 527 1127 inﬁrmitatibus
551 1069 682 1125 suis
709 1069 952 1137 intrant,
977 1074 1043 1124 ut
1066 1069 1325 1125 deterius
1350 1064 1570 1122 inﬁrmi
1596 1080 1751 1120 recc.
1861 1064 2137 1131 taDQUam
2152 1062 2435 1120 humilem
2451 1067 2831 1139 quietumque
2846 1068 3510 1142 requieturusinveniat.

124 1162 259 1215 dant.
280 1161 490 1227 Quibus
515 1165 720 1216 tamen
744 1164 955 1231 potens
971 1163 1062 1215 est
1084 1158 1367 1214 Dominus
1384 1153 1543 1211 verbi
1562 1152 1747 1225 sui(a)
1855 1150 1921 1201 In
1954 1164 2018 1205 eo
2051 1151 2266 1223 quippe
2296 1170 2475 1226 super
2503 1154 2787 1213 humilem
2820 1167 2873 1213 et
2917 1159 3181 1229 quietum
3233 1159 3513 1231 dignatur

123 1250 528 1306 delectationem
566 1250 1084 1321 cognitionemque
1116 1247 1339 1319 largiri,
1373 1250 1438 1302 ut
1459 1246 1743 1300 bonorum
1854 1238 2240 1309 requiescere,
2258 1242 2396 1313 quia
2413 1261 2592 1316 super
2608 1262 2782 1317 quem
2811 1247 3433 1320 requiescit,quietum
3452 1253 3509 1305 et

121 1340 528 1395 ίηῇιωωθηιυτ
548 1338 857 1411 exemplis.
885 1338 1107 1404 Quibus
1127 1334 1411 1393 admoniti
1444 1332 1741 1406 negligen-
1853 1324 2135 1384 humilem
2171 1330 2329 1386 facit.
2366 1333 2479 1388 Hoc
2502 1350 2639 1406 ergo
2664 1335 2918 1407 Spiritus
2944 1340 3188 1393 sanctus
3205 1342 3503 1410 operatur,

125 1432 230 1485 liam
243 1446 353 1485 sua
365 1428 771 1485 cunctationis
793 1428 1158 1499 abjiciant,et
1170 1427 1437 1482 effectum
1453 1423 1663 1479 salutis
1678 1421 1739 1476 in
1852 1420 1915 1470 ut
1933 1418 2135 1474 vitium
2151 1422 2437 1493 superbiae
2451 1428 2626 1495 atque
2641 1425 3069 1497 inquietudinis
3087 1427 3159 1482 ab
3183 1426 3425 1483 homine
3440 1427 3501 1483 in

124 1516 1177 1590 ipsiusmedicisalubribusprazceptis
1201 1518 1492 1587 quarant:
1518 1516 1582 1567 ut
1602 1528 1735 1567 cum
1848 1522 1964 1577 quo
1998 1510 2334 1582 requiescit,
2367 1514 2647 1585 expellat;
2681 1533 2747 1572 ac
2778 1518 2861 1572 sic
2894 1518 3280 1589 praeveniente
3310 1517 3503 1575 sancti

123 1608 195 1663 his
210 1611 309 1680 qui,
326 1612 774 1681 perscrutantes
791 1606 1132 1663 testimonia
1146 1604 1397 1674 Domini,
1414 1602 1735 1674 exquirunt
1846 1596 1999 1653 362
2018 1599 2273 1670 Spiritus
2296 1604 2653 1673 operatione,
2670 1604 2928 1662 hominis
2948 1608 3315 1664 voluntatem
3331 1608 3503 1664 mise-

121 1713 244 1767 eum,
272 1700 377 1771 ipsi
413 1716 647 1771 quoque
672 1716 777 1771 pro
798 1697 987 1755 salute
1013 1715 1119 1753 sua
1141 1714 1257 1753 non
1276 1695 1560 1751 desistant
1582 1710 1735 1766 quaa-

118 1804 217 1844 rers
242 1789 387 1861 quod
417 1789 610 1861 possit
638 1806 672 1844 a
702 1786 1097 1861 querentibus
1127 1783 1395 1841 inveniri.

637 1897 784 1952 80]
820 1895 1053 1954 CAPUT
1085 1894 1156 1950 ΙΙ.

177 2002 404 2075 Epistola
433 2003 638 2075 itaque
670 2019 845 2075 quam
878 2002 1024 2058 mihi
1058 2001 1293 2068 misisti,
1318 1999 1452 2057 licet
1472 2000 1542 2055 de
1564 1997 1735 2081 corde

117 2096 203 2147 tuo
228 2109 328 2148 non
361 2092 589 2164 aliquid
622 2093 794 2149 nobis
822 2092 1107 2148 intimarit
1145 2091 1530 2162 incognitum,
1576 2086 1735 2144 cordl

114 2186 273 2236 tamen
305 2188 507 2238 nostro
539 2199 823 2256 magnum
855 2183 1283 2239 incrementum
1316 2179 1527 2236 laetitias
1549 2178 1607 2233 in
1632 2177 1738 2232 Do-

108 2271 241 2327 mino
252 2273 937 2345 subrogavit.Cognitum
953 2272 1170 2345 quippe
1182 2271 1351 2327 nobis
1365 2268 1736 2337 est,divinam

102 2360 149 2415 in
170 2368 216 2418 te
236 2363 487 2435 gratiam
515 2364 972 2420 misericorditer
996 2363 1311 2436 aperari,te
1332 2378 1481 2433 saepe
1502 2377 1568 2415 ac
1590 2358 1738 2414 mul-

100 2456 205 2507 tum
222 2453 284 2509 de
298 2454 649 2511 remissione
665 2459 1032 2525 peccatorum
1049 2452 1733 2524 cogitare.Verumtamen

98 2542 213 2599 ideo
227 2550 483 2601 nostram
510 2546 631 2600 dixi
656 2546 906 2602 crevisse
929 2544 1210 2613 laetitiam,
1227 2546 1365 2615 quia
1386 2541 1468 2598 sic
1490 2536 1736 2610 adipisci

94 2633 487 2690 remissionem
520 2640 892 2707 peccatorum
925 2634 1241 2703 desideras,
1266 2638 1331 2688 ut
1351 2632 1615 2702 ejusdem
1648 2645 1733 2683 re-

91 2724 393 2779 missionis
404 2726 667 2780 effectum
687 2725 1026 2797 frequenter
1040 2741 1106 2780 ac
1119 2719 1732 2796 vigilanterinquiras.

88 2812 246 2867 Dicis
270 2812 451 2884 igitur
471 2814 610 2869 inter
628 2831 731 2869 vos
758 2818 955 2870 natam
981 2830 1111 2870 esse
1133 2814 1538 2886 quaestionem,
1557 2824 1733 2879 quam

88 2901 223 2957 licet
255 2903 385 2975 ipse
424 2902 663 2972 recolas,
706 2903 888 2959 malui
923 2910 1118 2961 tamen
1166 2903 1344 2960 verba
1391 2918 1517 2973 quis
1544 2902 1603 2955 in
1635 2903 1732 2953 tua

89 2992 461 3048 continentur
480 2993 889 3067 epistola,ipso
912 3010 1025 3064 quo
1047 3012 1079 3049 a
1101 2998 1157 3049 te
1179 2995 1529 3050 sunttenore
1545 2988 1734 3062 posita

92 3080 215 3135 huic
248 3082 531 3153 opusculo
560 3082 843 3139 inserere:
878 3087 940 3138 ut
972 3100 1085 3139 non
1110 3082 1300 3139 solum
1324 3086 1387 3137 tu
1410 3097 1476 3136 ex
1500 3079 1734 3151 propria

94 3170 397 3228 dictatione
428 3188 836 3246 recognoscas,
862 3174 962 3229 sed
990 3175 1164 3229 etiam
1189 3171 1461 3244 quisquis
1485 3169 1635 3226 alius
1655 3168 1731 3225 le-

95 3260 245 3330 gerit,
276 3263 419 3317 dum
448 3263 807 3333 cognitionis
830 3263 1301 3335 percunctatione
1324 3260 1627 3327 imbuitur,
1652 3259 1721 3315 ad
1756 3258 1798 3326 C

94 3347 523 3423 intelligentiam
558 3353 959 3424 responsionis
990 3352 1357 3409 commodius
1380 3353 1725 3406 instruatur.

96 3437 300 3499 Quaeris
330 3442 530 3513 itaque
560 3445 753 3497 utrum
782 3459 971 3499 rerum
1003 3443 1246 3498 conditor
1264 3442 1525 3497 Dominus
1545 3440 1605 3494 in
1626 3440 1728 3495 hoc

88 3530 279 3585 saeculo
295 3531 669 3587 tantummodo
682 3532 887 3602 quibus
909 3533 1141 3588 voluerit
1154 3534 1374 3603 peccata
1397 3530 1647 3598 dimittit,
1674 3536 1729 3585 et

90 3615 163 3671 sic
190 3620 257 3689 (b)
280 3620 410 3677 hinc
436 3621 731 3693 quisquam
750 3622 957 3678 solutus
976 3631 1155 3689 exeat;
1180 3640 1249 3677 an
1270 3638 1368 3693 per
1379 3622 1726 3692 omnipoten-

92 3710 214 3763 tiam
242 3726 397 3767 suam
428 3712 627 3784 quibus
661 3713 723 3766 in
768 3712 974 3769 saeculo
1018 3710 1283 3783 praesenti
1326 3728 1439 3767 non
1489 3710 1721 3781 dimisit,

92 3801 399 3856 exeuntibus
427 3801 732 3873 decorpore
754 3806 881 3857 ante
893 3801 1039 3857 diem
1056 3801 1263 3867 iudicii
1279 3806 1506 3872 peccata
1525 3800 1719 3857 dimit-

92 3888 173 3956 tat,
204 3890 285 3944 vel
315 3893 370 3946 in
391 3892 577 3947 eodem
605 3891 693 3947 die
715 3893 901 3962 futuri
921 3891 1135 3947 saeculi.
1162 3891 1291 3947 Haec
1316 3906 1525 3963 nempe
1550 3890 1723 3945 verba

97 3990 205 4045 quae
235 3981 397 4049 posui
430 3981 756 4038 recordaris
798 3981 1055 4054 profecto
1086 3981 1227 4048 tuis,
1278 3985 1343 4036 ut
1382 3981 1505 4051 jam
1554 3980 1717 4049 dixit,

92 4068 381 4125 contineri.

714 4178 949 4235 CAPUT
981 4179 1076 4235 III.

139 4282 199 4337 In
250 4284 429 4356 hujus
475 4285 848 4342 absolutione
915 4284 1259 4358 quaestionis
1308 4284 1569 4356 ﬂagitare
1616 4300 1717 4341 vos

82 4369 232 4428 video
264 4374 570 4446 parvitatis
606 4380 821 4431 nostra:
856 4376 1231 4431 sententiam.
1266 4374 1515 4431 Proinde
1546 4390 1716 4447 spero

77 4457 125 4514 in
148 4464 521 4521 abundantia
551 4465 835 4521 bonitatis
859 4465 984 4533 Dei,
1008 4483 1125 4536 qua
1146 4466 1229 4521 sic
1254 4470 1345 4521 est
1368 4464 1465 4521 ille
1487 4482 1718 4537 semper

76 4547 249 4622 dives,
287 4558 349 4608 ut
380 4554 586 4611 exinde
609 4560 812 4611 nostra
834 4571 1068 4626 quoque
1095 4555 1281 4627 possit
1303 4554 1478 4610 ditari
1505 4571 1719 4627 paupe-

1842 1687 2148 1743 ricorditer
2180 1690 2556 1759 immutante,
2578 1711 2750 1751 omne
2772 1697 3076 1766 prateritae
3098 1698 3369 1753 humana:
3391 1697 3499 1753 ini-

1840 1776 2085 1846 quitatis
2109 1777 2411 1835 vinculum
2435 1782 2619 1852 gratis
2640 1783 2776 1839 data
2797 1784 2982 1841 solvat
3001 1787 3275 1843 remissio
3297 1802 3497 1858 pecca-

1757 1898 1806 1964 Β
1836 1868 2053 1922 torum.

2476 1961 2704 2017 CAPUT
2735 1962 2833 2018 IV.

1910 2047 2035 2102 Non
2060 2047 2259 2119 itaque
2282 2049 2351 2105 de
2372 2065 2432 2104 re
2446 2050 3113 2121 parvadisserimus,nec
3128 2050 3241 2107 vile
3257 2050 3481 2123 aliquid

1838 2134 2317 2206 queerimus,cum
2333 2137 2405 2193 de
2417 2137 2762 2195 remissione
2778 2144 3173 2210 peccatorum,
3189 2148 3479 2214 quantum

1838 2224 2034 2280 divina
2062 2224 2303 2297 largitas
2325 2227 2580 2298 adjuvat,
2606 2228 2998 2300 disputamus.
3023 2235 3131 2286 Per
3148 2231 3294 2287 hanc
3319 2232 3480 2288 enim

1840 2315 1907 2369 de
1923 2320 2209 2387 potestate
2223 2316 2597 2372 tenebrarum
2613 2318 2944 2390 eripiuntur
2961 2336 3109 2391 quos
3126 2325 3278 2377 Deus
3296 2326 3485 2377 trans-

1839 2404 1980 2459 feret
2010 2404 2068 2459 in
2103 2422 2350 2478 regnum
2384 2406 2487 2461 ﬁlii
2521 2406 2852 2464 dilectionis
2884 2426 3001 2464 suis
3032 2409 3227 2479 (Catos.
3279 2428 3318 2479 ι,
3371 2411 3479 2483 13).

1838 2497 1947 2549 Per
1976 2494 2164 2565 ipsam
2199 2496 2293 2565 (at.
2328 2495 2498 2559 hanc)
2529 2495 2857 2553 liberantur
2876 2499 2948 2554 ab
2971 2503 3189 2556 interna
3212 2504 3486 2573 pmna,ut

1839 2583 2144 2654 potiantur
2173 2588 2392 2639 aeterna
2414 2584 2632 2641 laetitia.
2657 2590 2767 2642 Per
2788 2586 2949 2643 illam
2978 2588 3295 2660 deponitur
3315 2606 3483 2657 onus,

1837 2688 1936 2728 seu
1972 2672 2127 2742 quod
2152 2673 2424 2729 nativitas
2447 2674 2656 2732 vitiosa
2672 2676 2869 2745 traxit,
2887 2678 3003 2734 sive
3022 2679 3181 2751 quod
3202 2678 3487 2752 iniquitas

1836 2763 2055 2819 vitiosae
2079 2764 2410 2833 juventutis
2441 2766 2508 2836 (ε)
2536 2766 2768 2837 adjecit.
2802 2767 2908 2825 Per
2936 2784 3063 2825 eam
3097 2769 3363 2827 Christus
3385 2785 3485 2826 eos

1838 2853 1934 2924 qui
1967 2854 2236 2910 laborant
2265 2860 2322 2911 et
2353 2856 2573 2912 onerati
2607 2863 2747 2913 sunt
2775 2860 3076 2917 venientes
3098 2862 3170 2916 ad
3193 2878 3254 2918 se
3274 2860 3483 2931 reﬁcit,

1838 2943 2054 3015 quibus
2070 2944 2199 3001 lene
2215 2945 2314 3017 (ai.
2330 2944 2701 3017 leve)jugum
2724 2950 3025 3020 levemque
3049 2951 3338 3007 sarcinam
3362 2966 3482 3006 suae

1837 3034 2097 3090 caritatis
2126 3033 2377 3107 imponit
2408 3037 2617 3107 (Matth.
2651 3054 2731 3104 xx,
2762 3038 2873 3109 28).
2910 3040 3014 3094 Per
3062 3040 3249 3108 ipsam
3300 3038 3483 3110 gratis

1829 3122 2193 3193 justiﬁcatur
2222 3123 2322 3195 (al.
2352 3125 2791 3197 justiﬁcabitur)
2823 3126 3061 3197 impius,
3094 3130 3161 3181 ut
3179 3130 3485 3198 reputatur

1837 3212 1978 3268 ﬁdes
2010 3213 2140 3284 ejus
2159 3213 2229 3268 ad
2245 3214 2854 3283 justitiam.Perillam
2870 3219 3027 3270 caret
3049 3215 3205 3270 mala
3222 3215 3485 3287 vita,qua

1839 3301 2025 3356 fuerat
2057 3300 2418 3371 implicatus;
2444 3306 2501 3355 et
2522 3302 2731 3373 accipit
2754 3303 2939 3374 gratis
2964 3304 3202 3370 bonam,
3237 3321 3354 3376 qua
3375 3305 3485 3361 fuit

1835 3388 2133 3459 indignus.
2170 3392 2277 3444 Per
2306 3390 2495 3459 ipsam
2528 3389 2593 3444 ﬁt
2616 3395 2680 3445 ut
2703 3390 2760 3445 in
2786 3392 2936 3446 bona
2953 3392 3071 3446 vita
3085 3392 3163 3461 (ά)
3186 3393 3483 3465 deinceps,

1832 3478 1984 3533 dono
1998 3476 2413 3533 misericordiae
2423 3480 2829 3550 prtsvenientis
2842 3480 3203 3537 illuminatus
3216 3481 3485 3550 ambulet,

1832 3572 1891 3625 et
1908 3568 1968 3622 in
1987 3583 2055 3623 ea
2070 3566 2358 3622 deductus
2379 3568 2791 3625 misericordia;
2809 3570 3226 3643 subsequentis
3243 3588 3486 3628 munere

1833 3660 2192 3727 perseveret:
2226 3662 2292 3712 ut
2320 3656 2580 3713 indebita
2608 3659 2796 3731 gratia
2827 3660 2973 3717 bene
3002 3660 3226 3718 vivendi
3259 3662 3483 3719 donum

1829 3746 2066 3802 inchoet
2094 3745 2153 3800 in
2187 3745 2443 3815 homine,
2465 3754 2836 3819 peccatorum
2862 3750 3210 3807 remissione
3230 3752 3479 3823 donata;

1830 3836 1983 3909 quod
2007 3834 2269 3907 perficiat
2292 3838 2703 3907 perseverandi
2718 3838 2933 3897 virtute
2950 3856 3247 3898 concessa.
3273 3842 3377 3898 Per
3396 3857 3481 3897 re-

1831 3925 2173 3982 missionem
2196 3931 2565 3996 peccatorum
2586 3927 2769 4001 gratis
2801 3930 3067 3988 homines
3097 3931 3481 3988 dicernuntur

1830 4015 1905 4071 ab
1937 4014 2055 4070 illis
2084 4014 2181 4085 qui
2215 4014 2636 4074 cruciabuntur
2664 4018 2725 4073 in
2756 4024 3039 4076 aeternum
3063 4036 3199 4077 cum
3220 4021 3476 4090 diabolo,

1828 4110 1887 4161 et
1912 4106 2316 4181 adjunguntur
2335 4107 2810 4181 hisquisineﬂne
2824 4110 3293 4179 regnabuntcum
3324 4110 3493 4166 Chri-

1828 4199 1940 4252 sto.
1971 4197 2271 4256 Postremo
2304 4199 2437 4255 talis
2466 4203 2555 4254 est
2578 4198 2847 4254 remissio
2874 4205 3264 4269 peccatorum,
3291 4204 3356 4254 ut
3375 4217 3479 4271 pro

1826 4284 1956 4356 ipsa
1977 4288 2142 4343 ﬁeret
2158 4288 2334 4345 homo
2351 4286 2704 4359 Unigenitus
2723 4285 2848 4354 Dei,
2869 4302 2973 4358 pro
2992 4287 3122 4358 ipsa
3142 4288 3317 4342 etiam
3345 4304 3481 4342 san-

1827 4375 1960 4448 guis
1990 4377 2119 4445 ejus
2145 4378 2353 4433 fuisset
2377 4377 2825 4432 effusus.Unum
2853 4375 3060 4430 borum
3079 4391 3184 4429 vox
3206 4373 3481 4446 angelica

1826 4465 2071 4521 visionis
2096 4466 2356 4537 aperuit;
2384 4464 2631 4519 alterum
2654 4480 2786 4519 vero
2810 4464 2936 4535 ipse
2960 4463 3248 4520 Dominus
3268 4463 3483 4520 indica-

1823 4554 1927 4609 vit.
1950 4558 2097 4609 Nam
2122 4570 2257 4609 cum
2282 4554 2642 4624 desponsata
2657 4565 2808 4608 esset
2829 4552 3013 4608 Maria
3035 4558 3219 4610 mater
3238 4554 3368 4626 ejus
3392 4556 3482 4611 Jo-

73 4638 198 4707 ries,
224 4647 285 4697 et
314 4660 383 4699 ex
404 4661 519 4716 qua
545 4645 767 4701 cmteris
792 4651 1078 4715 quantum
1101 4643 1226 4699 vult
1246 4643 1329 4700 sic
1352 4644 1552 4710 donat,
1576 4648 1640 4698 ut
1660 4643 1719 4699 in
1752 4630 1798 4694 D
1829 4642 1996 4715 sepb,
2020 4648 2095 4712 et,
2116 4643 2268 4698 sicut
2298 4642 2654 4714 evangelista
2676 4645 2945 4710 testatur,
2973 4642 3314 4715 priusquam
3339 4660 3479 4701 con-

79 4743 131 4783 ea
161 4730 403 4803 plenius
433 4734 559 4806 ipse
590 4738 953 4806 permaneat;
984 4734 1121 4805 quia
1150 4733 1290 4789 talia
1330 4739 1528 4790 nostro
1562 4734 1724 4790 cordi

73 4821 415 4890 spiritaliter
446 4824 790 4895 dignabitur
818 4823 1150 4891 infundere,
1184 4840 1309 4895 quas
1350 4827 1406 4879 et
1436 4823 1606 4879 nobis
1636 4823 1725 4878 di-

74 4923 191 4967 cere
213 4915 427 4985 prosit,
451 4917 508 4969 et
524 4914 691 4969 vobis
716 4913 942 4970 audire.
966 4918 1166 4969 Sermo
1184 4913 1340 4968 enim
1364 4929 1538 4985 quem
1565 4913 1726 4969 vobis

71 4995 110 5053 in
135 5000 241 5058 Dei
258 5003 900 5073 gratiaministramus,
924 5009 1063 5059 tunc
1077 5003 1251 5059 etiam
1269 5003 1439 5059 nobis
1463 5004 1724 5081 prodest,

66 5089 98 5143 si
112 5091 276 5160 quod
291 5092 459 5149 vobis
484 5110 588 5164 pro
611 5094 799 5150 salute
820 5092 994 5149 verbo
1008 5091 1275 5165 styloque
1291 5091 1430 5148 foris
1446 5093 1721 5163 dicimus,

58 5192 163 5235 uos
196 5181 366 5238 intus
398 5182 572 5239 mites
605 5188 663 5239 et
701 5181 962 5238 humiles
1006 5183 1342 5239 audiamus.
1395 5187 1515 5239 Non
1566 5184 1724 5240 enim

44 5265 70 5317 Ῑ
72 5276 285 5327 rustra
308 5273 488 5327 David
512 5273 923 5328 sanctissimus
944 5272 1106 5328 dicit:
1131 5272 1367 5327 Audiam
1389 5272 1519 5344 quid
1541 5274 1727 5343 loqua-

24 5366 137 5418 t’ur
170 5365 241 5418 in
274 5380 367 5419 me
401 5367 671 5420 Dominus
704 5364 844 5419 Deus
876 5363 1050 5434 (Psal.
1078 5379 1306 5429 LXXXIV,
1330 5363 1405 5433 9).
1439 5363 1541 5426 Qui
1565 5362 1726 5419 audi-

14 5448 23 5493 ἷ
56 5472 131 5510 us
173 5454 427 5527 proprie
463 5455 532 5509 ad
569 5452 822 5510 humiles
858 5452 1127 5525 pertinet.
1164 5454 1406 5523 Propter
1428 5452 1582 5523 quod
1611 5452 1722 5508 alio

46 5561 169 5599 ouo
198 5544 368 5601 idem
384 5543 674 5616 propheta
690 5544 833 5600 dicit
849 5561 861 5600 :
880 5542 1256 5599 Audiluimeo
1277 5541 1437 5597 dabis
1457 5542 1724 5612 gaudium

130 5704 204 5849 In}
230 5706 351 5763 Ms.
388 5709 448 5763 et
478 5705 642 5777 editi,
674 5707 829 5761 verbi
854 5706 956 5774 tui,
990 5705 1092 5760 sed
1146 5704 1456 5761 manifesto
1506 5720 1718 5761 errore.

152 5777 177 5829 ὁ
225 5778 419 5848 Rdd.,
452 5785 503 5835 et
531 5782 603 5833 si.

152 5777 194 5848 bl
225 5778 419 5848 Rdd.,
452 5785 503 5835 et
531 5782 603 5833 si.

1832 4731 2121 4799 venirent,
2149 4731 2387 4787 inventa
2416 4735 2571 4787 esset
2602 4730 2662 4786 in
2693 4734 2855 4787 utero
2887 4729 3111 4789 habens
3140 4733 3211 4789 de
3258 4733 3480 4805 Spiritu

1836 4828 2056 4892 sancto,
2088 4820 2484 4893 conceptionis
2515 4819 2674 4877 illius
2704 4836 2886 4878 causa
2930 4823 3215 4880 nescienti
3260 4822 3479 4898 Joseph

1834 4910 1966 4967 istis
1988 4916 2077 4966 est
2099 4911 2291 4967 verbis
2314 4912 2385 4967 ab
2404 4910 2610 4984 angelo
2633 4912 2937 4969 nuntiata:
2960 4914 3161 4986 Joseph
3177 4915 3264 4985 ﬁli
3282 4914 3479 4982 David,

1834 4999 1952 5056 noli
1982 5002 2173 5058 timere
2201 5003 2447 5075 accipere
2487 5002 2723 5059 Mariam
2769 5002 3054 5075 conjugem
3096 5012 3286 5059 tuam:
3338 5002 3481 5074 quod

1836 5093 1985 5147 enim
2016 5091 2076 5147 in
2103 5110 2170 5149 ea
2198 5102 2391 5150 natum
2422 5098 2527 5164 est,
2560 5094 2628 5151 de
2658 5094 2872 5166 Spiritu
2916 5102 3105 5149 sancto
3142 5098 3240 5148 est.
3294 5091 3486 5148 Pariet

1836 5192 2020 5240 autem
2048 5186 2251 5255 ﬁlium,
2277 5193 2331 5241 et
2360 5186 2575 5243 vocabis
2594 5202 2792 5241 nomen
2820 5185 2942 5254 ejus
2969 5187 3175 5241 Jesum.
3199 5185 3313 5253 Ipse
3331 5181 3484 5238 enim

1832 5275 2045 5330 salvum
2071 5278 2236 5346 faciet
2254 5278 2517 5347 papulum
2532 5292 2698 5330 suum
2717 5292 2748 5328 a
2775 5274 3015 5344 peccatis
3040 5288 3232 5326 eorum
3257 5273 3481 5341 (Matth.

1836 5380 1874 5435 ι,
1907 5364 1996 5429 48,
2027 5372 2079 5420 et
2101 5367 2262 5436 seq.).
2296 5366 2441 5430 Quid
2467 5380 2600 5418 vero
2623 5362 2781 5418 aliud
2802 5366 2891 5417 est
2910 5378 2942 5415 a
2965 5360 3217 5430 peccatis
3236 5362 3482 5431 salvere,

1835 5453 1946 5508 nisi
1984 5460 2218 5525 peccata
2238 5454 2529 5508 dimittere
2553 5452 2736 5508 i’Nam
2756 5456 2812 5506 et
2833 5451 2959 5521 ipse
2979 5448 3244 5506 Salvator
3265 5456 3485 5521 noster,

1834 5542 1935 5612 qui
1968 5542 2125 5596 venit
2154 5540 2382 5597 salvum
2420 5543 2608 5596 facere
2637 5540 2789 5611 quod
2823 5537 3068 5611 perierat
3102 5540 3311 5611 (Matth.
3344 5559 3484 5599 xvm

1904 5703 1979 5846 ἑῇ)
1998 5707 2131 5769 Ms.,
2164 5702 2354 5759 vitiose
2372 5704 2626 5761 viventis.

2013 5776 2143 5845 Ms.,
2172 5776 2233 5832 in
2264 5776 2404 5833 bona
2431 5777 2541 5833 via.

2013 5776 2143 5845 Ms.,
2172 5776 2233 5832 in
2264 5776 2404 5833 bona
2431 5777 2541 5833 via.
