3900 6214
343 373 350 382 ~
382 339 498 402 531

1325 329 1417 392 -S.
1465 323 1897 394 FUL‘GEN‘TII
1925 320 2298 387 EPISCOPI
2339 322 2804 386 RUSPENSIS.

3679 325 3796 384 532

389 468 499 542 tl),
534 467 606 524 ob
637 467 748 523 hoc
767 477 838 524 ‘se
865 463 1098 523 venisse
1123 466 1388 535 testatur,
1420 468 1490 520 ut
1514 468 1738 520 vocaret
1776 462 2038 534 peccato-
2067 457 2123 523 Α
2153 457 2556 514 haereticorum
2585 455 2879 514 consortio
2901 471 3088 528 usque
3109 457 3180 511 ad
3207 458 3455 512 mortem
3485 457 3802 512 teneantur

389 573 483 614 res
515 557 575 613 in
605 555 1034 629 paenitentiam.

1050 662 1284 719 CAPUT
1313 661 1381 719 V.

459 771 798 828 Vocationis
813 776 1006 828 autem
1022 771 1201 842 hujus
1217 771 1290 826 ad
1305 769 1706 844 paenitentiam
1728 761 2046 839 principale

392 864 483 920 est
513 863 884 930 beneficium,
920 861 1183 935 gratuita
1209 861 1480 919 remissio
1513 864 1906 934 peccatorum.
1942 854 2049 910 Pro

394 952 680 1026 quaidem
701 955 1054 1025 Redemptor
1067 955 1288 1023 noster,
1305 955 1541 1024 peracto
1562 946 1855 1022 paschalis
1879 960 2051 1000 coena:

397 1041 688 1110 convivio,
721 1042 1072 1114 sanguinem
1105 1059 1281 1098 suum
1316 1041 1580 1098 enuntiat
1610 1035 2052 1095 effundendum.

399 1131 610 1202 Bibile,
640 1131 860 1203 inquit,
893 1148 962 1187 ea:
991 1131 1094 1187 hoc
1123 1148 1328 1187 omnes.
1370 1133 1466 1186 Hic
1510 1134 1589 1186 est
1634 1127 1783 1184 enim
1831 1121 2058 1195 sanguis

400 1239 556 1278 meus
571 1222 708 1278 Novi
726 1221 1076 1290 Testamenti,
1101 1225 1198 1294 qui
1213 1238 1313 1294 pro
1339 1223 1531 1278 multis
1553 1215 1871 1293 eﬂ'undetur
1891 1214 1953 1269 in
1975 1229 2058 1268 re-

403 1312 720 1366 missionem
747 1319 1093 1383 peccatorum
1125 1312 1335 1382 (Matth.
1367 1327 1524 1378 xxvx,
1553 1309 1663 1379 28).
1697 1307 1850 1363 363
1905 1303 2062 1358 Hanc

407 1399 608 1469 igitur,
630 1399 787 1456 sicut
804 1401 1073 1468 arbitror,
1102 1405 1204 1456 aut
1223 1417 1449 1470 omnes,
1468 1403 1570 1453 aut
1591 1413 1736 1470 pene
1755 1394 1943 1449 omnis
1963 1391 2065 1464 qui

411 1487 678 1557 quolibet
711 1489 885 1544 modo
918 1489 1250 1562 appellatur
1282 1489 1611 1545 Christiano
1646 1483 2070 1552 nomine,inve—

411 1577 536 1632 nire
557 1579 882 1648 desiderat;
900 1581 1000 1636 sed
1020 1579 1257 1635 interest
1277 1580 1377 1634 ubi
1404 1579 1678 1652 quisque,
1703 1577 1790 1633 vel
1813 1575 2067 1648 quando,

411 1666 501 1722 vel
538 1667 794 1737 qualiter
837 1673 1078 1742 quaerat.
1112 1669 1308 1740 Neque
1337 1669 1492 1725 enim
1543 1669 1616 1724 ad
1663 1667 2068 1723 remissionem

417 1761 796 1829 peccatorum
818 1757 1030 1831 poterit
1052 1759 1370 1832 pervenire,
1389 1761 1437 1815 si
1462 1759 1594 1831 quis
1617 1762 1720 1822 aut,
1737 1773 1931 1813 veram
1956 1771 2071 1810 non

417 1851 617 1903 teneat
639 1847 837 1914 fidem,
853 1853 955 1904 aut
969 1849 1222 1922 negligat
1236 1850 1401 1905 bonae
1415 1848 1772 1920 operationis
1787 1845 2069 1914 officium,

424 1940 526 1994 aut
557 1944 724 1994 rectae
755 1937 1117 1994 credulitatis
1146 1939 1311 1995 bonae
1358 1937 1683 2010 operationi
1725 1949 2071 1993 concessum

429 2027 712 2084 divinitus
740 2031 974 2101 tempus
1007 2029 1304 2084 mortifera
1336 2032 1777 2100 praoccupatus
1815 2027 2075 2082 vanitate

431 2123 784 2176 contemnat.
815 2119 946 2175 Haec
973 2136 1224 2190 namque
1252 2119 1385 2190 tria,
1419 2118 1478 2173 id
1511 2123 1619 2185 est,
1659 2118 1982 2187 fides,opus
2021 2115 2078 2167 et

447 2227 679 2282 empus,
708 2209 787 2264 ita
809 2215 950 2265 sunt
973 2209 1151 2265 simul
1173 2208 1510 2265 hominibus
1527 2209 1586 2262 in
1605 2208 1727 2263 haec
1743 2207 1860 2262 vita
1877 2219 2076 2260 neces-

431 2298 677 2365 saria,ut
705 2298 751 2352 si
774 2298 868 2354 cui
893 2315 1074 2353 unum
1099 2298 1273 2354 exhis
1293 2297 1548 2354 tribusin
1568 2295 1845 2369 praesenti
1865 2293 2078 2350 saeculo

431 2387 701 2458 defuerit,
734 2375 965 2444 aeternas
995 2388 1123 2444 vitae
1158 2389 1450 2461 particeps
1480 2404 1611 2444 esse
1632 2404 1748 2444 non
1781 2386 1985 2459 possit:
2015 2402 2080 2441 ac

432 2493 535 2549 per
567 2477 673 2533 hoc
707 2495 812 2534 nec
837 2479 1243 2536 remissionem
1269 2485 1642 2552 peccatorum
1669 2483 2082 2549 consequetur,

433 2584 535 2640 per
549 2585 724 2640 quam
740 2571 809 2624 ad
825 2573 1054 2624 aeterna:
1077 2571 1203 2626 vitae
1221 2570 1530 2643 praemium
1555 2567 2081 2644 pervenitur.Quod

437 2673 673 2714 necesse
694 2665 802 2726 est,
829 2658 1078 2716 Domino
1100 2661 1192 2731 adj
1204 2665 1437 2731 uvante,
1460 2661 1790 2717 divinorum
1822 2658 2085 2716 testimo-

443 2748 676 2804 niorum
709 2749 1083 2807 attestatione
1115 2756 1532 2808 monstremus.

1085 2858 1312 2916 CAPUT
1343 2859 1437 2914 VI.

513 2965 946 3024 Prae-omnibus
981 2965 1198 3038 itaque,
1229 2965 1399 3022 nobis
1431 2970 1522 3023 est
1550 2967 1721 3023 firma
1747 2963 2095 3022 credulitate

438 3055 836 3127 retinendum,
855 3055 1294 3114 misericordem
1311 3057 1392 3129 etj
1405 3062 1604 3113 ustum
1628 3073 1756 3114 esse
1777 3055 2092 3112 Dominum

2150 547 2368 616 innexi;
2393 547 2592 604 minus
2615 547 3060 602 considerantes
3086 545 3246 602 illam
3269 545 3595 602 Salvatoris
3619 545 3798 602 nostri

2152 637 2506 693 sententiam
2539 637 2787 693 dicentis
2813 654 2826 691 :
2859 637 2965 705 Qni
2993 652 3080 692 me
3101 638 3377 708 confessus
3405 637 3586 702 fuerit
3623 651 3802 692 coram

2091 771 2100 778 .
2153 727 2472 783 hominibus
2497 727 2794 798 conﬁtebor
2824 735 2875 782 et
2903 742 2998 797 ego
3037 742 3165 782 eum
3212 741 3402 783 coram
3444 727 3618 780 Patre
3665 741 3800 793 meo,

2157 817 2255 889 qui
2275 819 2337 872 in
2355 819 2502 874 caelis
2521 821 2622 885 est;
2644 823 2696 873 et
2713 817 2810 890 qui
2835 833 2918 872 me
2943 816 3226 886 negauerit
3258 832 3443 872 coram
3463 813 3799 882 hominibus,

2156 909 2364 978 negabo
2398 911 2449 964 et
2468 923 2566 979 ego
2589 924 2714 964 eum
2741 923 2927 964 coram
2954 909 3119 964 Patre
3137 922 3275 974 meo,
3309 905 3404 977 qui
3431 907 3496 961 in
3540 905 3694 960 artis
3730 907 3802 960 est

2164 997 2371 1066 (Matth.
2401 1013 2458 1062 x,
2490 997 2600 1066 3'2).
2633 1000 2701 1053 Et
2731 995 2846 1052 alio
2865 996 3014 1053 loco:
3040 997 3150 1066 Qui
3171 1012 3258 1052 me
3282 995 3592 1065 erubuerit,
3615 997 3668 1053 et
3693 1010 3802 1050 ser-

2161 1103 2349 1144 mones
2373 1103 2539 1156 meos,
2570 1089 2715 1143 hunc
2733 1088 2908 1144 Filius
2929 1088 3170 1145 hominis
3190 1088 3486 1157 erubescet,
3507 1103 3640 1143 cum
3661 1102 3808 1143 vene-

2165 1179 2245 1234 rit
2267 1179 2325 1234 in
2357 1184 2644 1250 majestate
2669 1195 2770 1234 sua
2791 1181 2839 1234 et
2867 1179 3076 1245 Patris,
3119 1187 3172 1234 et
3218 1187 3548 1234 sanctorum
3592 1177 3808 1248 angelo-

2165 1285 2296 1324 rum
2327 1268 2478 1340 (Luc.
2513 1285 2590 1334 ιχ,
2620 1269 2733 1341 26).
2764 1267 3061 1340 Plerisque
3101 1285 3238 1325 vero
3284 1268 3538 1324 humani
3589 1265 3813 1340 generis

2168 1359 2444 1415 inimicus
2475 1359 2547 1414 ad
2579 1359 2687 1414 hoc
2710 1362 3079 1430 peccatorum
3102 1359 3258 1415 864
3279 1375 3527 1414 suorum
3551 1357 3813 1413 recorda—

2172 1450 2390 1506 tionem
2417 1449 2661 1505 molitur
2680 1449 3031 1522 ingerere,ut
3049 1449 3137 1506 vel
3150 1449 3454 1505 obduratis
3469 1447 3818 1520 desperatio-

2177 1557 2307 1596 nem
2324 1539 2691 1596 remissionis
2713 1539 3134 1611 injiciat,eteos
3151 1539 3409 1596 remedio
3423 1536 3813 1596 conversionis

2177 1629 2466 1686 excludat.
2502 1628 2633 1684 Haec
2663 1633 2861 1684 autem
2893 1629 3092 1685 omnia
3123 1645 3240 1686 non
3269 1629 3342 1685 ob
3373 1627 3538 1685 aliud
3573 1627 3811 1684 fraudu-

2177 1719 2332 1775 lenta
2363 1734 2594 1790 semper
2621 1718 2740 1790 agit
2771 1718 3039 1775 obtectus
3061 1718 3306 1789 fallacia,
3331 1717 3447 1774 nisi
3475 1720 3818 1790 utopportu-

2091 1825 2150 1892 {B
2179 1809 2420 1864 nitatem
2446 1808 2724 1880 temporis
2756 1809 2998 1878 adimat,
3033 1827 3150 1880 qua
3181 1808 3473 1866 conversis
3505 1810 3704 1880 potest
3730 1805 3818 1860 dc-

2180 1897 2308 1954 nari
2338 1897 2608 1954 remissio
2634 1917 2649 1968 ;
2683 1915 2749 1953 ac
2780 1899 2884 1970 sic,
2915 1903 3203 1970 quantum
3234 1898 3303 1955 ad
3325 1899 3450 1970 ejus
3475 1897 3692 1954 attinet
3711 1911 3818 1951 ma-

2179 1987 2589 2060 lignitatem,si
2604 1989 2727 2045 fieri
2743 1990 3133 2062 possit,nemo
3147 1988 3434 2062 perveniat
3447 1988 3520 2043 ad
3544 1987 3816 2044 salutem.

2179 2079 2365 2135 Deum
2384 2095 2634 2150 namque
2659 2079 3092 2136 misericordem
3106 2082 3442 2153 justumque
3463 2094 3594 2134 esse
3615 2092 3821 2150 cogno-

2181 2167 2313 2236 scit,
2361 2185 2466 2224 nec
2513 2169 2746 2240 ignorat
2793 2171 2951 2242 quod
3003 2177 3368 2242 peccatorum
3412 2168 3816 2224 remissionem

2185 2257 2308 2314 sola
2338 2258 2408 2313 de
2440 2257 2557 2312 Deo
2591 2259 2779 2330 possit
2825 2257 3031 2315 elicere
3076 2260 3273 2316 cordis
3319 2273 3454 2314 vera
3508 2258 3816 2314 conversio.

2182 2347 2303 2403 Scit
2329 2347 2505 2403 etiam
2539 2349 2692 2420 quod
2728 2365 2842 2404 non
2875 2348 3015 2404 alibi
3047 2365 3226 2422 quam
3256 2349 3317 2404 in
3348 2349 3474 2405 solo
3501 2347 3711 2420 gremio
3731 2349 3818 2401 Ca-

2184 2435 2412 2492 tholicae
2430 2435 2631 2492 Matris
2645 2437 2862 2493 dimitti
2881 2439 3100 2510 possint
3114 2443 3355 2512 peccata
3381 2437 3702 2506 conversis;
3724 2451 3816 2491 nec

2187 2543 2321 2584 eum
2354 2527 2496 2582 latet
2525 2526 2585 2581 in
2625 2529 2896 2598 praesenti
2928 2533 3155 2585 tantum
3186 2529 3396 2585 saeculo
3427 2528 3812 2585 remissionem

2189 2619 2454 2675 omnium
2484 2623 2852 2690 peccatorum
2885 2622 3179 2678 conversis
3208 2637 3382 2694 posse
3417 2619 3684 2677 concedi:
3729 2615 3814 2672 ubi

2190 2710 2516 2765 humanum
2530 2725 2848 2783 genus,per
2865 2712 3252 2767 constitutum
3277 2709 3811 2768 divinitusordinem

2194 2800 2529 2856 decessione
2543 2801 3816 2876 morientium,successionequeZnascentium,

2196 2893 2450 2950 carnalis
2482 2893 2804 2950 nativitatis
2834 2910 2982 2952 nexu
3018 2911 3131 2950 non
3159 2894 3378 2967 injuste
3400 2893 3814 2966 constringitur,

2198 2988 2373 3056 atque
2399 2984 2645 3056 spiritali
2672 2984 2977 3041 nativitate
3001 2987 3180 3057 gratis
3197 2986 3490 3042 enodatur
3516 3005 3531 3044 :
3555 2985 3647 3042 ubi
3669 2983 3815 3040 etiam

2200 3091 2432 3132 omnem
2465 3080 2686 3132 reatum
2713 3079 2816 3132 aut
2837 3075 3454 3144 solvitconversio,aut
3475 3072 3814 3134 insolubilem

437 3146 620 3203 Deum
637 3147 1080 3204 nostrum.Hinc
1095 3149 1252 3204 enim
1267 3147 1438 3204 facile
1455 3147 2097 3220 potestinquirentibus
2127 3189 2170 3257 Ο
2213 3165 2315 3220 fac;

2214 3165 2370 3236 facit,
2403 3181 2506 3222 seu
2537 3183 2700 3222 vanas
2729 3166 2854 3239 spei
2886 3165 3167 3240 neglectio
3190 3166 3570 3235 nutrita,sive
3590 3167 3820 3237 despera-

439 3253 743 3310 apparere,
757 3237 1034 3310 qualibus
1053 3241 1289 3312 peccata
1305 3243 1458 3295 Deus
1477 3239 1757 3307 dimittat,
1785 3238 1882 3294 ubi
1907 3238 1961 3293 di
1971 3238 2099 3294 mit-

439 3330 542 3394 tat,
580 3328 816 3400 quando
847 3329 1128 3385 dimittat.
1163 3329 1390 3395 Quibus
1420 3329 1698 3402 cognitis,
1733 3346 1838 3385 nec
1860 3344 2095 3401 pravam

442 3419 756 3492 quisquam
785 3421 1035 3478 retineat
1065 3421 1136 3476 de
1169 3423 1284 3477 Deo
1307 3422 1680 3490 sententiam,
1717 3438 1822 3478 nec
1853 3437 2096 3478 conver-

437 3511 664 3568 sionem
681 3529 852 3568 suam
871 3513 1151 3586 negligat,
1169 3528 1275 3569 nec
1289 3531 1321 3570 a
1338 3513 1626 3570 catholica
1645 3513 1902 3570 Ecclesia
1916 3513 2098 3568 disce-

445 3604 576 3670 dat;
607 3609 712 3659 aut
743 3604 792 3659 si
821 3605 956 3674 quis
984 3604 1278 3671 discessit,
1315 3604 1580 3661 celeriter
1619 3608 1967 3673 revertatur;
1994 3619 2098 3659 nec

442 3694 515 3749 de
535 3701 792 3764 tempore
823 3694 935 3748 sibi
966 3693 1103 3749 velit
1123 3693 1348 3749 insulsa
1372 3695 1726 3765 cogitatione
1751 3693 2028 3761 blandiri,
2047 3693 2097 3748 si

447 3783 517 3838 ad
551 3780 734 3836 Deum
770 3782 829 3834 in
868 3781 978 3835 hac
1006 3782 1126 3836 vita
1161 3782 1475 3853 quisquam
1508 3783 1763 3838 converti
1796 3782 2023 3848 nolens,
2046 3790 2100 3838 et

448 3885 637 3938 usque
668 3869 740 3923 ad
765 3872 1012 3924 mortem
1047 3870 1466 3939 iniquitatibus
1490 3871 1772 3940 serviens,
1796 3876 1927 3943 post
1947 3871 2100 3929 hanc

445 3957 626 4011 vitam
643 3973 707 4011 se
718 3957 916 4012 credat
929 3959 1140 4030 adeptu
1151 3975 1278 4013 rum
1294 3959 1697 4016 remissionem
1715 3971 2098 4033 peccatorum,

450 4046 686 4118 quando
708 4047 836 4118 jam
889 4049 1345 4119 praejudicatus:
1394 4052 1658 4123 tempore
1706 4052 2102 4108 tribulationis

445 4138 611 4209 (forte
645 4137 1067 4211 retributionis)
1097 4137 1308 4194 divinae
1341 4157 1457 4197 non
1489 4145 1790 4214 peccatum
1819 4142 2101 4215 possitvi-

447 4230 578 4284 tare
626 4243 965 4297 conversus,
1020 4230 1122 4285 sed
1173 4229 1448 4302 supplicii
1501 4235 1736 4287 maneat
1782 4231 2104 4289 aeternitate

447 4322 584 4377 dam
595 4321 1055 4378 nandus.Multis
1071 4323 1224 4378 enim
1242 4322 1788 4396 multiplicibusque
1802 4324 2106 4382 fraudibus

445 4412 600 4469 viam
629 4411 1122 4470 coelestisitineris
1142 4413 1413 4470 diabolus
1440 4413 1710 4470 claudere
1729 4413 1934 4470 nititur
1954 4419 2109 4471 etce-

448 4504 592 4570 lare,
608 4504 774 4574 cujus
787 4502 897 4560 hoc
919 4503 1372 4561 estincessabile
1395 4505 1682 4573 studium,
1705 4510 1770 4562 ut
1791 4506 1861 4562 ad
1886 4507 2108 4563 crucia-

2208 3257 2369 3313 tione
2400 3256 2670 3312 roborata
2699 3260 2755 3313 et
2786 3273 2972 3328 usque
3001 3255 3062 3312 in
3095 3257 3269 3314 finem
3301 3260 3533 3314 retenta
3550 3254 3727 3312 cordis
3745 3251 3822 3309 ob-

2207 3345 2402 3404 durati
2433 3347 2714 3420 nequitia.

2839 3472 3064 3530 CAPUT
3091 3474 3217 3531 VII.

2279 3601 2390 3659 Sed
2399 3604 2526 3675 jam
2539 3601 2796 3674 suscepti
2815 3602 3007 3673 operis
3025 3599 3325 3674 compellit
3341 3600 3626 3658 instantia
3643 3601 3702 3655 ut
3715 3611 3818 3652 om-

2207 3693 2306 3750 nia
2325 3710 2451 3767 quae
2473 3691 3656 3765 superiusintimavi,debitadisputatione
3674 3693 3818 3759 atque

2205 3782 2638 3855 Scripturarum
2685 3786 3020 3838 sanctarum
3073 3782 3445 3837 attestatione
3491 3780 3820 3854 perdoceam.

2207 3873 2509 3930 Enimvero
2526 3873 2834 3946 utriusque
2846 3871 3092 3928 veridica
3105 3871 3282 3928 series
3296 3868 3827 3928 Testamenticuncta

2209 3981 2338 4035 qua:
2379 3964 2449 4018 ad
2482 3967 2823 4035 proventum
2858 3963 3150 4035 pertinent
3188 3963 3457 4018 humanas
3491 3958 3689 4016 salutis
3731 3968 3822 4010 non

2208 4057 2400 4122 tacet;
2433 4057 2500 4109 ut
2547 4053 2693 4108 nihil
2743 4054 2822 4110 sit
2853 4055 3005 4126 quod
3040 4054 3098 4110 in
3143 4057 3438 4125 posterum
3492 4046 3826 4116 contemptor

2211 4143 2587 4200 damnandus
2600 4142 3270 4214 excuset.Principaliter
3289 4142 3463 4215 igitur
3483 4137 3670 4196 omnis
3692 4132 3823 4191 Scri-

2212 4239 2383 4307 ptura
2395 4232 2675 4290 divinitus
2689 4233 2968 4305 inspirata
2981 4250 3165 4291 unum
3178 4249 3368 4292 verum
3385 4249 3448 4289 ac
3459 4229 3827 4290 solumDeum,

2211 4323 2377 4381 illam
2407 4324 2629 4380 scilicet
2658 4324 3029 4395 Trinitatem,
3055 4325 3112 4382 id
3137 4331 3247 4395 est,
3271 4326 3525 4395 Patrem,
3545 4327 3602 4380 et
3624 4319 3826 4378 Filium.

2215 4419 2273 4471 et
2303 4415 2592 4484 Spiritum
2625 4417 2921 4487 sanctum,
2953 4419 3074 4471 tam
3107 4414 3548 4472 misericordem
3589 4405 3828 4485 pradicet

2217 4523 2344 4563 esse
2374 4522 2552 4577 quam
2587 4505 2842 4576 justum.
2880 4505 2998 4578 Ipsi
3027 4505 3183 4563 enim
3215 4522 3285 4561 ex
3316 4522 3567 4578 persona
3597 4494 3825 4557 Ecclesia!

448 4595 546 4646 tus
565 4591 1008 4648 suisocietatem
1024 4593 1373 4650 miserorum
1396 4595 1656 4664 turbam,
1673 4599 2106 4668 quantumcun-
2133 4574 2180 4640 D
2215 4598 2433 4654 dicitur
2453 4614 2472 4651 :
2492 4595 2930 4653 Misericordiam
2959 4605 3014 4652 et
3033 4596 3312 4668 judicium
3343 4596 3573 4652 cantabo
3617 4591 3712 4649 tibi
3733 4589 3824 4644 Do-

453 4695 571 4749 que
602 4679 876 4748 potuerit,
911 4680 998 4736 vel
1021 4682 1214 4738 trahat
1236 4683 1516 4754 illectum,
1538 4688 1626 4741 vel
1649 4691 1819 4759 cogat
1839 4686 2103 4741 invitam.

453 4765 773 4824 Nonnullos
787 4769 1000 4840 quippe
1014 4771 1170 4837 facit,
1186 4773 1412 4844 abjecta
1424 4776 1888 4832 consideratione
1902 4776 2102 4832 divinas

447 4855 716 4930 justitize,
747 4858 934 4914 solam
970 4859 1071 4915 Dei
1103 4861 1561 4920 misericordiam
1583 4867 1864 4938 cogitare;
1891 4873 1953 4922 ut
1975 4884 2105 4923 con-

453 4947 780 5005 versionem
805 4965 976 5004 suam
996 4949 1316 5023 negligant,
1341 4952 1742 5012 existimantes
1763 4973 1846 5024 se,
1871 4958 2105 5013 etiamsi

451 5038 712 5112 usquein
728 5040 904 5096 finem
920 5040 1295 5098 criminosam
1311 5043 1581 5099 duxerint
1597 5047 1770 5101 vitam
1783 5090 1797 5116 ,
1813 5047 2108 5104 remissio-

451 5132 545 5188 nis
577 5131 858 5187 beneﬁcio
887 5131 1170 5202 potituros
1203 5148 1351 5188 esse.
1393 5133 1553 5190 Alios
1588 5144 1780 5190 autem
1829 5138 1926 5207 (al.
1981 5138 2102 5209 aut)

451 5221 610 5295 cogit
637 5221 959 5292 autillicit,
1011 5222 1280 5280 Ecclesiae
1327 5223 1624 5280 catholicae
1675 5227 1897 5296 gremio
1937 5227 2106 5284 dere-

450 5313 610 5381 licto,
645 5313 716 5368 ad
751 5313 994 5370 haereses
1013 5314 1101 5370 vel
1125 5313 1449 5372 schismata
1471 5315 1766 5387 depravati
1791 5316 1982 5372 cordis
2005 5334 2108 5373 0&-

452 5402 628 5458 citate
655 5404 926 5460 transire.
961 5405 1218 5468 Quorum
1274 5406 1504 5462 animos
1553 5406 1895 5479 deceptione
1943 5407 2102 5464 false

451 5491 865 5563 promissionis
899 5494 1196 5565 illaqueat,
1229 5500 1294 5551 ut
1313 5496 1401 5552 vel
1425 5501 1632 5569 putent
1653 5514 1714 5554 se
1737 5506 1888 5554 recto
1912 5497 2104 5554 fulciri

455 5579 748 5648 dogmate,
776 5580 862 5634 vel
881 5587 1116 5651 sperent
1147 5583 1256 5639 sibi
1275 5602 1378 5657 pro
1404 5587 1528 5642 sola
1548 5587 1738 5643 cordis
1764 5588 2107 5646 credulitate

456 5667 722 5722 futurum
739 5669 1105 5727 remissionis
1117 5672 1727 5745 beneficium,etiamsi
1744 5677 1876 5734 ﬁcto
1890 5678 2105 5749 animo,

455 5770 562 5828 pro
596 5757 874 5826 temporis
903 5757 992 5813 vel
1023 5761 1436 5820 commoditate
1467 5765 1555 5821 vel
1587 5769 1770 5836 metu,
1803 5767 2104 5826 mortifero

2217 4689 2369 4744 mine
2395 4686 2564 4759 (Psal.
2595 4704 2646 4759 c,
2678 4687 2750 4758 1).
2787 4687 2864 4743 De
2893 4687 2991 4742 illo
3022 4687 3199 4743 etiam
3231 4687 3502 4744 canitur:
3555 4680 3826 4743 Misericors

2212 4777 2474 4833 Dominus
2513 4781 2566 4831 et
2599 4779 2794 4843 iustus,
2827 4781 2876 4832 el
2923 4778 3063 4833 Deus
3093 4785 3278 4833 uester
3304 4776 3655 4833 miserebitur
3675 4762 3825 4863 (Psal.

2212 4883 2360 4934 cxrv,
2393 4868 2470 4936 5).
2503 4865 2628 4921 Alio
2661 4882 2896 4938 quoque
2926 4867 3050 4924 loco
3079 4885 3100 4922 :
3132 4867 3406 4937 Quoniam
3456 4869 3630 4938 iustus
3666 4862 3826 4917 Domi-

2159 4983 2164 4986 -
2211 4974 2319 5013 nus
2347 4964 2401 5013 et
2421 4957 2672 5030 justitias
2714 4957 2941 5027 dilexit,
2971 4960 3288 5031 aequitatem
3335 4958 3476 5014 vidit
3523 4955 3697 5013 vultus
3736 4946 3829 5031 eiut

2214 5047 2388 5121 (Psal.
2423 5063 2478 5114 x,
2511 5050 2586 5120 8).
2620 5047 2819 5104 Denuo
2875 5030 3127 5104 dicitur:
3183 5048 3460 5105 Universae
3509 5049 3604 5104 viz
3643 5030 3830 5098 Domini

2214 5136 2595 5195 misericordia
2626 5142 2676 5194 et
2705 5142 2910 5195 veritas
2934 5140 3099 5211 (Psal.
3132 5153 3285 5206 xxxv,
3341 5140 3449 5209 10).
3501 5141 3573 5194 Et
3617 5136 3826 5189 rursus:

2217 5229 2492 5298 Quoniam
2521 5230 2958 5286 misericordiam
2985 5234 3038 5285 et
3066 5229 3358 5283 veritatem
3379 5228 3578 5301 diligit
3598 5218 3824 5280 Dominus

2215 5319 2387 5392 (Ρδαῑ-
2424 5336 2654 5385 Lxxxm,
2691 5321 2799 5391 12).
2837 5321 2896 5375 In
2927 5318 3115 5392 primo
3147 5335 3379 5391 quoque
3409 5313 3662 5385 decalogi
3698 5320 3820 5380 pra!-

2197 5411 2379 5482 'cepto
2405 5410 2634 5480 justum
2653 5409 2881 5464 seidem
2909 5409 3192 5464 Dominus
3215 5409 3312 5472 (al.
3345 5409 3514 5477 Deus)
3539 5398 3823 5461 misericor-

2221 5500 2466 5568 demque
2497 5498 2582 5554 sic
2612 5498 2882 5554 intimat:
2917 5501 3026 5568 Ego
3058 5516 3182 5554 sum
3210 5499 3474 5554 Dominus
3526 5497 3658 5552 Deus
3701 5493 3819 5580 ιιιατςι

2221 5593 2373 5646 Deus
2401 5591 2619 5661 zelans,
2651 5591 2746 5661 qui
2773 5588 2941 5646 reddo
2970 5597 3191 5662 peccata
3217 5596 3449 5660 patrum
3497 5585 3559 5642 in
3592 5582 3739 5655 ﬁlios,
3773 5585 3819 5625 ιη

2216 5682 2434 5737 tertiam
2460 5689 2512 5737 et
2541 5686 2797 5752 quartam
2821 5679 3170 5752 progeniem,
3203 5680 3260 5734 in
3279 5677 3475 5751 hisqui
3492 5675 3710 5733 oderunt
3724 5675 3816 5761 ἠεξ

2215 5778 2268 5826 et
2293 5769 2502 5840 faciens
2551 5767 2988 5824 misericordiam
3021 5770 3080 5824 in
3110 5767 3294 5825 millia
3325 5769 3564 5824 millium
3614 5761 3694 5817 his
3739 5765 3814 5825 ςυι
