3878 6318
147 385 243 447 533

1085 382 1188 443 DE
1218 380 1699 445 REMISSIONE
1743 380 2270 446 PECCATORUM
2315 383 2464 444 LIB.
2509 383 2559 445 Ι.

3416 377 3534 440 534

143 524 306 574 amt
331 520 383 573 et
402 514 734 571 custodiunt
746 522 1023 587 praecepta
1044 531 1167 572 mea
1188 516 1379 587 (Exod.
1411 534 1507 585 xx,
1536 516 1613 589 5).
1639 520 1774 573 Pro-
1798 517 1853 585 Α
1882 516 2128 589 gligant,
2142 517 2471 574 ethabenas
2486 513 2899 589 iniquitatibus
2912 513 3257 582 relaxantes,
3272 513 3414 568 dum
3428 513 3530 568 de-

148 612 310 678 ptares
336 610 567 678 Moyses
590 603 739 659 dicit
763 621 776 660 :
810 605 1077 660 Dominus
1096 605 1235 660 Deus
1262 604 1569 673 indulgens
1594 610 1644 659 et
1666 607 1773 659 mi-

144 700 360 766 sericors,
380 697 606 768 patiens
620 699 671 751 et
694 696 890 752 multm
902 693 1303 752 misericordiae
1313 700 1368 750 et
1389 711 1579 760 verax,
1595 696 1774 766 justi-

144 788 256 843 tiam
280 788 591 843 custodiens
619 795 677 841 et
708 786 1147 841 misericordiam
1182 785 1240 839 in
1270 784 1481 853 millia,
1511 788 1773 856 auferens

148 879 435 950 iniquitates
461 883 514 933 et
546 877 863 944 iniustitias
883 886 933 932 et
951 880 1190 948 peccata.
1222 879 1297 932 Et
1320 894 1428 933 non
1445 876 1717 949 puriﬁcab
1734 878 1776 931 it

149 987 306 1035 rem,
320 969 590 1024 adducens
605 972 831 1040 peccata
842 972 1060 1037 patrum
1083 969 1140 1023 in
1154 966 1299 1037 ﬁlios
1310 967 1558 1039 ﬁliorum
1577 968 1635 1021 in
1658 975 1771 1021 ter-

144 1061 266 1115 tiam
306 1067 354 1116 et
412 1067 673 1131 quartam
713 1058 1034 1131 progeniem
1083 1056 1278 1129 (Exod.
1323 1074 1476 1123 xxxv,
1527 1057 1603 1129 6).
1658 1060 1770 1112 Per

146 1151 338 1208 Esaiam
360 1167 598 1223 quoque
617 1166 789 1207 suam
809 1150 1091 1206 Dominus
1116 1148 1573 1205 misericordiam
1588 1146 1766 1218 justi-

148 1243 367 1313 tiamque
409 1245 863 1308 commemorat,
916 1240 1157 1296 dicens:
1196 1242 1312 1311 Ego
1362 1241 1519 1307 Deus,
1572 1246 1764 1294 etnon

152 1333 265 1387 alius
280 1335 483 1403 prater
503 1346 613 1400 me,
636 1331 847 1402 justus,
873 1334 925 1385 et
944 1330 1164 1385 salvans
1188 1345 1201 1384 :
1226 1344 1335 1385 non
1356 1334 1433 1385 est
1452 1328 1599 1383 alius
1611 1345 1763 1399 prm-

154 1431 211 1477 ιον
242 1440 337 1477 me.
384 1421 798 1478 Convertimini
844 1419 914 1476 ad
964 1436 1069 1488 me,
1108 1424 1159 1475 et
1209 1419 1353 1475 salvi
1398 1418 1556 1475 eritis
1607 1419 1757 1489 (lsai.

151 1529 248 1583 ην,
272 1512 375 1583 21).

628 1618 780 1675 865
824 1616 1051 1673 CAPUT
1092 1617 1237 1674 VIII.

202 1730 286 1785 His
299 1729 473 1802 igitur
486 1733 667 1801 atque
680 1730 1009 1784 innumeris
1022 1727 1367 1797 hujusmodi
1384 1724 1754 1793 testimoniis,

148 1820 326 1890 quibus
351 1820 636 1875 Dominus
660 1819 813 1875 Deus
832 1825 1028 1875 noster
1049 1818 1382 1873 misericors
1406 1816 1756 1889 prmdicatur

1881 613 2121 679 sperant
2142 608 2594 680 indulgentiam,
2618 610 2861 663 currant
2881 604 3205 677 praecipites
3226 603 3284 658 in
3308 603 3531 675 gehen-

1876 714 2033 753 nam.
2062 701 2141 753 Ac
2172 700 2256 755 sic
2280 698 2376 754 ille
2409 698 2656 755 callidus
2683 694 2930 752 humani
2967 694 3201 767 generis
3224 693 3528 762 inimicus,

1874 788 2021 844 alios
2035 788 2459 862 desperationis
2475 788 2801 845 temeritate
2826 783 3317 859 prazcipitat,a1ios
3332 786 3528 838 autem

1875 877 2097 934 fallacis
2112 879 2233 951 spei
2251 880 2587 951 deceptione
2603 878 3210 951 supplantat.Propter
3223 872 3379 946 quod
3392 874 3527 928 bea-

1872 972 1969 1024 tus
2000 970 2219 1025 Paulus
2251 971 2323 1040 (II
2354 970 2473 1027 Cor.
2499 987 2615 1035 xm,
2652 970 2731 1037 3),
2763 967 2822 1023 in
2857 984 2971 1039 quo
3000 965 3233 1022 locutus
3255 962 3530 1020 estChri-

1872 1062 2021 1125 stus,
2040 1060 2187 1115 bene
2200 1059 2528 1116 viventibus
2543 1058 2922 1124 scribens,sic
2935 1072 3139 1113 eorum
3154 1052 3529 1111 commendat

1872 1148 2295 1217 obedientiam,
2321 1154 2385 1206 ut
2416 1167 2550 1205 cum
2579 1153 2737 1205 metu
2760 1152 2817 1205 et
2840 1152 3092 1203 tremore
3113 1143 3368 1202 salubris
3389 1158 3526 1215 ope-

1870 1237 2117 1295 rationis
2140 1240 2347 1309 jubeat
2376 1240 2596 1296 talibus
2626 1240 2821 1295 inesse
2851 1236 3160 1293 cautelam.
3184 1234 3339 1291 Dicit
3366 1233 3523 1290 enim

1866 1326 2349 1400 Pbilippensibus
2379 1347 2391 1386 :
2426 1332 2636 1403 Itaque,
2683 1328 2965 1385 carissimi
2991 1327 3124 1394 mei,
3155 1325 3295 1382 sicut
3314 1339 3526 1397 semper

1859 1415 2135 1488 obedistis,
2162 1435 2271 1475 non
2295 1424 2355 1475 ut
2386 1421 2443 1475 in
2474 1421 2774 1491 prmsentia
2805 1434 2931 1475 mea
2963 1414 3067 1487 (al.
3116 1416 3251 1486 mei)
3279 1418 3518 1483 tantum,

1862 1504 1956 1560 sed
1981 1508 2153 1563 multo
2181 1512 2361 1579 magis
2390 1526 2539 1565 nunc
2582 1509 2643 1564 in
2672 1510 2926 1565 absentia
2954 1523 3101 1575 mea,
3135 1522 3261 1562 cum
3291 1513 3441 1560 metu
3469 1507 3526 1559 et

1868 1605 2105 1653 tremore
2119 1608 2354 1654 vestram
2383 1601 2617 1655 salutem
2640 1599 2967 1672 cperamini.
2996 1602 3141 1652 Deus
3163 1598 3241 1651 est
3262 1596 3410 1651 enim
3421 1591 3522 1667 qui

1866 1694 2129 1760 operatur
2159 1691 2314 1745 366
2349 1694 2405 1745 in
2426 1691 2576 1746 vobis
2606 1701 2687 1747 est
2710 1691 2855 1746 velle
2883 1699 2933 1745 et
2961 1689 3237 1761 perﬁcere,
3257 1703 3361 1760 pro
3380 1686 3518 1743 bona

1862 1782 2144 1833 voluntate
2176 1778 2414 1850 (Philip.
2450 1798 2509 1847 ιι,
2544 1781 2653 1851 12).
2688 1781 2789 1835 His
2835 1779 3032 1834 verbis
3063 1780 3269 1833 beatus
3298 1776 3517 1833 Paulus

146 1912 396 1981 ρι
416 1910 750 1966 ostenditur
772 1915 1057 1983 quantum
1081 1908 1378 1982 ungenda
1398 1908 1475 1964 είι
1497 1908 1625 1979 eius
1647 1907 1752 1962 πιί-
1780 1892 1827 1958 Β
1853 1868 3521 1983 «ξιξξίξιξξιξιὶξιεξῖυξξίέξ,ιειῖίοέίξξίίξιέξξιξξῖξυξξξξξέξηξῖξξῗ·

148 2000 435 2067 sericonlia,
458 2000 1118 2073 quantumquejustitia
1135 1998 1451 2055 metuenda
1468 2002 1752 2053 monstra-

145 2095 234 2144 tur.
262 2092 566 2147 Misericors
597 2090 757 2147 enim
809 2094 864 2145 et
892 2089 1188 2145 miseratur
1219 2090 1502 2155 Dominus,
1536 2090 1750 2156 patiens

134 2190 171 2234 et
192 2182 401 2235 multum
421 2181 743 2236 misericors
766 2184 815 2235 et
837 2196 1027 2247 verax,
1054 2179 1205 2235 sicut
1227 2179 1387 2235 novit
1417 2195 1451 2234 a
1471 2194 1747 2233 converso

136 2272 442 2327 submovere
474 2270 835 2343 supplicium
860 2270 944 2326 sic
966 2270 1025 2324 in
1058 2286 1125 2325 eo
1151 2269 1251 2342 qui
1275 2268 1530 2325 converti
1551 2268 1747 2324 nolue-

126 2361 204 2426 rit,
226 2360 555 2417 nullatenus
572 2359 982 2417 sinitinultum
997 2374 1295 2415 remanere
1314 2363 1638 2431 peccatum.
1656 2358 1746 2413 ld-

126 2450 252 2506 circo
271 2452 318 2505 si
347 2468 495 2523 quos
526 2452 589 2505 in
639 2450 912 2523 praesenti
947 2449 1159 2505 saeculo
1196 2450 1287 2521 pia
1321 2448 1415 2504 Dei
1448 2448 1679 2503 bonitas
1714 2464 1748 2503 a

122 2540 494 2597 dominatione
525 2541 748 2612 peccati
775 2557 889 2595 non
914 2540 1147 2604 liberat,
1168 2539 1329 2610 ipsos
1350 2538 1408 2592 in
1442 2538 1637 2593 futuro
1664 2553 1748 2593 se-

118 2632 311 2686 veritas
328 2634 483 2701 justa
504 2632 875 2687 condemnat.
902 2630 1047 2685 Hinc
1071 2634 1159 2685 est
1180 2630 1334 2700 quod
1359 2628 1572 2683 divinis
1594 2629 1751 2683 inde-

118 2721 373 2777 sinenter
411 2722 647 2794 eloquiis
696 2722 837 2778 mali
872 2721 1191 2778 salubriter
1222 2722 1638 2785 admonentur,
1673 2735 1747 2774 ne

115 2817 457 2869 remaneant
487 2813 542 2867 in
571 2814 846 2869 servitute
878 2812 1120 2883 peccati,
1146 2811 1245 2867 sed
1281 2808 1745 2865 misericordiam

104 2902 247 2974 justi
269 2903 392 2970 Dei,
410 2903 547 2959 dum
570 2904 771 2959 suntin
788 2902 1049 2969 hacvita,
1067 2902 1389 2972 requirant.
1411 2899 1588 2956 Bonis
1612 2916 1749 2971 quo-

118 3008 229 3063 que
256 2992 583 3064 praecipitur
629 2992 806 3064 (Psal.
857 3010 922 3061 ιι,
960 2993 1045 3059 11,
1078 2992 1165 3055 12,
1200 2992 1306 3061 13),
1342 2993 1407 3044 ut
1432 2989 1746 3045 servientes

120 3081 353 3137 Domino
402 3082 460 3137 in
510 3082 747 3150 timore,
781 3086 836 3138 et
865 3080 1190 3138 exultantes
1224 3080 1274 3135 ei
1308 3096 1438 3135 cum
1471 3084 1743 3149 tremore,

118 3171 548 3243 apprchendant
570 3172 943 3245 disciplinam
964 3191 977 3240 ;
996 3188 1067 3227 nc
1081 3170 1313 3243 quando
1330 3170 1616 3226 irascatur
1634 3169 1745 3224 Do-

118 3262 291 3319 minus
322 3269 378 3319 et
410 3268 655 3336 pereant
685 3264 756 3318 de
776 3262 1066 3333 viajusta.
1094 3263 1226 3333 Ipse
1247 3261 1445 3333 itaque
1471 3264 1620 3315 Deus
1642 3258 1744 3331 qui
1777 3271 1818 3340 α

116 3362 191 3409 est
211 3358 543 3413 misericors
574 3362 632 3413 et
657 3357 877 3427 justus,
913 3356 1063 3411 sicut
1091 3356 1386 3425 admonet,
1415 3359 1481 3409 ut
1511 3358 1748 3427 propter

109 3444 382 3513 justitiam
418 3452 474 3503 et
506 3446 977 3502 misericordiam
1008 3448 1286 3501 timeatur
1316 3448 1373 3500 et
1402 3443 1684 3516 diligatur
1717 3459 1751 3496 a

120 3536 297 3605 malis,
319 3544 383 3594 ut
403 3537 671 3595 conversi
688 3541 925 3592 careant
944 3553 1112 3609 poena
1125 3552 1297 3606 quam
1312 3533 1548 3607 justitia
1569 3533 1751 3588 mina-

116 3630 218 3691 tur,
250 3630 305 3683 et
349 3628 640 3701 accipiant
669 3625 1099 3699 indulgentiam
1132 3642 1310 3698 quam
1343 3623 1750 3681 misericordia

114 3716 424 3787 pollicetur,
445 3719 529 3775 sic
552 3718 833 3774 admonet
848 3722 915 3772 ut
935 3720 1171 3790 propter
1183 3715 1473 3788 justitiam
1496 3718 1553 3770 et
1570 3714 1747 3769 mise-

114 3806 408 3863 ricordiam
434 3808 720 3880 diligatur
742 3811 799 3863 et
817 3806 1099 3862 timeatur
1120 3824 1153 3861 a
1174 3805 1363 3875 bonis,
1384 3821 1498 3877 quo
1523 3802 1751 3876 possint

124 3897 207 3965 qui
238 3899 360 3968 ejus
410 3897 690 3971 praeventi
721 3896 1125 3953 misericordia
1155 3896 1293 3952 boui
1324 3899 1485 3963 sunt,
1520 3898 1573 3950 ct
1595 3894 1747 3949 dile-

122 3986 299 4041 ctione
319 3986 728 4044 misericordiae
751 3988 811 4041 in
830 3986 1001 4043 bonis
1023 3986 1297 4058 cperibus
1318 4000 1674 4057 permanere,
1694 3986 1751 4038 et

120 4074 565 4147 timorejustitiae
583 4095 615 4133 a
640 4076 891 4149 peccatis
915 4075 1262 4148 semetipsos
1286 4074 1533 4131 sollicite
1556 4077 1753 4129 custo-

118 4164 234 4220 dire
258 4182 337 4233 ;el
356 4168 823 4224 consideratione
838 4166 1082 4239 propriae
1102 4162 1751 4222 inﬁrmitatisinstructi

117 4270 408 4329 nunquam
442 4260 513 4313 de
545 4259 669 4314 suis
691 4258 916 4314 viribus
944 4256 1261 4323 confidant,
1287 4256 1391 4312 sed
1416 4255 1621 4311 divina:
1644 4253 1753 4310 vir-

118 4345 249 4402 tutis
270 4347 556 4405 auxilium
575 4348 801 4421 jugiter
832 4352 889 4403 et
918 4345 1223 4402 humiliter
1252 4350 1516 4419 poscant.

739 4456 979 4513 CAPUT
1028 4454 1121 4512 IX.

172 4563 355 4622 Debet
381 4581 523 4639 ergo
545 4570 604 4622 et
636 4582 670 4621 a
686 4564 855 4621 bonis
884 4569 941 4621 et
963 4581 998 4619 a
1019 4562 1193 4620 malis
1210 4567 1329 4619 tam
1351 4561 1752 4619 misericordia

1858 1974 1969 2029 que
1986 1959 2338 2014 servandum
2364 1957 2635 2012 ﬁdelibus
2654 1958 2931 2029 praecepit
2952 1957 3012 2011 in
3025 1958 3299 2029 operibus
3321 1957 3513 2013 bonis.

1857 2048 2292 2105 Misericordem
2317 2064 2544 2120 quoque
2576 2047 2876 2119 prmdicat,
2902 2063 3077 2119 quem
3099 2047 3159 2103 in
3182 2048 3267 2104 eis
3289 2046 3518 2119 operari

1855 2138 1999 2194 dicit
2019 2142 2075 2194 et
2103 2137 2249 2194 velle
2288 2143 2345 2193 et
2368 2138 2668 2209 perﬁcere,
2691 2153 2795 2209 pro
2810 2136 3294 2194 bonavoluntate.
3311 2137 3514 2209 Neque

1855 2230 2011 2286 enim
2041 2247 2075 2285 a
2104 2230 2252 2286 bene
2282 2229 2669 2302 operantibus
2689 2229 2855 2299 juste
2884 2232 3211 2299 timeretur,
3235 2229 3285 2285 si
3309 2230 3513 2300 justus

1855 2336 1970 2374 non
2002 2323 2194 2389 esset;
2232 2336 2338 2375 nec
2370 2334 2543 2374 omne
2572 2318 2797 2373 bonum
2843 2317 3164 2375 voluntatis
3206 2323 3266 2374 et
3313 2318 3511 2391 operis

1854 2409 2071 2482 ipsein
2101 2409 2185 2466 eis
2217 2414 2578 2482 operaretur,
2619 2408 2670 2466 si
2721 2408 3059 2466 misericors
3108 2426 3223 2465 non
3277 2409 3507 2467 luisset.

1853 2500 2280 2571 Huncjustitiaa
2304 2500 2511 2556 divinas
2534 2500 2808 2556 timorem
2826 2500 3072 2555 terribili
3090 2500 3283 2556 denuo
3303 2499 3511 2573 prsidi-

1855 2590 2273 2661 cationejustis
2288 2590 2665 2647 vehementer
2678 2589 2982 2662 apostolus
3000 2590 3216 2647 Paulus
3229 2589 3513 2658 inculcat,

1854 2680 2056 2735 dicens
2082 2697 2094 2735 :
2130 2680 2235 2749 Qui
2253 2696 2309 2736 se
2336 2679 2624 2736 existimat
2638 2684 2809 2748 stare,
2830 2679 3013 2736 videat
3036 2697 3106 2737 ne
3123 2680 3292 2737 cadat
3317 2684 3361 2751 (ι
3378 2682 3509 2737 Cor.

1854 2787 1912 2840 ι,
1950 2770 2057 2841 12).
2112 2770 2179 2825 Et
2211 2786 2458 2826 rursus:
2492 2772 2741 2836 Fratres,
2782 2770 2833 2825 si
2880 2775 3296 2843 prmoccupatus
3335 2769 3509 2842 fuerit

1856 2858 2020 2915 homo
2046 2858 2107 2914 in
2127 2860 2546 2933 atiquodelicto,
2570 2877 2660 2916 vos
2678 2861 2773 2933 qui
2783 2861 3063 2932 spiritales
3083 2862 3233 2926 estis,
3247 2861 3515 2917 instruite

1854 2949 2168 3020 hujusmodi
2198 2952 2258 3005 in
2299 2950 2499 3021 spiritu
2529 2951 2801 3019 lenitatis,
2848 2952 3201 3006 considerans
3249 2949 3504 3022 teipsum,

1854 3056 1927 3095 ne
1949 3048 2000 3095 et
2028 3044 2089 3095 tu
2111 3042 2338 3097 tenteris
2367 3040 2566 3111 (Galat.
2592 3057 2669 3108 v1,
2697 3040 2767 3111 1).
2795 3038 2944 3111 Ipsis
2967 3054 3201 3111 quoque
3222 3038 3508 3109 apostolis

1854 3146 1985 3185 cum
2016 3130 2358 3202 magisterio
2391 3129 2608 3185 caelesti
2641 3126 3350 3185 denuntiaturinﬁrmitas
3374 3144 3505 3199 pro-

1858 3221 2008 3293 pria,
2023 3237 2153 3277 cum
2170 3221 2245 3293 (a)
2260 3219 2746 3293 congruitimoris
2768 3220 3203 3275 demonstratur
3222 3216 3281 3271 in
3296 3217 3510 3274 humili

1856 3315 1977 3366 tate
2008 3310 2201 3367 cordis
2232 3309 2460 3365 cautela
2479 3307 2805 3377 retinenda,
2841 3306 3072 3362 dicente
3096 3305 3379 3363 Domino:
3419 3306 3507 3365 Vi-

1853 3403 2025 3474 gilale
2048 3407 2099 3457 et
2130 3405 2301 3467 orate,
2336 3417 2405 3455 ne
2447 3399 2685 3455 veniatis
2730 3401 2791 3454 in
2833 3396 3214 3455 tentationem.
3266 3398 3509 3471 Spiritus

1856 3490 2073 3563 quidem
2104 3492 2410 3561 promptus,
2444 3503 2572 3544 caro
2602 3492 2787 3545 autem
2817 3489 3047 3560 inﬁrma
3069 3493 3150 3544 est
3182 3488 3257 3561 (b)
3286 3489 3501 3560 (Matth.

1853 3596 2008 3648 xxvx,
2028 3580 2138 3651 41).

2506 3667 2742 3725 CAPUT
2779 3670 2855 3727 X.

1928 3760 2348 3816 Verumtamen
2368 3759 2506 3830 quia
2521 3764 2735 3815 cuncta
2754 3776 2881 3831 quae
2898 3758 3113 3816 divinis
3130 3758 3507 3818 continentur

1859 3849 2211 3921 eloquiis,ad
2226 3849 2552 3905 custodiam
2568 3848 2655 3905 vel
2672 3848 3100 3921 reparationem
3114 3849 3507 3908 dicunturhu-

1859 3957 2045 3996 manas
2061 3939 2271 3996 salutis
2295 3959 2309 4007 ;
2330 3939 2789 4011 providitsermo
2808 3939 3065 4009 divinus,
3086 3957 3158 3998 ne
3170 3942 3309 3997 dum
3324 3942 3506 4014 justis

1858 4031 2070 4087 divinae
2086 4036 2279 4086 metus
2300 4031 2583 4088 indicitur
2603 4031 2919 4104 aequitatis,
2942 4033 3289 4101 econtrario,
3309 4034 3507 4092 morti-

1858 4124 1980 4180 fera
2012 4124 2419 4195 peccatoribus
2454 4123 2778 4195 desperatio
2801 4128 3162 4191 nasceretur,
3191 4124 3241 4181 si
3264 4142 3398 4197 spes
3418 4126 3508 4183 in-

1859 4215 1892 4270 d
1905 4214 2180 4288 ulgentite
2200 4215 2445 4271 minime
2460 4217 2909 4271 monstraretur.
2924 4215 3057 4285 Ipsa
3067 4214 3224 4271 enim
3247 4221 3510 4272 errantes

1860 4304 1933 4362 ad
1959 4308 2111 4361 viam
2144 4305 2411 4362 veritatis
2433 4307 2686 4371 revocat,
2710 4304 2851 4359 dum
2877 4303 3292 4375 propitiatione
3312 4303 3512 4363 divina

1860 4409 2139 4450 converso
2153 4392 2425 4449 relaxand
2436 4407 2530 4446 um
2544 4389 2995 4462 promittit,quid
3005 4391 3139 4461 quid
3158 4390 3313 4458 mali,
3324 4390 3514 4463 prius-

1861 4499 2037 4555 quam
2057 4486 2492 4539 converteretur
2520 4478 2783 4537 admisit.
2810 4479 2943 4535 ldeo
2968 4479 3270 4550 apostolus
3292 4478 3513 4537 Paulus

1861 4572 1922 4629 in
1944 4571 2205 4643 Epistola
2228 4586 2405 4641 quam
2425 4570 2499 4625 ad
2534 4570 2830 4625 Romanos
2849 4568 3110 4641 scripsit,
3131 4569 3288 4627 sicut
3310 4571 3512 4629 fideles

117 4653 268 4731 diligi
288 4674 465 4730 quam
479 4656 721 4729 justitia
740 4655 1039 4712 formidari
1070 4670 1173 4711 :ne
1192 4653 1432 4711 velboni
1449 4654 1754 4726 diligentes
1786 4659 1833 4723 D
1863 4668 1921 4718 et
1941 4662 2124 4717 bonos
2146 4662 2217 4716 ad
2238 4659 2702 4716 insinuationem
2725 4659 3057 4716 severitatis
3079 4660 3287 4717 divina
3307 4662 3518 4719 terriﬁ-

116 4747 569 4805 misericordiam
588 4747 1012 4818 Dei,justitiam
1027 4762 1142 4802 non
1157 4746 1426 4809 timeant,
1444 4748 1499 4800 et
1513 4744 1755 4817 laqueos

111 4834 319 4894 diaboli
336 4838 679 4895 seducentis
700 4837 1033 4905 incurrant;
1054 4834 1143 4892 vel
1167 4832 1499 4891 malisolam
1515 4833 1755 4905 iustitia;

108 4929 471 4985 severitatem
499 4928 968 4995 considerantes,
992 4943 1105 4983 non
1132 4929 1412 4999 quaerant,
1437 4941 1570 4981 cum
1599 4923 1756 4981 inve-

111 5018 223 5075 nire
239 5025 500 5091 possunt
527 5036 627 5093 per
643 5019 1107 5086 conversionem,
1123 5017 1536 5074 misericordias
1551 5016 1763 5072 beneﬁ-

106 5108 280 5175 cium,
295 5127 365 5168 ac
390 5110 477 5167 sic
495 5109 769 5166 obdurati
786 5126 901 5166 non
922 5108 1113 5166 solum
1137 5107 1540 5165 remissionem
1557 5122 1757 5179 pecca-

101 5200 291 5257 torum
306 5203 609 5273 denegent
621 5201 777 5273 ,quin
793 5201 969 5257 etiam
986 5206 1222 5273 peccata
1236 5199 1630 5273 multiplicare
1646 5214 1758 5255 non

96 5297 352 5347 cessent.
388 5291 509 5348 Hoc
540 5292 698 5347 enim
722 5291 947 5363 bicipiti
971 5291 1179 5363 laqueo
1204 5293 1535 5363 frequenter
1556 5290 1759 5346 diabo-

84 5378 185 5439 lus
206 5383 479 5457 eaptivat
502 5383 769 5439 incautos
791 5400 806 5451 ;
832 5388 1019 5439 utaut
1042 5400 1304 5456 spevana
1329 5384 1539 5439 futuras
1560 5382 1766 5438 remis-

72 5474 275 5529 sionis
298 5474 531 5541 obtusi,
546 5472 741 5529 nolent
755 5474 1003 5543 justitiaa
1019 5473 1229 5531 timore
1243 5474 1499 5530 converti
1523 5493 1539 5541 ς
1554 5478 1656 5529 aut
1673 5489 1761 5529 re-

48 5565 433 5621 missionem
446 5564 802 5623 omnimodis
814 5562 1655 5637 desperantes,conversionem
1670 5580 1767 5620 ne-

162 5731 243 5801 tu)
276 5729 451 5786 Forte
469 5728 1131 5800 meliusexpungeretur
1152 5728 1436 5800 particula
1466 5746 1613 5799 cum,
1638 5746 1764 5801 qum

80 5800 363 5859 habetur
392 5804 453 5858 in
489 5801 669 5859 editis
699 5805 758 5856 et
787 5816 900 5855 ms.

1867 4753 1979 4815 cat,
2012 4748 2098 4803 sic
2129 4746 2396 4803 inﬁdeles
2418 4751 2475 4802 et
2496 4746 2684 4804 malos
2707 4748 2779 4804 ad
2798 4748 3239 4807 conversionem
3264 4766 3368 4824 spe
3387 4766 3515 4808 cer-

1866 4838 2100 4895 tissima
2112 4856 2175 4895 su
2184 4855 2373 4911 perna:
2391 4838 2674 4895 bonitatis
2686 4839 2913 4907 invitat,
2930 4844 2995 4896 ut
3008 4840 3231 4899 scilicet
3241 4846 3361 4899 tam
3378 4841 3516 4899 boni

1867 4929 2155 4986 discerent
2186 4946 2301 4986 non
2324 4928 2510 4985 altum
2539 4946 2767 5003 sapere,
2799 4930 2898 4987 sed
2918 4933 3147 5002 timere,
3172 4948 3351 5005 quam
3376 4931 3516 4989 mali

1868 5020 2432 5093 possintremedium
2450 5019 2660 5077 salutis
2677 5027 2903 5078 cateruae
2916 5020 3516 5094 sinequolibelimpe-

1868 5111 2131 5168 dimento
2151 5110 2539 5167 dubitationis
2554 5112 2873 5182 acquirere.
2895 5110 3233 5183 Dicitigitur
3246 5108 3517 5166 beatissi-

1871 5217 1999 5256 mus
2028 5200 2245 5256 Paulus
2275 5216 2289 5257 :
2328 5199 2466 5258 Vide
2494 5216 2623 5271 ergo
2638 5200 2940 5256 bonitatem
2954 5202 3007 5253 et
3025 5200 3366 5254 severitatem
3387 5199 3513 5257 Dei:

1873 5292 1930 5345 in
1948 5306 2033 5347 eos
2046 5290 2265 5364 quidem
2280 5293 2380 5363 qui
2394 5289 2741 5355 ceciderunt,
2768 5289 3122 5343 severitatem
3148 5304 3162 5356 ;
3180 5288 3239 5342 in
3264 5291 3316 5343 te
3330 5293 3519 5345 autem

1871 5385 2191 5449 bonitatem,
2225 5382 2278 5437 si
2305 5378 2672 5453 permanseris
2702 5379 2762 5433 in
2794 5377 3074 5446 bonitate;
3109 5376 3357 5448 alioquin
3386 5383 3435 5434 et
3456 5389 3521 5435 tu

1871 5474 2179 5531 excideris;
2200 5480 2254 5527 et
2276 5470 2387 5536 illi,
2403 5475 2579 5525 sinon
2590 5468 3001 5533 permanserint
3032 5468 3088 5523 in
3112 5468 3519 5544 incredulitate,

1872 5565 2209 5619 inserentur.
2242 5562 2441 5617 Potens
2461 5563 2543 5615 est
2562 5559 2713 5614 enim
2734 5563 2884 5615 Deus
2904 5559 3102 5615 iterum
3125 5561 3370 5616 inserere
3386 5558 3521 5618 illos

1946 5728 2018 5799 (b)
2045 5729 2149 5781 Ms.
2183 5741 2297 5781 non
2323 5724 2497 5783 habet
2510 5726 2612 5791 est,
2636 5737 2740 5780 nec
2761 5725 2953 5781 textus
2983 5723 3375 5797 evangelicus.
3398 5728 3521 5781 An-

1875 5805 2067 5873 tuerp.
2100 5799 2297 5857 habet.
