3900 6214
352 367 470 459 535

1335 394 1400 456 S.
1437 390 1870 455 FULGENTII
1911 389 2267 451 EPISGOPI
2315 385 2762 451 RUSPENSIS.

3658 379 3796 442 536

344 532 520 600 (Rom.
553 545 632 598 x1,
662 530 754 598 22,
777 528 887 602 23).
919 531 1123 600 Itaque
1150 545 1287 586 cum
1318 530 1474 585 dicat
1504 525 1816 600 Apostolus
1837 522 2004 579 illum
2037 525 2089 591 Α
2121 523 2288 594 (Psal.
2307 541 2407 590 vn,
2426 523 2534 594 13).
2553 523 2663 578 Per
2690 517 2922 576 Esaiam
2945 530 3180 589 quoque
3203 511 3647 570 nondissimilis
3670 512 3798 568 ad-

342 620 730 677 excidendum
750 621 849 691 qui
867 620 926 676 in
946 621 1205 678 bonitate
1221 639 1334 678 non
1352 618 1828 694 permanserit,et
1843 616 2008 672 illum

348 710 452 783 qui
484 711 542 764 in
577 709 992 766 incredulitate
1022 728 1142 768 non
1175 710 1566 782 permanserit
1587 708 1967 764 inserendum
1995 731 2010 781 ;

348 803 484 873 quis
501 801 676 857 homo
690 803 896 873 justus
912 819 1026 857 non
1046 803 1428 858 tremefactus
1445 800 1744 872 justitiam
1769 801 2013 861 metuat,

348 891 439 948 vel
473 889 575 962 qui
610 890 668 945 in
699 889 845 961 ipsis
890 908 1006 946 non
1037 891 1110 946 ad
1152 890 1252 946 Dei
1287 891 1754 946 misericordiam
1788 888 2012 943 confir-

353 985 551 1037 matus
572 982 840 1035 accurrat
857 979 885 1035 ?
905 979 980 1051 (a)
995 978 1134 1043 Quis
1151 995 1265 1034 non
1280 977 1668 1050 compellatur
1683 977 1835 1031 bono
1850 973 2016 1029 cuili-

355 1068 458 1125 bet
487 1067 678 1140 impii,
707 1067 758 1124 si
783 1071 906 1124 toto
928 1069 1101 1123 corde
1125 1083 1442 1123 conversus
1467 1066 1662 1133 fuerit,
1687 1065 1895 1120 audeat
1919 1062 2017 1116 de-

359 1173 758 1231 sperare,cum
778 1157 1034 1213 cmlestis
1052 1156 1344 1212 medicina
1359 1155 1661 1228 praeceptis
1676 1151 2016 1209 salubribus

357 1248 662 1322 aequaliter
690 1247 853 1303 sanis
883 1246 1149 1302 consulat
1178 1250 1236 1302 et
1266 1245 1556 1312 inﬁrmis;
1593 1243 1712 1298 illis
1745 1243 2017 1296 timorem

349 1335 594 1409 justitiaa
613 1333 1195 1404 indicens,tanquam
1215 1331 1418 1388 salutis
1435 1338 1678 1402 acceptas
1693 1328 2017 1394 custodem,

355 1424 486 1480 istis
521 1421 939 1478 misericordias
971 1420 1330 1478 beneﬁcium
1367 1416 1894 1491 pollicens,ut,spei
1927 1432 2019 1471 re-

355 1511 550 1569 medio
573 1511 882 1579 sublevati,
909 1510 1195 1580 recipiant
1215 1527 1395 1582 quam
1441 1508 1817 1581 perdiderant
1839 1505 2018 1582 sospif

352 1605 553 1658 tatem.
588 1601 790 1656 Timor
821 1601 976 1656 enim
1007 1581 1256 1670 justitiaa
1292 1598 1627 1672 praecipitur
1658 1604 1882 1664 sanato,
1927 1581 2021 1649 cui

358 1692 510 1748 867
541 1690 796 1746 dicitur:
830 1691 962 1745 Ecce
991 1706 1160 1746 sanus
1181 1691 1363 1759 factus
1385 1704 1462 1754 es,
1490 1687 1615 1758 jam
1640 1687 1759 1742 noli
1774 1700 2021 1757 peccare,

363 1797 436 1836 ne
465 1779 704 1835 deterius
730 1779 838 1834 tibi
867 1778 1096 1850 aliquid
1125 1779 1410 1847 contingat
1432 1777 1610 1848 (Joan.
1643 1792 1702 1846 v,
1737 1776 1842 1844 14).
1877 1778 2024 1846 Spes

2121 631 2326 672 versus
2356 618 2737 671 contumaces
2760 617 2815 666 et
2836 607 3040 664 divinae
3062 605 3387 662 clementiae
3407 607 3796 675 contempto-

2120 719 2213 760 res
2243 703 2364 760 lata
2393 703 2685 776 reperitur
2713 715 2812 756 ore
2841 697 3039 755 divino
3061 694 3376 764 sententia,
3405 694 3464 749 in
3487 709 3602 765 qua
3637 709 3795 764 cog-

2121 793 2408 860 noscitur,
2438 809 2543 848 nec
2576 790 2830 847 inaniter
2866 801 3229 860 quemquam
3260 783 3478 840 divinis
3505 781 3794 853 imperiis

2123 883 2379 951 obedire,
2399 897 2508 938 nec
2529 881 2770 953 impune
2789 879 2846 934 in
2867 875 3280 950 iniquitatibus
3297 887 3666 946 permanere.
3689 872 3796 928 Sic

2125 989 2261 1045 ergo
2291 971 2468 1028 dicit:
2493 971 2801 1038 Lavamini,
2831 966 3036 1024 mundi
3053 969 3233 1034 estote,
3259 965 3476 1036 auferte
3492 961 3799 1034 nequitias

2125 1065 2334 1118 vestras
2363 1061 2430 1117 ab
2461 1059 2668 1116 animis
2697 1057 2896 1116 vestris
2922 1073 2954 1114 e
2992 1059 3275 1127 conspectu
3321 1054 3608 1110 oculorum
3633 1067 3800 1108 meo-

2126 1167 2255 1205 rum
2280 1167 2295 1219 ;
2319 1149 2553 1206 desinite
2573 1166 2607 1204 a
2627 1147 2870 1205 malitiis
2887 1147 3110 1213 vestris,
3132 1143 3328 1200 discite
3348 1143 3550 1198 bonum
3567 1143 3800 1212 facere,

2127 1239 2400 1312 inquirite
2405 1239 2708 1311 judicium,
2725 1236 2924 1310 eripite
2935 1235 3207 1307 injuriam
3221 1234 3603 1306 accipientem,
3623 1231 3806 1300 iudi-

2127 1337 2244 1384 cate
2259 1329 2496 1400 pupillo,
2513 1337 2566 1384 et
2569 1328 2870 1400 justiﬁcate
2887 1326 3128 1396 viduam,
3151 1332 3202 1380 et
3213 1324 3392 1379 venite
3413 1321 3802 1392 disputemus,

2129 1418 2263 1473 dicit
2292 1419 2582 1473 Dominus.
2613 1418 2677 1473 Et
2700 1419 2750 1473 si
2774 1417 2990 1489 fuerint
3019 1413 3228 1470 delicta
3255 1417 3434 1468 vestra
3470 1420 3532 1467 ut
3561 1409 3806 1482 phoeni-

2129 1508 2297 1575 cium,
2325 1511 2380 1562 ut
2406 1510 2587 1563 nivem
2609 1506 2893 1562 dealbabo.
2907 1505 2977 1561 Si
2991 1513 3178 1560 autem
3190 1509 3250 1558 ut
3266 1518 3504 1570 coccum,
3519 1509 3583 1558 ut
3596 1501 3805 1558 lanam

2129 1596 2428 1652 candidam
2457 1597 2717 1668 efﬁciam.
2740 1598 2803 1652 Et
2817 1597 2868 1651 si
2885 1593 3187 1652 volueritis
3206 1597 3260 1649 et
3281 1590 3651 1649 obaudierilis
3681 1605 3796 1656 me,

2131 1701 2258 1758 quae
2278 1688 2420 1742 bona
2434 1689 2756 1754 suntterrte,
2772 1684 2960 1742 edetis.
2983 1684 3046 1740 Si
3069 1692 3254 1740 autem
3279 1682 3801 1754 nolueritismeque

2132 1775 2493 1831 obaudieritis
2523 1791 2632 1846 me,
2651 1775 2873 1847 gladius
2902 1790 2992 1830 vos
3011 1773 3273 1830 comedet.
3303 1773 3370 1829 0s
3387 1770 3538 1828 enim
3561 1768 3800 1827 Domini

370 1886 601 1941 quoque
620 1867 1034 1924 misericordias
1051 1865 1926 1932 demonstraturinfirmis,cum
1947 1861 2028 1917 di-
2057 1897 2105 1962 Β
2134 1865 2372 1920 locutum
2401 1867 2480 1920 est
2510 1864 2610 1922 hoc
2639 1866 2772 1935 (lsa.
2805 1880 2847 1932 ι,
2877 1864 2944 1919 16
2960 1867 3010 1920 et
3037 1863 3194 1937 seq.).
3222 1863 3360 1926 Quis
3387 1877 3526 1934 rogo
3547 1865 3640 1916 est
3664 1863 3797 1915 tam

375 1960 530 2016 citur
555 1976 568 2013 :
599 1959 716 2016 Non
748 1963 824 2014 est
853 1975 986 2031 opus
1013 1959 1168 2014 sanis
1196 1957 1467 2025 medicus,
1497 1955 1592 2012 sed
1613 1955 1758 2010 male
1776 1953 2030 2009 habenti-

379 2051 512 2105 bus:
541 2065 651 2104 non
680 2051 808 2104 veni
845 2064 1038 2104 vocare
1057 2049 1258 2119 justos,
1290 2046 1394 2102 sed
1435 2049 1744 2117 peccatores
1764 2060 1822 2098 in
1850 2043 2028 2115 paeni-

381 2140 615 2195 tentiam
646 2139 800 2209 (Luc.
821 2153 876 2204 v,
908 2138 1018 2208 3‘2).
1038 2141 1239 2191 Sermo
1264 2151 1496 2207 quoque
1515 2133 1891 2206 propheticus
1917 2131 2027 2186 mi-

380 2227 756 2283 sericordiam
777 2227 871 2280 Dei
889 2225 1290 2295 iustitiamque
1305 2223 1719 2279 commendare
1744 2239 1857 2277 non
1882 2221 2032 2276 desi-

379 2315 576 2382 oit,sic
610 2314 730 2369 Deo
761 2330 865 2384 per
885 2313 1242 2368 Ezechielem
1269 2313 1610 2384 prophetam
1631 2311 1890 2366 dicente:
1916 2311 2028 2366 Ini-

377 2420 517 2476 quus
531 2404 581 2456 si
600 2418 659 2457 se
677 2407 951 2458 convertat
966 2403 1032 2456 ab
1053 2403 1305 2457 omnibus
1321 2400 1719 2472 iniquitatibus
1761 2401 1877 2454 suis
1893 2415 2030 2471 quas

375 2492 523 2561 fecit,
549 2495 600 2545 et
620 2490 969 2547 custiodierit
989 2491 1176 2546 omnia
1193 2491 1466 2546 mandata
1491 2506 1630 2557 mea,
1656 2500 1708 2545 et
1732 2489 1927 2560 fecerit
1940 2490 2033 2560 ju-

375 2579 598 2636 stitiam
627 2588 679 2635 et
705 2579 1167 2647 misericordiam,
1202 2579 1316 2634 vita
1335 2578 1496 2646 vivet,
1520 2587 1574 2635 et
1595 2595 1706 2634 non
1717 2579 2026 2651 .morietur.

373 2671 577 2728 Omnia
603 2670 802 2725 delicta
824 2671 942 2740 eius
973 2685 1308 2742 quaecunque
1335 2670 1489 2740 fecit,
1511 2685 1622 2725 non
1640 2667 1892 2724 eruntin
1913 2684 2030 2724 me-

373 2759 578 2815 moria.
613 2762 676 2815 In
705 2777 804 2814 sua
821 2760 1051 2829 justitia
1081 2775 1246 2831 quam
1275 2761 1428 2830 fecit,
1467 2759 1628 2814 vivet.
1653 2757 1912 2830 Nunquid
1931 2773 2028 2814 vo-

379 2849 594 2905 luntate
621 2851 740 2906 volo
770 2858 1003 2906 mortem
1025 2850 1352 2921 peccatoris,
1377 2849 1519 2904 dicit
1549 2849 1838 2918 Dominus,
1863 2865 2029 2920 quam

379 2949 443 2996 ut
473 2944 759 2996 avertatur
786 2939 851 2995 de
879 2939 970 2995 via
993 2955 1094 2995 sua
1129 2940 1305 3008 mala,
1354 2945 1408 2995 et
1434 2939 1615 2994 vivere
1643 2954 1771 2994 eum
1813 2938 2026 3010 (Ezech.

377 3047 541 3097 xvm,
575 3029 711 3101 2t)?
739 3032 985 3085 Ostenso
1017 3029 1218 3100 itaque
1259 3027 1329 3084 ad
1364 3027 1576 3099 impios
1607 3029 2029 3084 convertendos

379 3121 591 3184 divinae
606 3117 1058 3191 longanimitatis
1073 3136 1137 3174 ac
1152 3118 1532 3190 benignitatis
1549 3118 2032 3190 beneﬁcio,adju-

2139 1955 2320 2010 durus
2350 1958 2452 2010 aut
2472 1955 2711 2011 omnino
2729 1953 3000 2020 stolidus,
3025 1952 3126 2024 qui
3143 1953 3203 2007 in
3225 1951 3332 2008 hoc
3352 1950 3643 2018 sermone:
3660 1965 3803 2005 mo-

2141 2044 2386 2100 nitionis
2408 2061 2700 2116 supernas,
2735 2045 2783 2100 si
2816 2045 2887 2100 ad
2911 2043 3346 2100 conversionem
3365 2057 3476 2096 non
3500 2038 3804 2094 invitatur

2138 2133 2291 2189 868
2324 2133 2710 2191 delectatione
2734 2133 3031 2206 promissi,
3051 2149 3169 2188 non
3181 2131 3374 2188 saltem
3391 2127 3804 2202 compellatur

2138 2229 2359 2279 terrore
2380 2223 2652 2295 supplicii
2672 2224 2699 2278 ?
2719 2224 3194 2295 Contemptorem
3220 2222 3431 2294 quippe
3451 2219 3637 2276 divini
3657 2235 3803 2276 ser-

2139 2313 2333 2369 monis
2365 2329 2478 2368 non
2511 2313 2758 2384 excipiet
2787 2311 2972 2380 salus,
3005 2312 3110 2368 sed
3147 2315 3514 2368 comesturus
3543 2313 3640 2364 est
3660 2307 3801 2381 gla-

2138 2402 2288 2458 dius.
2324 2402 2465 2457 Hinc
2498 2406 2587 2457 est
2618 2402 2772 2473 quod
2805 2402 2918 2458 alio
2953 2401 3077 2458 loco
3111 2400 3168 2457 in
3193 2401 3462 2472 ejusdem
3493 2397 3801 2471 prophetae

2136 2489 2436 2546 volumine
2458 2491 2916 2559 demonstratur,
2937 2491 3076 2563 quia
3092 2489 3205 2546 nisi
3227 2505 3332 2563 per
3347 2489 3801 2545 conversionem

2136 2597 2306 2636 nemo
2323 2581 2695 2653 pervenietad
2712 2581 3090 2638 salutem.Sic
3102 2580 3260 2637 enim
3281 2579 3498 2636 dicitur
3520 2595 3534 2635 :
3557 2577 3623 2634 Si
3659 2593 3802 2634 con-

2135 2687 2324 2727 versus
2351 2671 2526 2742 fueris
2543 2675 2597 2727 et
2623 2669 2983 2740 ingemueris,
3005 2670 3191 2726 salvus
3205 2668 3320 2726 eris
3340 2669 3491 2737 (Isai.
3518 2683 3657 2737 xxx,
3706 2667 3805 2722 15-

2135 2777 2238 2818 sec.
2271 2762 2432 2832 LXX).
2465 2761 2531 2816 In
2584 2761 2694 2817 hoc
2732 2760 3071 2816 testimonio
3114 2759 3494 2816 conditionali
3542 2758 3704 2815 Deus
3749 2765 3808 2814 et

2139 2855 2427 2923 praecepto
2451 2851 2655 2916 utitur,
2681 2855 2740 2906 et
2761 2851 3072 2922 promisso.
3090 2850 3301 2906 Dieens
3324 2850 3562 2921 quippe,
3589 2846 3658 2902 Si
3679 2863 3812 2904 con-

2136 2955 2322 2996 versus
2349 2940 2526 3011 fueris
2554 2949 2607 2996 et
2638 2941 2996 3012 ingemueris,
3025 2940 3216 2996 salvus
3259 2938 3393 3005 eris,
3425 2936 3692 2993 ostendit
3735 2953 3810 2992 ex

2137 3031 2537 3086 conversionis
2549 3031 2881 3088 conditione
2895 3030 3332 3104 promissionem
3345 3027 3810 3085 salutisomnino

2137 3120 2550 3193 pendere.Haec
2563 3125 2652 3178 est
2666 3121 2844 3194 igitur
2862 3121 3016 3178 inter
3029 3121 3214 3178 Deum
3232 3119 3653 3191 hominemque
3670 3133 3811 3174 con-

379 3217 758 3290 stosquoque
771 3211 1152 3267 deterrendos
1174 3209 1258 3264 ita
1281 3208 1658 3282 propheticus
1677 3226 1869 3265 sermo
1886 3209 2028 3264 diri-
2060 3252 2104 3319 ϐ
2141 3210 2304 3275 ditio,
2329 3210 2384 3265 id
2411 3215 2520 3278 est,
2547 3211 2700 3266 inter
2721 3210 3152 3283 praecipientem
3177 3210 3491 3268 Dominum
3534 3223 3809 3264 servum-

378 3302 538 3374 gitur
563 3305 733 3358 :Cum
761 3317 818 3357 se
837 3309 1020 3357 autem
1043 3301 1310 3356 averterit
1327 3300 1514 3370 justus
1543 3316 1574 3354 α
1592 3317 1693 3354 sua
1717 3298 1954 3368 iustitia,
1977 3306 2031 3355 et

375 3391 577 3462 fecerit
608 3390 984 3464 iniquitatem,
1007 3389 1304 3446 secundum
1333 3405 1518 3444 omnes
1551 3388 1874 3460 iniquitate;
1896 3404 2032 3460 quas

377 3485 508 3554 fecit
534 3481 638 3536 ille
671 3483 917 3552 iniquus,
948 3495 1135 3536 omnes
1155 3478 1392 3551 justitiae
1421 3480 1540 3550 ejus
1571 3496 1702 3551 quas
1737 3479 1884 3550 fecit,
1921 3494 2032 3532 non

379 3572 637 3628 eruntin
677 3572 967 3626 memoria.
1018 3574 1084 3624 In
1135 3568 1333 3625 delicto
1363 3584 1463 3623 suo
1511 3584 1616 3639 quo
1663 3567 1922 3640 deliquit,
1981 3569 2033 3621 et

379 3661 438 3714 in
467 3657 706 3731 peccatis
736 3658 853 3713 suis
907 3657 1102 3730 quibus
1153 3659 1418 3728 peccavit,
1471 3657 1529 3711 in
1581 3658 1714 3729 ipsis
1763 3655 2034 3714 morietur

384 3749 541 3820 (Ibid.
568 3750 685 3820 24).

1029 3869 1261 3924 CAPUT
1292 3869 1386 3925 XI.

459 3992 917 4051 Innumerabilia
929 3995 1068 4048 sunt
1080 3992 1414 4049 divinarum
1425 3993 2032 4068 testimoniaScriptu—

389 4100 586 4142 rarum
609 4083 825 4155 quibus
839 4081 993 4138 Deus
1016 4081 1351 4138 misericors
1374 4083 2031 4157 pradicaturetjustus,

386 4192 493 4232 nec
506 4178 597 4231 est
609 4171 771 4230 aliud
785 4172 940 4244 quod
963 4171 1159 4228 omnis
1171 4175 1365 4228 textus
1379 4176 1512 4244 agat
1526 4171 1779 4229 scelestis
1795 4173 2032 4245 eloquii,

385 4265 502 4322 nisi
525 4268 591 4322 ut
611 4262 800 4321 malos
815 4263 1131 4319 admoneat
1155 4263 1365 4319 timore
1372 4262 1622 4334 justitim
1648 4263 1749 4320 Dei
1773 4262 2036 4320 celeriter

387 4355 559 4413 malis
580 4354 858 4428 operibus
882 4353 1058 4409 finem
1085 4369 1323 4426 ponere,
1347 4356 1404 4408 et
1424 4353 1609 4410 bonos
1631 4353 1689 4409 in
1713 4353 1884 4410 bonis
1903 4369 2035 4425 ope-

385 4447 550 4502 ribus
565 4444 815 4502 sollicite
833 4443 1326 4516 atquehumiliter
1338 4459 1700 4516 permanere.
1729 4442 1797 4499 Ut
1814 4443 2035 4500 scilicet

385 4539 444 4590 et
475 4533 668 4590 omnis
687 4533 929 4604 iniquus
953 4532 1287 4603 aequitatem
1311 4532 1413 4590 Dei
1438 4538 1727 4602 metuens,
1761 4533 1834 4590 ad
1857 4533 2032 4590 mise-

2145 3314 2257 3367 que
2280 3303 2634 3370 poscentem,
2662 3300 3086 3370 interjudicem
3111 3301 3215 3373 qui
3232 3297 3608 3370 sinejustitia
3633 3297 3811 3352 misc-

2137 3388 2449 3444 ricordiam
2465 3394 2828 3462 praerogat,et
2845 3394 3206 3462 peccatorem
3223 3390 3325 3462 qui
3341 3386 3804 3444 misericordiam

2128 3477 2623 3549 justejudicantis
2637 3484 2950 3551 exspectat.
2978 3480 3127 3536 Dicit
3153 3481 3336 3554 igitur
3358 3477 3804 3544 isteDominus,

2138 3566 2477 3624 misericors
2501 3572 2558 3624 et
2579 3568 2803 3639 justus,
2829 3584 3064 3626 severus
3086 3574 3144 3626 et
3159 3569 3327 3642 pius:
3347 3569 3406 3625 Si
3431 3568 3540 3624 hoc
3564 3567 3806 3635 feceris,

2137 3656 2244 3713 hoc
2261 3656 2505 3713 habebis
2527 3677 2542 3727 ;
2568 3658 2617 3713 si
2637 3659 2794 3730 quod
2816 3657 2945 3715 dico
2969 3658 3340 3730 custodieris,
3354 3657 3505 3714 dabo
3519 3657 3680 3729 quod
3697 3673 3804 3730 po-

2138 3745 2257 3802 scis
2283 3765 2298 3814 ;
2323 3762 2429 3818 ego
2450 3746 2555 3802 tibi
2578 3747 2852 3819 praecipio
2873 3747 3415 3814 conversionem,tu
3433 3746 3633 3820 poscis
3660 3761 3802 3802 ame

2141 3833 2393 3892 salutem
2421 3853 2435 3904 ;
2460 3835 2510 3892 si
2531 3836 2796 3908 parueris
2821 3836 3378 3908 praecepto,potieris
3403 3834 3720 3901 beneﬁcio;
3751 3832 3806 3890 si

2131 3924 2300 3995 jussa
2326 3925 2452 3980 fieri
2478 3924 2728 3994 videam,
2749 3925 3045 3998 postulata
3070 3926 3406 3983 concedam:
3430 3923 3808 3980 Siconversus

2137 4012 2322 4086 fueris
2349 4018 2402 4070 et
2432 4015 2790 4086 ingemueris,
2822 4017 3017 4073 salvus
3046 4015 3180 4073 eris.

2759 4142 2996 4198 CAPUT
3035 4141 3158 4199 XII.

2211 4268 2354 4318 Cum
2376 4263 2593 4320 dicitur
2607 4277 2742 4336 ergo
2760 4267 3020 4338 peccanti
3043 4266 3389 4324 beneﬁcium
3411 4263 3631 4322 salutis
3651 4265 3804 4324 acci-

2139 4370 2278 4426 pere
2296 4353 2576 4426 cupienti,
2601 4354 2738 4427 quia
2751 4356 2800 4412 si
2825 4372 3142 4413 conversus
3156 4357 3400 4414 fueritet
3413 4355 3802 4428 ingemuerit,

2141 4443 2338 4500 salvus
2353 4443 2463 4499 erit
2479 4460 2493 4513 ;
2508 4445 3300 4520 consequenterintelligitur
3313 4447 3702 4518 quiem-umet
3722 4463 3806 4503 m-

2141 4538 2683 4603 usuunm'r,‘,tamen
2715 4551 3032 4593 conversus
3064 4553 3180 4592 non
3223 4535 3420 4605 fuerit,
3453 4535 3661 4594 salvus
3685 4553 3802 4593 non

386 4621 700 4676 ricordiam
718 4628 916 4676 currat
929 4623 1106 4691 justas
1120 4621 1423 4692 bonitatis,
1441 4627 1497 4678 et
1514 4623 1709 4680 omnis
1728 4624 1944 4693 justus,
1966 4623 2038 4678 de
2066 4629 2114 4698 Ι)
2144 4625 2272 4680 erit.
2288 4625 2413 4681 Non
2435 4625 2590 4681 enim
2605 4625 2826 4682 frustra
2843 4631 3163 4700 utrumque
3177 4627 3414 4684 divinus
3425 4644 3629 4685 sermo
3649 4639 3806 4685 com'

389 4709 490 4764 Dei
502 4706 892 4763 misericordia
904 4709 1287 4778 gaudens,jud
1298 4709 1460 4766 icium
1475 4711 1898 4784 benignissimae
1913 4728 2028 4768 non

391 4795 976 4868 negligatequitatis.
993 4796 1140 4860 Quia
1153 4798 1252 4852 ubi
1265 4799 1792 4872 estmisericordiaj
1804 4801 2033 4858 ustitia-

391 4902 506 4960 que
527 4885 800 4958 perfecta,
821 4901 928 4941 nec
947 4886 1201 4940 favorem
1220 4887 1628 4956 potestjustus
1649 4890 1901 4960 peccatis
1922 4890 2032 4946 im-

388 4977 665 5052 pendere,
687 4989 792 5030 nec
813 4972 1242 5044 indulgentiam
1265 4977 1559 5032 conversis
1582 4975 1915 5035 misericors
1932 4981 2033 5035 ab-

385 5083 621 5140 negare.
644 5069 730 5122 Ex
750 5064 857 5120 hoc
876 5063 1056 5135 igitur
1075 5063 1229 5134 quod
1247 5063 1448 5127 justus
1465 5068 1524 5120 et
1546 5066 1874 5124 misericors
1895 5085 2035 5140 prae-

384 5158 634 5224 dicatur,
660 5152 933 5210 facillime
951 5152 1330 5224 cognoscitur
1351 5153 1445 5215 (al.
1464 5154 1893 5226 cognoscimus)
1916 5174 2032 5214 non

381 5246 496 5302 nisi
527 5243 825 5302 conversis
858 5243 1265 5298 remissionem
1299 5241 1479 5298 tribui
1513 5250 1904 5314 peccatorum,
1931 5263 2034 5302 nec

379 5336 492 5393 nisi
508 5333 1050 5409 permanentibusin
1065 5337 1301 5405 peccato
1315 5333 1656 5406 supplicium
1670 5337 2031 5407 sempiternae

373 5425 971 5483 damnationisinferri
1004 5425 1406 5498 Propterquod
1424 5425 2035 5487 Psalmistasiccanit:

374 5517 496 5570 Nisi
505 5515 908 5572 convertamini
915 5515 1189 5586 ,gladium
1199 5531 1365 5572 suum
1380 5518 1646 5586 vibravit,
1665 5535 1858 5576 arcum
1874 5539 2036 5580 suum

2143 4713 2348 4786 plexus
2378 4719 2488 4782 est,
2522 4714 2636 4772 nisi
2669 4719 2732 4772 ut
2763 4716 2885 4773 hinc
2907 4718 3048 4787 duo,
3079 4718 3138 4774 id
3161 4723 3254 4776 est
3271 4718 3721 4776 conversionem
3747 4713 3803 4773 et

2142 4804 2446 4875 gemitum,
2481 4807 2813 4863 necessaria
2840 4824 3324 4881 cognosceremus
3349 4809 3421 4865 ad
3435 4824 3810 4882 consequen-

2143 4893 3231 4956 dumsalutiseﬁ'eotum.Nonnullienim
3247 4897 3798 4956 scelerumsuorum

2143 4984 2610 5042 consideratione
2640 4987 2955 5058 perterriti,
2981 5005 3084 5060 pro
3115 4987 3526 5060 iniquitatibus
3557 4989 3803 5060 quidem

2142 5072 2270 5130 suis
2299 5074 2359 5128 in
2385 5075 2646 5132 oratione
2674 5082 2937 5148 gemunt,
2973 5093 3078 5134 nec
3109 5082 3308 5134 tamen
3337 5077 3644 5149 abiniqua
3663 5093 3803 5149 ope-

2143 5163 2574 5237 rationeldisced
2585 5170 2706 5220 unt.
2720 5167 2888 5222 Faten
2899 5171 3068 5223 turse
3081 5167 3234 5223 male
3247 5167 3598 5236 Iecisse,nec
3613 5167 3802 5225 ullum

2144 5252 2320 5310 finem
2349 5252 2550 5309 volunt
2582 5254 2753 5310 malis
2783 5255 2953 5312 factis
2987 5255 3112 5312 suis
3141 5256 3462 5328 imponam.
3495 5258 3800 5313 Accusant

2145 5342 2448 5400 humiliter
2467 5343 2526 5399 in
2553 5351 2868 5416 conspectu
2889 5347 2990 5403 Dei
3011 5354 3245 5418 peccata
3264 5347 3486 5418 quibus
3517 5353 3801 5405 tenentur

2145 5434 2430 5505 oppressi,
2446 5434 2724 5490 eteadem
2745 5441 2982 5507 peccata
3001 5451 3128 5507 quae
3143 5435 3486 5492 humilitate
3501 5437 3801 5495 sermonis

2146 5524 2627 5590 accusant,corde
2643 5540 2913 5597 perverso
2927 5525 3348 5581 contumaciter
3359 5526 3801 5584 cumulantJn-

374 5603 622 5672 tetendit,
655 5611 706 5659 et
728 5602 949 5674 paravit
967 5603 1158 5674 illum,
1182 5608 1232 5661 et
1263 5607 1319 5662 in
1342 5622 1407 5664 eo
1433 5610 1651 5679 paravit
1674 5626 1810 5668 vasa
1839 5615 2038 5670 mortis
2148 5611 2511 5685 dulgentiam
2527 5613 3379 5687 quamlacrymosisgemitibus
3390 5621 3676 5688 poscunt,
3692 5612 3800 5687 ipsi

452 5754 529 5825 (a)
559 5753 724 5810 Hunc
753 5754 946 5809 locum
971 5771 1085 5812 non
1118 5758 1320 5828 paucis
1351 5761 1548 5820 verbis
1575 5780 1857 5822 mancum
1889 5766 2200 5826 restituere
2231 5785 2347 5825 non
2377 5768 2547 5826 licuit
2580 5785 2689 5842 ope
2717 5769 2850 5826 edd.
2897 5771 3000 5826 aut
3029 5784 3170 5827 mss.
3201 5769 3373 5827 codd.
