3900 6214
153 331 260 390 su
1152 333 1254 396 DE
1295 330 1772 397 REMISSIONE
1789 333 2368 399 ’PEGGATGRUM.
2387 335 2392 368 ³
2410 334 2537 396 LIB
2549 382 2562 397 .
2607 335 2659 396 Ι.
3485 330 3622 395 2342

170 466 609 523 communione
665 467 1016 538 censendos,
1069 468 1216 525 nihil
1242 469 1502 528 volentes
1533 469 1850 542 unicuique
1877 476 1935 541 ,Α
1965 471 2207 527 formari
2233 486 2502 527 sermone
2531 469 2819 526 dicentis:
2851 472 2985 540 Qum
3013 469 3180 524 vultis
3205 475 3267 525 ut
3294 466 3510 542 faciant
3534 481 3624 522 uo-

179 557 479 628 prodesse,
534 557 595 613 si
633 557 802 614 inter
847 557 1094 629 injustos
1121 559 1284 631 juste
1332 560 1491 617 vivat
1518 559 1576 615 in
1610 559 1871 616 Ecclesia
1986 561 2066 616 bis
2100 560 2369 631 homines,
2418 560 2608 616 eadem
2643 569 2694 617 et
2733 577 2824 617 vos
2862 559 3035 633 facite
3075 561 3173 614 eis.
3223 560 3349 613 Haec
3369 563 3450 612 est
3472 556 3622 612 enim

190 646 472 704 catholica
503 651 815 720 tanquam
861 664 1340 722 unumquemque
1390 667 1506 706 non
1552 667 1655 723 pro
1686 649 1872 721 quali-
1985 648 2078 704 lea:
2105 653 2156 706 et
2177 651 2454 722 prophetae
2479 650 2698 717 (Matth.
2730 667 2830 720 vn,
2867 649 2974 721 12).
3003 651 3124 704 Non
3159 647 3302 702 dixit
3328 646 3619 713 Christus,

197 744 311 794 tate
338 739 512 808 iacti,
547 738 662 794 sed
698 755 806 810 pro
837 740 1111 796 societate
1148 741 1501 797 sacramenti
1531 745 1745 796 aeterna
1784 755 1868 795 re-

199 827 461 897 tributio,
513 829 646 884 sive
697 828 974 901 supplicii
1016 830 1092 886 sit
1133 834 1466 902 exceptura,
1526 847 1627 886 seu
1675 829 1865 902 regni.

1979 755 2106 809 quae
2151 740 2316 796 vobis
2363 740 2606 796 fecerint
2651 741 2941 809 homines,
2981 739 3184 796 eadem
3230 741 3288 793 et
3319 753 3422 792 vos
3455 735 3624 790 facite

1975 829 2099 897 eis;
2133 848 2204 886 ne
2252 830 2476 888 malum
2525 833 2894 889 crederemus
2938 847 3042 902 pro
3072 827 3225 885 malo
3255 826 3621 883 reddendum

199 919 322 975 Haec
370 933 509 991 ergo
550 936 690 990 quae
723 923 864 975 sunt
891 937 924 976 a
964 921 1133 977 nobis
1165 921 1437 990 superius
1489 921 1781 990 intimala,
1808 927 1865 978 et
1974 917 2024 973 ei
2049 919 2148 990 qui
2179 921 2346 977 nobis
2379 920 2516 976 mali
2568 921 2785 992 aliquid
2804 919 3068 988 fecit,aut
3094 918 3366 989 cuiquam
3400 930 3618 988 negan-

199 1009 312 1064 alia
339 1008 528 1064 multa
558 1025 700 1081 quae
746 1010 1056 1066 adversum
1108 1012 1458 1069 catholicam
1491 1016 1548 1069 et
1587 1011 1863 1086 apostoli-

193 1115 310 1155 cam
335 1099 517 1155 ﬁdem
551 1099 628 1154 ab
671 1099 959 1156 haereticis
1009 1105 1186 1174 atque
1237 1102 1630 1160 schismaticis
1660 1103 1856 1175 profe-

193 1192 420 1255 runtur,
452 1187 786 1260 impietatis
815 1190 956 1246 vitio
987 1191 1366 1261 deputantur.
1418 1195 1550 1264 Ipsa
1581 1193 1736 1249 enim
1763 1210 1857 1250 se-

189 1279 414 1351 paratio
465 1277 687 1350 impios
733 1280 1012 1351 ostendit,
1063 1298 1188 1350 quae
1247 1282 1392 1338 tales
1458 1283 1855 1340 ecclesiastico

193 1368 440 1442 corpori,
487 1385 612 1424 non
653 1370 860 1437 socios,
914 1371 1015 1426 sed
1047 1372 1415 1428 adversarios
1464 1374 1620 1428 facit.
1656 1373 1855 1445 Neque

189 1459 344 1516 enim
375 1477 415 1515 a
446 1464 740 1516 conventu
774 1459 1183 1517 ecclesiasticae
1218 1462 1461 1518 unitatis
1493 1479 1731 1534 corpore
1763 1480 1856 1519 se-

194 1554 570 1622 pararentur,
635 1566 699 1606 ac
755 1549 902 1616 loco,
962 1551 1076 1606 nisi
1132 1552 1294 1622 prius
1352 1553 1424 1608 ab
1457 1554 1854 1610 ecclesiastica

194 1642 302 1696 ﬁde
333 1641 764 1696 descenderent
788 1641 951 1712 (forte
996 1641 1384 1714 discederent)
1416 1645 1588 1699 corde
1617 1661 1854 1717 corrup-

193 1735 296 1798 to;
347 1746 547 1802 neque
579 1747 612 1785 a
652 1729 916 1801 legitimo
964 1731 1122 1786 verbi
1156 1733 1260 1788 Dei
1317 1733 1590 1806 conjugio
1651 1740 1852 1806 aperta

195 1820 496 1893 impietate
535 1821 1007 1892 sejungerentur,
1067 1821 1178 1876 nisi
1211 1822 1464 1894 perﬁdae
1511 1840 1576 1878 ac
1627 1839 1854 1894 perver-

202 1927 304 1965 sae
332 1911 712 1982 cogitationes
743 1911 1076 1967 adulterina
1106 1911 1405 1968 diabolica:
1431 1915 1858 1986 constupratio-

199 2000 296 2056 nis
324 1999 712 2058 seminatione
733 2001 1133 2072 conciperent;
1154 2019 1300 2074 quas
1330 2003 1601 2074 nequiter
1625 2003 1858 2060 interno

197 2092 463 2149 foventes
495 2109 769 2159 assensu,
802 2095 873 2149 ad
905 2093 1016 2150 hoc
1047 2095 1425 2166 postmodum
1452 2096 1674 2151 nefaria
1703 2094 1860 2150 locu-

199 2184 358 2239 tione
414 2188 711 2255 parerent,
763 2192 830 2239 ut
871 2185 1102 2256 viperea
1153 2184 1546 2241 similitudine
1602 2185 1855 2258 propriis

204 2273 454 2344 disrupti
501 2273 723 2330 fetibus
750 2275 1077 2330 interirent.
1105 2275 1338 2347 Viperis
1388 2275 1605 2348 quippe
1626 2276 1736 2331 hoc
1767 2280 1856 2332 est

205 2380 426 2435 parcre,
454 2365 609 2436 quod
641 2365 849 2436 perire.
883 2367 1140 2429 Quarum
1164 2363 1292 2433 lilii,
1318 2366 1473 2420 sicut
1505 2367 1710 2434 fertur,
1741 2366 1858 2422 dis-

208 2453 394 2524 ruptis
441 2454 663 2526 quibus
705 2458 847 2510 sunt
893 2453 1160 2526 concepti
1185 2454 1535 2524 visceribus,
1571 2454 1654 2510 sic
1685 2471 1854 2528 egre-

207 2542 447 2600 diuntur
479 2543 651 2600 318
707 2544 768 2599 in
827 2543 1039 2610 lucem,
1099 2547 1165 2599 ut
1207 2544 1548 2616 parentibus
1598 2545 1856 2601 inferant

208 2637 468 2690 mortem.
513 2635 658 2689 Cum
692 2633 876 2705 igitur
924 2631 1109 2704 impia
1140 2633 1414 2704 quislibet
1454 2634 1732 2707 pravitas,
1763 2633 1858 2690 vel

205 2739 447 2780 assensu
469 2722 828 2795 concipitur,
857 2722 948 2780 vel
993 2725 1171 2780 etiam
1214 2723 1578 2797 professione
1610 2741 1852 2797 genera-

205 2819 319 2885 tur,
342 2821 555 2873 aeterna
585 2821 774 2874 morte
800 2817 1057 2875 animum
1099 2817 1407 2875 interimit.
1442 2818 1576 2882 Quae
1625 2835 1856 2891 corrup-

205 2906 354 2961 tioni
380 2907 774 2976 consentiens,
809 2908 880 2964 ob
911 2908 1022 2966 hoc
1052 2909 1294 2965 internae
1327 2912 1610 2980 conceptu
1640 2908 1850 2965 intide-

215 2994 392 3052 litatis
417 2997 681 3066 inflatur,
715 3003 781 3054 ut
803 3015 910 3054 suo
931 3000 1308 3071 postmodum
1338 3002 1511 3072 rupta
1536 3003 1704 3071 partu
1737 3015 1855 3056 mo-

209 3085 408 3144 riatur.
439 3087 615 3146 Tales
649 3089 974 3162 apostolica
997 3089 1092 3145 his
1119 3089 1312 3145 verbis
1344 3089 1615 3161 designat
1645 3094 1846 3146 aucto-

212 3176 397 3234 ritas:
442 3179 597 3235 Szcut
646 3183 826 3236 autem
865 3180 1084 3236 Jamnes
1122 3183 1171 3235 et
1213 3179 1476 3236 Mambres
1530 3179 1852 3236 restiterunt

214 3265 374 3339 Μονδὶ
403 3271 521 3339 ;ita
549 3275 599 3326 et
630 3270 690 3326 hi
720 3273 984 3326 resistunt
1031 3272 1272 3338 veritati,
1324 3270 1574 3328 homines
1601 3272 1853 3344 corrupti

211 3362 400 3426 mente,
435 3361 660 3431 reprobi
706 3360 858 3417 circa
907 3361 1070 3432 ﬁdem
1132 3363 1207 3434 (II
1235 3362 1368 3417 Tim.
1397 3379 1482 3430 In,
1513 3362 1591 3435 6).
1626 3363 1684 3418 Si
1715 3361 1851 3433 quis

213 3447 378 3517 igitur
413 3449 708 3506 contraria
748 3451 1079 3524 disputans,
1131 3456 1188 3508 et
1229 3469 1262 3508 a
1291 3451 1549 3508 bonitate
1573 3452 1848 3523 semetip-

213 3553 338 3594 sum
386 3555 721 3614 segregans,
771 3541 1178 3597 ecclesiasticae
1230 3540 1364 3596 fidei
1407 3556 1713 3612 perversus
1743 3540 1850 3595 ob-

212 3627 378 3697 sistit,
422 3631 539 3688 iste
590 3630 794 3703 procul
845 3631 1024 3688 dubio
1073 3631 1294 3702 impius
1340 3630 1577 3687 dicitur.
1624 3630 1683 3686 Si
1716 3630 1851 3702 quis

213 3722 399 3776 autem
446 3721 507 3776 in
571 3737 811 3792 corpore
861 3721 1108 3776 unitatis
1141 3720 1440 3776 catholicae
1473 3735 1851 3794 perseverans

215 3816 705 3868 sacramentorum
755 3811 1031 3868 societate
1078 3811 1451 3884 coniunctus,
1510 3810 1748 3882 ﬂagitiis
1794 3815 1853 3868 et

213 3899 550 3958 criminibus
598 3900 856 3970 deditus,
905 3902 957 3958 is
1002 3902 1150 3958 solet
1203 3902 1444 3974 iniquus
1491 3900 1702 3971 vocari,
1737 3917 1850 3956 non

211 3989 440 4062 impius.
485 3991 652 4048 Unde
701 3993 870 4048 nobis
925 4009 1082 4048 nunc
1131 4009 1248 4048 non
1289 4001 1375 4048 est
1405 3992 1850 4064 disputandum.

215 4077 327 4134 Hoc
365 4086 560 4138 tamen
616 4081 896 4149 dicimus,
943 4083 1080 4154 quia
1105 4099 1220 4138 non
1263 4081 1454 4138 omnis
1483 4081 1728 4154 iniquus
1763 4085 1854 4137 est

208 4168 444 4243 impius,
475 4172 617 4228 licet
647 4171 842 4228 omnis
872 4171 1088 4244 impius
1121 4171 1199 4229 sit
1233 4171 1494 4244 iniquus.

819 4318 1050 4377 CAPUT
1077 4319 1241 4376 XVII.

1878 3233 1928 3300 Ο

1968 1009 2110 1063 dum
2143 1015 2482 1082 putaremus
2513 1009 2922 1078 beneficium,a
2951 1025 3066 1080 quo
3089 1006 3255 1063 nobis
3278 1005 3618 1062 mihibene-

1970 1097 2085 1152 ﬁcii
2117 1099 2402 1156 sciremus
2433 1101 2768 1172 impensum
2805 1115 2819 1156 :
2851 1115 2986 1155 cum
3017 1099 3223 1154 debeat
3249 1094 3618 1151 Christianus

1969 1187 2130 1242 omni
2161 1188 2384 1245 homini
2411 1189 2826 1246 benevolentiae
2859 1187 3239 1260 adjutorium,
3271 1185 3361 1243 vel
3409 1200 3620 1257 praero-

1945 1291 2125 1348 gare,
2174 1277 2262 1334 vel
2317 1280 2562 1335 reddere
2594 1299 2608 1351 ;
2641 1283 2706 1335 ut
2755 1283 2814 1334 et
2855 1280 3008 1335 bono
3039 1278 3258 1334 bonum
3297 1275 3522 1342 reddat,
3555 1279 3612 1330 et

1967 1366 2188 1422 malum
2236 1368 2496 1424 bonitate
2540 1368 2876 1442 praeveniat.
2936 1367 3160 1424 Dicitur
3187 1367 3343 1422 enim
3376 1364 3540 1422 nobis
3579 1380 3613 1419 a

1961 1455 2211 1513 Domino
2246 1475 2258 1513 :
2283 1458 2520 1528 Ditigite
2539 1458 2792 1516 inimicos
2819 1462 3043 1528 vestros,
3069 1456 3373 1525 benefacite
3402 1455 3486 1510 his
3514 1452 3612 1526 qui

1962 1561 2056 1601 vos
2085 1547 2346 1616 oderunt,
2407 1553 2456 1604 et
2481 1559 2634 1606 orate
2657 1566 2753 1620 pro
2801 1548 3256 1621 persequentibus
3303 1553 3355 1602 et
3395 1545 3608 1600 catum-

1961 1635 2252 1694 niantibus
2278 1653 2386 1704 vos,
2422 1648 2482 1694 ut
2539 1641 2662 1694 sitis
2685 1641 2795 1710 ﬁli:
2841 1641 3027 1711 patris
3055 1641 3224 1694 vestri
3251 1639 3347 1709 qui
3374 1638 3431 1691 in
3463 1637 3609 1691 oculis

1961 1734 2059 1792 est,
2092 1727 2188 1798 qui
2213 1730 2383 1783 solem
2427 1744 2586 1783 suum
2605 1731 2750 1798 facit
2781 1731 2923 1783 oriri
2947 1743 3112 1799 super
3143 1728 3303 1783 bonos
3332 1733 3383 1782 et
3411 1725 3604 1796 malos,

1965 1820 2017 1872 et
2043 1819 2188 1888 ptuit
2227 1835 2397 1891 super
2440 1819 2614 1887 iusto:
2652 1827 2704 1874 et
2749 1819 2978 1882 iniustos
3019 1818 3226 1890 (Matth.
3261 1834 3314 1887 ν,
3368 1817 3456 1886 44,
3491 1817 3602 1886 45).

1966 1908 2110 1964 Boni
2143 1913 2337 1963 autem
2369 1909 2590 1976 ﬁdeles,
2626 1924 2740 1964 non
2769 1907 2961 1963 solum
2993 1908 3064 1963 ab
3109 1906 3228 1961 illis
3258 1905 3608 1978 persecutio-

1968 2014 2098 2054 nem
2142 1997 2448 2070 patiuntur
2496 1997 2597 2068 qui
2641 1996 2781 2053 foris
2821 1996 2996 2068 positi
3025 1995 3333 2051 latratibus
3364 1994 3603 2066 perfidis

1967 2105 2033 2145 ac
2064 2087 2354 2162 perversis
2385 2087 2652 2144 Ecclesiae
2681 2086 2978 2144 catholicae
3030 2085 3404 2158 dogmatibus
3437 2083 3604 2139 obni-

1965 2182 2203 2247 tuntur;
2235 2178 2337 2234 sed
2369 2177 2546 2234 etiam
2581 2178 2652 2232 ab
2685 2175 2803 2232 illis
2834 2176 2934 2247 qui
2963 2176 3238 2232 videntur
3262 2173 3604 2246 quidemin-

1964 2272 2056 2323 tra
2085 2266 2404 2324 Ecclesium
2435 2282 2587 2336 esse,
2620 2267 2720 2322 sed
2755 2265 2908 2322 male
2936 2265 3193 2320 viventes
3221 2262 3606 2318 inveniuntur

1964 2356 2372 2413 ecclesiasticae
2411 2355 2714 2413 traditioni
2764 2370 2879 2412 non
2931 2370 3051 2420 ore,
3101 2353 3205 2410 sed
3229 2367 3401 2424 opere
3431 2367 3605 2424 repu-

1965 2462 2164 2518 gnare.
2217 2448 2374 2512 Quos
2422 2463 2556 2503 cum
2607 2445 2743 2502 boni
2797 2443 3185 2517 conspiciunt,
3237 2442 3484 2515 graviter
3509 2457 3608 2514 ge-

1965 2541 2155 2608 munt,
2190 2541 2246 2592 et
2271 2541 2473 2593 saucto
2505 2537 2712 2593 affectu
2743 2540 3048 2608 permotus
3087 2533 3377 2590 cruciatur
3421 2535 3610 2589 bonus

1967 2627 2223 2694 animus,
2256 2628 2491 2699 quando
2523 2627 2724 2683 alienis
2757 2625 3156 2698 perversitatis
3187 2642 3304 2682 non
3325 2623 3472 2697 fugit
3491 2637 3618 2688 sen_

1963 2733 2122 2789 sum,
2154 2717 2421 2789 quamvis
2454 2722 2654 2774 tenere
2684 2733 2800 2773 non
2824 2717 3011 2789 possit
3041 2732 3368 2773 assensum.

2460 2827 2616 2882 374
2655 2825 2888 2882 CAPUT
2917 2825 3113 2881 XVIII.

2033 2916 2193 2972 Intra
2223 2915 2568 2973 catholicam
2603 2915 2821 2987 quippe
2872 2914 3190 2969 Ecclesium
3244 2913 3304 2968 in
3337 2913 3610 2985 prasenti

1962 3008 2174 3064 saeculo
2208 3007 2355 3078 justi
2390 3011 2445 3062 et
2497 3005 2687 3078 iniqui
2717 3005 2796 3076 (a)
2833 3009 3110 3060 tenentur
3147 3003 3390 3059 admixti
3421 3019 3609 3057 sacra-

1962 3091 2289 3154 mentoru‘m
2337 3095 2558 3152 scilicet
2605 3095 3033 3161 communione,
3093 3109 3210 3148 non
3256 3107 3509 3161 morum,
3553 3091 3612 3145 id

1965 3191 2054 3243 est
2083 3187 2358 3244 societate
2380 3184 2764 3250 credulitatis,
2805 3199 2921 3238 non
2953 3180 3339 3238 similitudine
3371 3196 3611 3236 conver-

1965 3277 2232 3333 sationis.
2285 3275 2410 3330 Non
2465 3290 2600 3346 ergo
2650 3273 2842 3344 corde,
2901 3272 3002 3328 sed
3062 3283 3302 3344 corpore
3326 3269 3616 3342 (b);quia

1960 3365 2342 3439 professione,
2391 3381 2508 3419 non
2548 3380 2740 3434 opere.
2786 3361 2954 3416 Nunc
2999 3359 3182 3432 igitur
3210 3359 3496 3431 quandiu,
3530 3375 3592 3414 se

1960 3456 2221 3511 cundum
2257 3454 2411 3508 beati
2443 3453 2608 3509 Pauli
2641 3450 3134 3524 praedicationem,
3169 3451 3228 3506 in
3263 3465 3469 3518 magna
3517 3448 3618 3504 do-

1961 3561 2048 3602 mo
2074 3560 2181 3601 non
2203 3545 2382 3600 solum
2432 3551 2561 3599 sunt
2590 3559 2723 3598 vasa
2753 3557 2954 3610 aurea,
2985 3541 3076 3598 sed
3105 3545 3159 3597 et
3192 3539 3378 3610 lignea
3402 3547 3454 3595 et
3475 3538 3617 3610 ﬁcti-

1961 3639 2060 3704 tia,
2092 3640 2144 3691 et
2171 3633 2417 3707 quaedam
2441 3632 2667 3707 quidem
2697 3637 2826 3688 sunt
2855 3634 2915 3688 in
2943 3632 3199 3688 honorem
3227 3629 3470 3704 quaedam
3490 3645 3620 3688 vero

1963 3728 2023 3782 in
2052 3725 2445 3782 contumeliam
2475 3725 2544 3797 (ε)
2573 3725 2644 3797 (II
2673 3725 2808 3781 Tim.
2854 3741 2918 3790 11,
2949 3723 3037 3794 20)
3063 3740 3077 3792 ;
3110 3721 3264 3778 intra
3309 3719 3620 3777 Ecclesium

1962 3816 2200 3888 quidem
2254 3819 2393 3871 sunt
2432 3815 2676 3887 iniquus
2733 3819 2790 3870 et
2833 3814 3056 3884 justus,
3092 3817 3255 3869 extra
3298 3809 3618 3868 Ecclesium

1959 3922 2092 3962 vero
2152 3904 2353 3961 nullus
2385 3910 2474 3962 est
2497 3907 2721 3976 justus.
2748 3905 2816 3960 Et
2835 3903 2990 3960 intra
3019 3901 3375 3959 dominicam
3400 3916 3620 3969 aream,

1964 3996 2148 4051 donec
2187 3994 2554 4052 ventilatoris
2595 3994 2952 4051 metuendus
3008 3996 3379 4065 exspectatur
3408 3991 3623 4047 adven-

1961 4089 2145 4152 tus,et
2161 4084 2432 4142 discretio
2462 4083 2856 4141 ventilationis
2887 4081 3205 4138 novissime
3235 4081 3627 4152 differtur,pa-

1965 4175 2058 4232 lea
2087 4175 2381 4231 frumento
2429 4174 2599 4230 loculi
2643 4172 3060 4230 communione
3111 4171 3412 4226 miscetur.
3456 4169 3624 4234 Quis-

1968 4265 2102 4338 quis
2156 4271 2352 4321 autem
2412 4268 2574 4319 extra
2629 4261 2985 4318 dominicam
3043 4275 3238 4316 aream
3294 4257 3460 4314 locus
3509 4261 3620 4327 est,

1969 4355 2240 4427 quamvis
2285 4352 2366 4409 ibi
2418 4352 2775 4408 vocabulum
2806 4351 3142 4406 nominetur
3173 4344 3466 4419 agricolae,
3495 4346 3622 4402 sola

201 4445 581 4516 {,Conversio
617 4463 753 4520 ergo
781 4446 881 4503 illa
910 4447 970 4503 in
1001 4451 1317 4521 conspectu
1361 4447 1462 4504 Dei
1495 4451 1662 4519 grata
1683 4449 1771 4502 est
1802 4445 1862 4502 et
1968 4445 2047 4500 ibi
2083 4447 2274 4516 potest
2314 4459 2440 4514 quae
2471 4445 2640 4498 vento
2697 4442 2964 4512 raptatur
3004 4437 3171 4510 palea
3209 4435 3484 4491 residere.
3516 4436 3622 4492 Ve-

203 4548 460 4615 accepta,
499 4542 558 4597 in
595 4557 712 4612 qua
734 4538 911 4596 simul
943 4545 1000 4596 et
1028 4539 1162 4597 ﬁdei
1186 4539 1475 4595 rectitudo
1508 4545 1790 4604 servalur,
1806 4543 1862 4595 et
1897 4614 1902 4615 γ
1973 4549 2102 4590 rum
2139 4532 2277 4605 quia
2323 4534 2488 4586 tanta
2535 4534 2624 4587 est
2653 4527 2920 4602 agricolae
2951 4525 3140 4584 nostri
3171 4524 3620 4596 omnipotentis,

202 4632 324 4688 vitae
341 4614 505 4690 bonae
529 4631 735 4705 regula
759 4631 1086 4686 custoditur
1111 4646 1124 4687 :
1146 4629 1203 4685 id
1228 4634 1334 4698 est,
1361 4634 1423 4684 ut
1455 4629 1854 4702 principaliter
1886 4614 1932 4679 D
1967 4631 2028 4681 ut
2060 4623 2259 4680 nullus
2291 4622 2482 4678 valeat
2502 4621 2630 4693 ejus
2659 4620 2890 4677 vincere
2906 4618 3268 4676 voluntatem
3304 4636 3321 4688 ;
3349 4615 3621 4689 quisquis

205 4727 355 4780 recta
385 4727 659 4780 teneatur
687 4722 758 4777 de
787 4720 902 4778 Deo
935 4721 1465 4791 sententia,deinde
1489 4722 1752 4793 proximo
1767 4737 1858 4777 ex-

201 4811 470 4870 hibeatur
491 4813 708 4870 caritas
740 4812 1014 4870 divinitus
1050 4814 1350 4886 imperata.
1385 4815 1550 4870 Tunc
1597 4813 1750 4870 enim
1793 4830 1854 4869 se

201 4901 373 4960 homo
389 4909 549 4962 recte
568 4903 920 4974 diligit,cum
945 4903 1312 4960 dilectionem
1336 4903 1435 4959 Dei
1458 4902 1571 4959 sibi
1614 4905 1854 4959 devotus

202 4999 254 5050 et
282 4994 532 5051 humilis
552 4993 880 5067 anteponit.
901 4997 1054 5049 Tunc
1085 4994 1260 5050 etiam
1277 4993 1470 5066 diligit
1500 4994 1852 5066 proximum,

203 5084 249 5139 si
268 5087 558 5157 proximo,
593 5087 880 5159 quantum
914 5089 1122 5156 potest,
1155 5084 1440 5154 consulat,
1475 5088 1538 5139 ut
1570 5085 1640 5140 ad
1669 5085 1854 5140 Deum

201 5180 352 5232 recta
379 5177 498 5231 fide
528 5180 587 5232 et
617 5176 774 5232 bona
810 5175 1248 5232 conversatione
1275 5173 1855 5247 perveniut.Proximi

195 5272 384 5322 autem
414 5266 637 5323 caritas
653 5265 872 5340 duplici
889 5271 977 5322 est
997 5267 1221 5323 ratione
1244 5265 1858 5333 servanda,utscilicet

199 5373 300 5412 nec
330 5355 430 5412 alii
467 5357 684 5413 inferat
715 5357 1032 5429 quidquam
1062 5357 1216 5430 quod
1261 5355 1374 5412 sibi
1410 5354 1588 5411 nollet
1618 5355 1853 5424 inferri;

200 5461 303 5503 nec
339 5447 630 5521 indigenti
666 5462 834 5519 opem
868 5447 1003 5502 boni
1037 5446 1228 5519 operis
1260 5445 1320 5502 in
1354 5451 1640 5518 quantum
1665 5450 1856 5519 potest

199 5537 464 5611 deneget,
495 5537 639 5610 quia
670 5553 774 5593 nec
799 5535 1672 5608 sibivelletnegari,sisimiliter
1699 5536 1852 5591 indi-'-

201 5632 369 5699 geret.
402 5625 906 5684 UndeSalvutoris
930 5627 1114 5684 nostri
1137 5625 1223 5682 sic
1238 5626 1732 5698 nosagnoscimus
1763 5625 1858 5682 in-

269 5793 341 5862 (a)
366 5789 502 5863 Ms.,
525 5790 702 5863 justi:
727 5795 779 5849 et
807 5791 1008 5864 iniqui.

203 5863 346 5995 SM(‘b)
382 5861 621 5996 iilc'ms.
654 5880 831 5922 unus.
857 5861 964 5921 his.
1000 5861 1148 5920 alter
1174 5864 1232 5921 et
1262 5862 1425 5937 editi,
1449 5877 1560 5922 non
1589 5879 1854 5939 corpore;

329 5953 390 5995 m
455 5954 508 5998 ο.

1964 4715 2023 4769 in
2075 4711 2344 4785 praesenti
2393 4711 2514 4767 vita
2561 4727 2878 4768 conversus
2911 4708 3225 4766 recurrerit
3251 4707 3322 4765 ad
3356 4723 3501 4764 area;
3524 4707 3622 4763 do-

1966 4803 2195 4860 minicae
2225 4801 2420 4858 locum
2452 4801 2804 4874 legitimum,
2839 4800 2889 4857 si
2933 4803 3374 4875 perseveranter
3428 4801 3622 4854 teneat

1964 4893 2023 4949 in
2059 4893 2172 4949 fide
2197 4896 2356 4949 recta
2386 4893 2549 4949 bonae
2579 4892 2710 4949 vitae
2742 4891 3132 4966 propositum,
3155 4907 3271 4947 non
3292 4889 3402 4946 erit
3428 4889 3618 4960 palea,

1966 4984 2067 5041 sed
2101 4985 2487 5054 frumentum,
2530 4999 2636 5040 nec
2668 4983 2905 5056 ignibus
2934 4983 3201 5038 tradetur
3229 4994 3492 5047 arsurus,
3516 4977 3618 5032 sed

1965 5075 2025 5131 in
2057 5073 2267 5131 horreo
2300 5073 2753 5147 congregabitur
2772 5071 3004 5144 placitis
3027 5071 3144 5126 Deo
3178 5067 3463 5122 fructibus
3492 5065 3617 5137 opi-

1966 5170 2184 5222 matus.

2595 5269 2818 5327 CAPUT
2846 5267 2994 5325 XIX.

2039 5365 2100 5420 In
2135 5364 2260 5420 sola
2283 5379 2420 5435 ergo
2443 5359 2701 5416 Ecclesia
2727 5356 3014 5414 catholica
3045 5355 3212 5410 datur
3242 5357 3298 5410 et
3327 5353 3617 5427 accipitur

1965 5453 2234 5508 remissio
2258 5454 2652 5523 peccatorum,
2681 5463 2854 5520 quam
2871 5447 2998 5518 ipse
3015 5461 3264 5519 sponsus
3279 5459 3455 5500 unam
3471 5445 3618 5504 dicit

1966 5559 2093 5598 esse
2107 5541 2440 5596 columbam
2456 5555 2622 5595 suam
2635 5554 2834 5606 ,unam
2849 5537 3096 5593 electam
3121 5552 3496 5610 suam,quam
3509 5554 3613 5595 su-

1963 5648 2067 5706 per
2087 5633 2312 5703 petram
2331 5627 2622 5700 fundavit,
2651 5625 2745 5684 cui
2776 5626 2966 5685 claves
2997 5627 3160 5702 regni
3188 5626 3464 5685 caelorum
3511 5628 3612 5685 de-

2038 5796 2105 5870 (e)
2126 5797 2280 5870 Ant,
2304 5796 2365 5852 in
2390 5794 2611 5865 honore,
2633 5791 3610 5870 quaedamaerugintcontumetiamed

1968 5867 2106 5938 ms),
2145 5872 2204 5926 in
2242 5867 2588 5939 honorem..._
2624 5867 2688 5924 in
2743 5867 3135 5939 contumeliam
3165 5868 3337 5939 juxta
3383 5868 3608 5922 textum

1972 5937 2192 6014 ipsum,
2224 5939 2302 6006 εἷς
2327 5961 2520 6016 τιμην,
2550 5937 2628 6004 εἱς
2656 5938 2898 6015 ἀτιμίαν,
2927 5943 2986 5997 et
3014 5937 3184 6013 Vulg;
3209 5954 3358 5995 vers.
