3900 6214
331 313 451 373 543

1332 317 1399 377 S.
1445 317 1868 380 FULGENTII
1916 318 2264 382 EPISCOPI
2312 320 2747 385 RUSPENSIS

3641 324 3763 384 διι

340 443 449 513 dit,
468 443 562 500 cui
606 444 780 501 etiam
814 448 1163 517 potestatem
1193 448 1416 522 ligandi
1440 451 1816 524 solvendique
1844 470 1981 511 con-
2010 459 2067 523 Α
2094 454 2151 509 in
2188 456 2359 512 Deum
2412 457 2455 527 (I
2510 459 2660 513 Petr.
2724 475 2810 529 ιιι,
2866 458 2957 525 20,
2989 456 3096 529 21).
3130 456 3239 513 Ubi
3272 459 3361 512 est
3391 458 3594 512 autem
3628 473 3770 513 con-

341 532 536 601 cessit,
575 534 730 590 sicut
760 536 928 592 beato
960 537 1125 593 Petro
1154 538 1384 597 Veritas
1416 541 1543 613 ipsa
1582 544 1865 600 veraciter
1894 562 1985 600 re-

338 623 645 693 promittit,
678 625 881 681 dicens
915 643 929 685 :
968 629 1041 682 Tu
1067 643 1124 682 es
1154 631 1367 697 Petrus,
1401 634 1455 686 et
1494 648 1657 695 super
1702 638 1846 689 hanc
1887 652 1988 705 pe-

339 719 480 767 tram
510 713 788 783 aediﬁcabo
817 716 1119 773 Ecclesiam
1157 736 1359 788 meum,
1393 729 1444 776 et
1464 732 1645 793 porta}
1677 724 1988 795 inferorum

335 816 448 856 non
492 804 868 871 praevalebunt
912 808 1180 863 adversus
1218 825 1337 864 eam
1384 830 1398 878 ;
1430 819 1481 865 et
1509 812 1613 867 tibi
1641 812 1776 867 dabo
1806 814 1986 869 claves

337 892 496 960 regni
540 893 818 962 caelorum,
869 900 919 951 et
945 897 1298 970 quodcunque
1328 900 1651 971 alligaveris
1681 918 1844 973 super
1870 909 1986 958 ter-

336 995 481 1047 ram,
512 983 620 1036 erit
651 983 891 1054 ligatum
921 989 973 1040 et
999 988 1057 1041 in
1088 989 1254 1055 calo;
1285 996 1339 1043 et
1367 989 1726 1062 quodcunque
1754 991 1988 1047 solveris

334 1084 498 1139 super
514 1074 743 1140 terram,
766 1075 873 1129 erit
894 1076 1136 1131 solutum
1163 1083 1215 1132 et
1237 1079 1300 1133 in
1331 1079 1464 1135 caelo
1491 1079 1715 1151 (Matth.
1750 1098 1861 1149 va,
1894 1081 1983 1149 48,

340 1158 447 1229 19).
487 1161 571 1214 Ab
622 1160 730 1217 hac
788 1163 1043 1220 Ecclesia
1085 1182 1216 1236 quae
1268 1167 1457 1224 claves
1507 1169 1670 1241 regni
1710 1169 1986 1226 caelorum

338 1248 580 1319 accepit,
613 1251 886 1324 quisquis
917 1254 1058 1310 foris
1086 1260 1194 1325 est,
1229 1273 1343 1313 non
1373 1256 1662 1314 cmliviam
1698 1259 1985 1332 graditur,

337 1336 442 1390 sed
491 1337 703 1395 inferni
737 1358 751 1408 ;
812 1358 914 1397 nec
964 1344 1153 1399 tendit
1196 1345 1268 1400 ad
1301 1351 1531 1403 aeternae
1560 1349 1687 1404 vitae
1717 1350 1983 1418 domum,

339 1425 439 1478 sed
472 1427 658 1482 currit
684 1428 754 1483 ad
789 1433 994 1489 mortis
1024 1438 1253 1490 aeternae
1292 1436 1651 1509 supplicium
1688 1456 1701 1506 ;
1736 1455 1851 1495 non
1886 1456 1985 1493 so-

336 1514 459 1569 lum
492 1515 543 1569 si
575 1525 872 1575 remaneat
902 1522 1028 1577 sine
1046 1524 1339 1595 baptismo
1370 1543 1651 1598 paganus,
1687 1530 1786 1584 sed
1812 1529 1983 1584 etiam

340 1603 389 1658 si
422 1604 483 1660 in
513 1608 751 1665 nomine
783 1610 995 1681 Patris,
1024 1618 1082 1670 et
1115 1615 1241 1671 Filii
1262 1622 1320 1672 et
1350 1617 1601 1688 Spiritus
1632 1620 1820 1675 sancti
1850 1621 1988 1693 bap-

339 1693 551 1783 tizatus
579 1706 905 1768 perseveret
936 1701 1261 1761 haereticus.
1290 1707 1489 1778 Neque
1516 1709 1675 1763 enim
1703 1725 1807 1781 per
1839 1711 1986 1783 bap-

338 1782 499 1839 tismi
531 1788 806 1844 meritum
840 1790 1191 1864 adipiscitur
1222 1812 1419 1852 veram
1453 1798 1649 1870 vitam,
1677 1799 1725 1855 si
1758 1801 1891 1873 quis
1923 1782 1983 1857 in
2020 1822 2064 1885 Β

339 1876 576 1931 nomine
609 1877 816 1951 Patris,
850 1884 908 1935 et
945 1882 1097 1950 Filii,
1130 1888 1187 1939 et
1218 1886 1468 1957 Spiritus
1501 1889 1713 1957 sancti,
1745 1891 1865 1947 sive
1896 1892 1988 1947 in-

336 1966 427 2019 tra
447 1965 792 2039 Ecclesiam,
824 1969 944 2026 sive
973 1977 1135 2028 extra
1166 1975 1482 2033 Ecclesiam
1513 1979 1988 2051 baptizatus,non

335 2055 533 2111 tamen
563 2056 718 2114 intra
747 2059 1067 2117 Ecclesiam
1099 2064 1443 2122 catholicam
1475 2070 1810 2126 terminarit
1840 2071 1990 2128 hanc

333 2141 548 2213 vitam;
587 2163 691 2202 nec
746 2148 897 2205 vivet
929 2166 1033 2222 per
1088 2153 1471 2211 ecclesiastici
1504 2157 1873 2227 baptismatis
1905 2179 1995 2217 sa-

336 2239 726 2307 cramentum,
772 2238 872 2308 qui
932 2255 1047 2294 non
1075 2245 1331 2298 tenuerit
1374 2244 1779 2303 ecclesiasticae
1835 2252 1986 2307 375

334 2320 468 2376 ﬁdei
525 2323 904 2396 caritatisque
963 2331 1345 2387 consortium.
1402 2332 1504 2389 Ille
1542 2336 1697 2391 enim
1732 2338 1992 2397 salvatur

338 2415 702 2467 sacramento
734 2414 1125 2485 baptismatis,
1161 2437 1334 2492 quem
1367 2422 1523 2479 intra
1547 2425 1865 2484 Ecclesiam
1896 2448 1989 2486 ca-

337 2497 618 2554 tholicam
652 2516 839 2572 usque
869 2506 940 2559 ad
967 2506 1191 2564 obitum
1228 2513 1533 2582 praesentis
1576 2515 1705 2571 vitae
1737 2521 1991 2576 tenuerit

339 2588 535 2644 unitas
566 2591 851 2650 caritatis.

970 2740 1201 2798 CAPUT
1240 2744 1353 2801 XX.

409 2860 695 2917 Caeterum
712 2862 761 2918 si
784 2864 920 2935 quis
934 2875 1033 2923 aut
1063 2869 1132 2925 de
1145 2871 1403 2929 Ecclesia
1431 2875 1758 2947 baptizatus
1771 2881 1992 2952 egredi-

341 2949 458 3040 tur,
480 2953 580 3004 aut
602 2954 764 3040 extra
793 2953 1109 3014 Ecclesiam
1132 2959 1189 3014 in
1210 2961 1421 3027 Patris,
1447 2969 1503 3019 et
1532 2965 1684 3037 Filii,
1721 2972 1777 3023 et
1803 2949 1988 3040 Epiri-

337 3037 434 3130 tus
456 3039 647 3130 sancti
668 3043 902 3099 nomine
924 3045 1273 3119 baptizatus,
1298 3051 1348 3106 si
1378 3058 1513 3109 ante
1542 3055 1718 3113 ﬁnem
1742 3037 1992 3130 praesen-

337 3122 560 3182 tisvitae
573 3145 688 3185 non
702 3130 873 3188 fuerit
903 3135 1199 3193 catholicae
1217 3140 1522 3198 restitutus
1548 3122 1839 3212 Ecclesiae,
1872 3166 1984 3204 non

340 3216 558 3272 carebit
580 3224 888 3290 morte,sed
914 3226 1150 3297 requie:
1178 3230 1317 3299 quia
1342 3195 1689 3305 attempoi-e
1712 3195 1984 3294 diluviivs-i
2020 3195 2061 3261 Ο

340 3305 475 3377 quis
496 3307 557 3364 in
579 3325 773 3367 arcam
795 3312 913 3370 Noe
926 3314 1142 3385 (Genes.
1174 3335 1270 3387 vn,
1292 3319 1383 3392 2i)
1418 3338 1532 3377 non
1556 3329 1647 3379 est
1665 3324 1982 3397 ingressus,

338 3410 455 3452 non
479 3401 568 3453 est
598 3399 857 3457 salvatus
888 3403 1127 3476 diluvio,
1162 3409 1261 3464 sed
1296 3416 1560 3478 necatus,
1604 3430 1709 3470 nec
1739 3415 1985 3472 salutem

337 3483 630 3577 invenitin
658 3506 833 3562 aqua,
850 3494 953 3549 sed
976 3500 1418 3571 mortem.Aqua
1434 3503 1848 3575 quippeilla,in
1871 3523 1988 3577 qua

336 3576 820 3648 praeﬁgurabatur
835 3583 1207 3655 baptismatis
1220 3576 1986 3666 eacramentum,quoscun-

341 3680 453 3735 que
470 3666 531 3722 in
559 3686 692 3725 arca
705 3673 980 3743 reperit,a
1009 3678 1164 3732 terra
1176 3696 1499 3750 suspensos
1523 3684 1595 3738 ad
1619 3684 1877 3742 caelestia
1897 3703 1991 3741 su-

338 3752 644 3845 blimavit;
676 3760 943 3818 residuos
973 3769 1169 3821 autem
1211 3784 1517 3839 oppressos
1575 3774 1805 3842 occidit,
1844 3792 1988 3845 quos

340 3840 483 3932 foris
514 3843 752 3901 invenit.
781 3847 851 3902 Et
908 3857 1188 3920 pereunte
1220 3854 1575 3928 Hiericho,si
1608 3877 1755 3932 quos
1779 3840 1988 3920 domus

341 3929 502 3985 Raab
552 3934 878 3991 meretricis
907 3935 1167 4010 inclusit,
1201 3941 1525 4002 incolumes
1554 3929 1730 4006 Jesus
1761 3969 1989 4010 servare

341 4019 796 4092 praecepitUosue
836 4041 913 4094 νι,
949 4025 1080 4097 25);
1114 4030 1371 4102 reliquos
1404 4050 1533 4092 vero
1563 4052 1712 4108 quos
1742 4040 1845 4095 illa
1874 4059 1987 4098 non

339 4109 670 4167 continebat
689 4112 1987 4199 domus,uniusmortisconsumpsitinteritus.

339 4198 406 4255 In
436 4199 535 4292 illa
582 4200 763 4274 igitur
799 4222 953 4276 arca,
984 4212 1043 4265 et
1072 4210 1132 4266 in
1178 4211 1281 4269 illa
1317 4215 1491 4272 domo
1524 4198 1637 4274 una
1666 4220 1990 4292 eademque

340 4290 829 4379 praeﬁgurabatur
845 4296 1131 4370 Ecclesia;
1154 4303 1250 4359 sed
1283 4304 1341 4360 in
1372 4305 1461 4361 his
1494 4308 1594 4379 qui
1617 4313 1778 4365 extra
1793 4290 1988 4368 arcam

337 4378 559 4438 diluvio
590 4386 913 4456 perierunt,
946 4393 1004 4445 et
1027 4390 1084 4444 in
1119 4391 1204 4448 eis
1236 4395 1335 4465 qui
1366 4400 1530 4452 extra
1559 4397 1720 4455 illam
1752 4401 1990 4458 domum

338 4561 693 4619 considerari
710 4569 1365 4637 mysterium.Existimo
1379 4577 1534 4634 enim
1548 4545 1991 4651 quantummihi
2023 4545 2068 4610 D

340 4649 751 4738 nuncinterim
776 4657 1146 4728 videtur,non
1171 4664 1493 4738 incongrue
1515 4649 1674 4725 credi
1702 4670 1761 4726 in
1784 4671 1988 4727 diluvii

338 4735 768 4807 signiﬁcatione
790 4747 1160 4815 praecessisse
1175 4735 1467 4824 baptisma
1490 4757 1830 4816 Christianae
1850 4778 1988 4817 con-

337 4824 649 4901 fessionis;
700 4835 763 4886 ut
783 4849 1172 4902 agnoscamus
1200 4841 1520 4914 haereticos,
1538 4849 1587 4903 si
1613 4852 1774 4905 extra
1804 4850 1992 4907 Eccle-

335 4915 485 4972 siam
518 4923 973 4991 permanserint,
1004 4924 1299 4997 baptismo
1344 4948 1572 5002 poenam
1608 4940 1836 5008 mereri,
1873 4957 1987 4997 non

335 5005 601 5079 vitam,et
630 5025 729 5067 eos
756 5011 858 5083 qui
876 5011 1178 5071 Christum
1213 5026 1495 5091 negantes
1522 5023 1593 5079 de
1623 5005 1885 5083 Ecclesia
1903 5046 1992 5085 ca-

336 5096 551 5155 tholica
573 5099 1138 5170 discedunt,aeterno
1165 5107 1457 5179 supplicio
1483 5112 1795 5183 perituros.
1829 5121 1988 5174 Arcaa

337 5188 555 5280 quippe
589 5198 1019 5251 sacramentum
1040 5195 1247 5253 beatus
1272 5198 1475 5257 Petrus
1498 5201 1588 5259 bis
1610 5205 1802 5261 verbis
1821 5225 1991 5280 expo-

332 5279 419 5334 nit
442 5295 457 5337 :
478 5283 545 5336 In
564 5280 756 5340 diebus
775 5287 990 5358 quando
1012 5292 1357 5361 exspectabat
1371 5293 1468 5351 Dei
1481 5298 1755 5366 patientia
1782 5298 1844 5353 in
1867 5279 1988 5354 die-

250 5408 253 5409 ν
332 5370 428 5425 bus
469 5373 595 5443 Noe,
628 5392 752 5431 cum
779 5379 1154 5447 fabricarelur
1186 5398 1336 5451 arca,
1370 5383 1429 5440 in
1461 5402 1567 5458 qua
1593 5390 1782 5459 pauci,
1826 5389 1883 5445 id
1910 5397 1988 5448 est

327 5466 440 5517 octo
468 5464 672 5521 animm
725 5469 1102 5542 salvsejfactae
1132 5478 1262 5528 sunt
1288 5492 1391 5547 per
1420 5494 1626 5549 aquam
1665 5495 1677 5533 :
1713 5482 1857 5551 quod
1897 5498 1987 5538 vos

325 5564 473 5639 nunc
500 5554 705 5611 similis
734 5559 926 5626 formae
960 5561 1235 5634 baptisma
1265 5567 1442 5623 salvos
1465 5569 1624 5639 facit,
1651 5587 1760 5627 non
1794 5575 1987 5629 carnis

326 5635 592 5710 depositio
620 5646 886 5719 sordium,
918 5650 1015 5706 sed
1044 5657 1396 5714 conscientia:
1426 5635 1583 5718 bonae
1608 5635 1984 5736 interrogatio

397 5764 476 5840 (a)
504 5769 638 5840 λίβη
669 5778 810 5830 etut
836 5774 1040 5833 dicam.

2094 546 2334 601 scientia
2392 548 2562 615 bona,
2599 547 2713 602 nisi
2749 547 2847 602 ubi
2870 551 2960 603 est
2985 552 3041 602 et
3066 546 3211 603 ﬁdes
3234 563 3348 602 non
3372 547 3510 601 ﬁcta
3528 546 3557 600 ‘l
3581 551 3765 603 Docct

2093 636 2249 690 enim
2289 636 2591 707 apostolus
2632 636 2893 693 Paulus:
2938 638 3081 704 Quia
3118 639 3247 708 ﬁnis
3273 638 3543 708 praecepti
3570 640 3655 691 est
3674 653 3767 691 ca-

2093 727 2233 779 ritas
2280 725 2345 780 de
2395 726 2556 781 corde
2585 743 2747 797 puro,
2777 736 2831 781 et
2865 725 3200 783 conscientia
3232 726 3391 797 bona,
3426 731 3477 782 et
3507 725 3617 795 ﬁde
3646 742 3763 781 non

2093 815 2221 884 ﬁcta
2252 814 2295 886 (1
2326 814 2458 871 Tim.
2492 832 2534 881 1,
2584 817 2660 887 5).
2696 817 2843 883 Quid
2875 832 3009 887 ergo
3043 834 3197 887 aqua
3226 816 3430 871 diluvii
3465 831 3587 871 non
3642 815 3757 872 sal-

2093 904 2244 958 vavit
2272 908 2430 960 extra
2478 923 2674 961 arcam
2707 908 2953 977 positos,
2987 910 3083 962 sed
3118 906 3377 962 occidit?
3399 905 3539 961 Sine
3571 905 3761 961 dubio

2094 994 2510 1066 prmﬁgurabat
2556 1012 2791 1051 omnem
2843 995 3211 1062 haereticum,
3258 995 3394 1051 licet
3432 995 3757 1051 habentem

2094 1083 2471 1155 baptismatis
2500 1090 2960 1156 sacramentum,
3007 1102 3122 1142 non
3159 1084 3309 1151 aliis,
3344 1085 3451 1140 sed
3491 1085 3646 1157 ipsis
3707 1103 3762 1140 a-

2096 1175 2229 1244 quis
2261 1173 2332 1229 ad
2356 1173 2579 1229 inferna
2627 1177 3038 1248 mergendum,
3075 1175 3294 1247 quibus
3326 1191 3465 1231 arca
3482 1174 3756 1231 subleva-

2093 1266 2191 1317 tur
2228 1264 2298 1318 ad
2359 1263 2591 1321 caelum.
2627 1264 2825 1336 Neque
2855 1265 3009 1321 enim
3041 1265 3115 1320 ob
3168 1264 3328 1321 aliud
3361 1265 3449 1321 eis
3481 1264 3759 1321 interitus

2094 1368 2196 1422 per
2225 1369 2440 1425 aquam
2474 1354 2758 1423 nascitur,
2791 1355 2907 1410 nisi
2938 1354 3073 1426 quia
3105 1370 3205 1411 eos
3235 1372 3381 1411 arcae
3414 1371 3535 1410 non
3566 1354 3756 1411 conti-

2093 1446 2192 1497 net
2214 1442 2381 1499 sinus
2414 1461 2426 1499 :
2460 1444 2517 1498 in
2551 1461 2666 1515 quo
2698 1443 2822 1500 solo
2854 1449 3046 1516 potest
3077 1445 3266 1500 vivere
3320 1444 3601 1516 quisquis
3639 1460 3751 1499 non

2094 1530 2217 1586 vult
2245 1532 2412 1603 aquis
2442 1520 2715 1590 vitalibus
2747 1534 3008 1592 interire.

2708 1714 2940 1772 CAPUT
2970 1714 3122 1770 XXI.

2173 1898 2209 1951 ll
2220 1897 2355 1967 ujus
2370 1913 2514 1953 arcae
2529 1897 3584 1969 mysteriumCyprianusheatissimus
3603 1913 3756 1953 mar-

2098 1991 2189 2059 tyr
2201 1985 2533 2043 scribensin
2555 1985 2704 2042 libro
2723 1988 2794 2042 de
2819 1986 3205 2059 Simplicitate
3221 1986 3615 2059 praelatorum,
3654 1986 3746 2042 vel

2097 2076 2288 2147 potius
2314 2077 2641 2132 secundum
2666 2080 2893 2132 vetusta
2914 2077 3265 2149 exemplaria
3283 2076 3350 2131 de
3382 2074 3618 2130 Unitate
3650 2090 3749 2129 oa—

2096 2164 2864 2238 tholicaeEcclesim,exponit
2883 2182 2897 2221 :
2919 2165 3231 2222 Adulterari
3245 2182 3350 2221 non
3365 2172 3751 2236 potestsponsa

2100 2254 2310 2311 Christi
2333 2273 2347 2311 :
2398 2257 2718 2323 incorrupta
2743 2260 2821 2312 est
2849 2258 2924 2328 (a)
2954 2261 3007 2312 et
3032 2257 3232 2329 pudica
3284 2272 3490 2325 ;unam
3519 2254 3749 2310 domum

2094 2348 2264 2415 novit,
2324 2347 2478 2401 376
2521 2347 2689 2401 unius
2712 2346 2954 2402 cubiculi
2978 2350 3327 2403 sanctitatem
3354 2353 3506 2404 casto
3534 2344 3751 2415 pudore

2095 2435 2349 2493 custodit.
2398 2438 2526 2493 Haec
2564 2452 2662 2492 nos
2712 2438 2819 2492 Deo
2847 2445 3047 2507 servat,
3093 2436 3212 2495 haec
3258 2436 3402 2505 ﬁlios
3431 2452 3601 2505 regno
3620 2451 3753 2507 quos

2095 2526 2383 2594 generavit
2431 2525 2696 2596 assignat.
2741 2526 2996 2596 Quisquis
3030 2528 3096 2581 ab
3146 2527 3389 2582 Ecclesia
3412 2530 3749 2596 segregatus,

2094 2615 2370 2671 adultera
2416 2615 2698 2686 jungitur,
2743 2631 2780 2669 a
2805 2616 3093 2686 promissis
3122 2615 3378 2672 Ecclesia
3404 2624 3703 2685 separatur
3735 2629 3749 2670 :

2094 2720 2193 2761 nec
2206 2706 2482 2776 perveniet
2495 2704 2565 2759 ad
2579 2704 2787 2762 Christi
2802 2703 3179 2776 prmmia,qui
3208 2706 3485 2776 relinquit
3514 2704 3611 2775 (al.
3628 2702 3754 2761 reli-

2095 2793 2235 2865 quit)
2267 2794 2570 2849 Ecclesiam
2600 2793 2805 2849 Christi
2828 2811 2841 2848 :
2872 2795 3091 2850 alienus
3117 2802 3219 2862 est,
3248 2796 3529 2866 profanus
3554 2794 3754 2863 est,ho-

2094 2885 2192 2938 stis
2213 2892 2313 2939 est.
2338 2884 2558 2939 Habere
2576 2899 2688 2939 non
2694 2885 3045 2955 petestDeum
3062 2886 3305 2956 patrem,
3330 2885 3428 2957 qui
3456 2884 3751 2940 Ecclesiam

2094 2990 2203 3030 non
2226 2973 2383 3029 habet
2412 2980 2669 3031 matrem.
2709 2974 2858 3030 Sicut
2890 2990 3001 3031 non
3017 2975 3197 3046 potuit
3222 2974 3451 3030 evadere
3502 2975 3747 3046 quisquis

2095 3069 2258 3119 extra
2293 3078 2485 3118 arcam
2507 3064 2614 3119 Noe
2644 3065 2773 3133 fuit,
2805 3064 2951 3120 sicet
2994 3065 3090 3134 qui
3104 3068 3272 3119 extra
3288 3064 3596 3119 Ecclesiam
3611 3065 3747 3134 foris

2096 3151 2403 3225 fuerit,non
2417 3151 2625 3208 evadet.
2645 3151 2878 3207 Certum
2901 3156 2988 3209 est
3002 3153 3181 3225 igitur
3196 3157 3318 3208 tam
3340 3154 3750 3223 praedicatione

2100 3241 2253 3298 beati
2274 3241 2517 3313 apostoli
2548 3241 2702 3295 Petri
2727 3258 2902 3312 quam
2925 3242 3289 3313 expositione
3309 3243 3511 3298 sancti
3534 3247 3749 3314 marty-

2095 3330 2541 3403 risCypriani,in
2566 3332 2821 3386 arcaNoe
2845 3332 3087 3403 ﬁguram
3113 3331 3468 3402 Ecclesim,et
3491 3332 3551 3386 in
3574 3332 3744 3402 aquis

2095 3419 2295 3474 diluvii
2320 3420 2566 3491 figuram
2581 3420 2952 3491 baptismatis
2973 3420 3288 3477 exstitisse.
3306 3421 3369 3475 In
3394 3419 3498 3477 illa
3515 3435 3743 3493 quoque

2096 3508 2267 3564 domo
2292 3509 2449 3564 Raab
2468 3508 2809 3580 meretricis,
2830 3526 2976 3581 quae,
3001 3514 3276 3581 pereunte
3298 3508 3595 3575 Hiericho,
3628 3508 3745 3565 sola

2097 3598 2436 3670 estjubente
2460 3600 2596 3655 Jesu
2620 3615 2751 3655 cum
2776 3600 3047 3655 omnibus
3066 3616 3213 3670 quos
3245 3599 3401 3654 intra
3443 3616 3511 3656 se
3543 3599 3743 3655 habuit

2094 3686 2411 3744 incolumis
2434 3692 2752 3760 reservata,
2790 3688 2850 3744 in
2882 3692 3248 3745 sacramento
3262 3687 3608 3745 Christiana:
3622 3705 3749 3744 con-

2097 3776 2389 3848 fessionis,
2424 3785 2715 3850 quantum
2739 3779 2884 3834 mihi
2904 3779 3151 3847 videtur,
3180 3778 3469 3835 catholica
3491 3778 3751 3852 exgenti-

2097 3869 2208 3925 bus
2226 3869 2675 3942 signiﬁcabatur
2698 3868 3118 3937 Ecclesia.Quae
3149 3868 3373 3925 scilicet
3394 3870 3607 3940 rejects
3630 3869 3745 3939 pri-

2096 3958 2261 4013 stinae
2294 3958 2694 4015 fornicationis
2727 3958 2941 4028 illuvie,
2975 3960 3123 4015 duos
3178 3961 3574 4031 exploratores
3608 3958 3744 4014 Jesu

2099 4046 2349 4104 latenter
2369 4050 2597 4120 excepit
2618 4066 2632 4104 :
2659 4048 2768 4104 hoc
2790 4056 2897 4116 est,
2924 4048 3042 4105 sive
3063 4050 3369 4122 utriusque
3395 4047 3744 4106 Testamenti

2099 4142 2323 4194 castam
2346 4139 2759 4208 cognitionem,
2785 4139 2906 4195 sive
2940 4139 3039 4195 Dei
3060 4142 3118 4195 et
3137 4139 3381 4212 proximi
3397 4140 3701 4194 caritatem
3727 4153 3741 4192 :

2099 4227 2236 4299 quia
2258 4227 2397 4283 etin
2424 4226 2544 4283 illis
2569 4227 2802 4283 duobus
2833 4228 3226 4285 Testamentis
3256 4228 3353 4284 Dei
3384 4232 3440 4284 et
3495 4223 3744 4300 proximi

2095 4316 2312 4372 caritas
2343 4315 2672 4384 intimatur,
2716 4320 2773 4372 et
2822 4317 2881 4372 in
2914 4316 3007 4373 his
3039 4319 3264 4375 duobus
3297 4319 3600 4391 praeceptis
3630 4320 3747 4372 tota

2094 4406 2185 4461 lex
2203 4421 2335 4462 cum
2364 4405 2667 4478 prophetis
2689 4407 2943 4478 pendere
2975 4408 3351 4479 cognoscitur
3372 4409 3580 4479 (Matth.
3611 4423 3747 4477 xm,

2099 4497 2210 4561 40).
2242 4496 2373 4551 Haec
2418 4513 2545 4567 quae
2589 4496 2753 4569 prius
2798 4496 2970 4553 idolis
2995 4498 3310 4570 prostituta
3339 4498 3451 4554 fuit
3483 4497 3749 4555 meretrix

2099 4584 2293 4656 impia,
2318 4584 2650 4656 suscipiens
2670 4585 3240 4658 exploratoresJesu,
3276 4588 3427 4644 facta
3456 4593 3550 4645 est
3571 4586 3748 4643 ﬁdelis

2103 4679 2160 4730 et
2189 4678 2375 4730 casta:
2402 4691 2549 4746 quos
2571 4675 2907 4731 custodiens
2931 4693 2963 4731 a
2976 4676 3747 4748 persequentibusinimicis,

2101 4780 2216 4819 non
2242 4766 2301 4819 in
2334 4764 2709 4821 inferioribus
2741 4765 3036 4837 depositos
3067 4766 3282 4835 obruit,
3315 4767 3422 4822 sed
3452 4767 3517 4824 in
3551 4765 3748 4824 solario

2099 4854 2312 4909 domus
2336 4871 2454 4909 suae
2477 4853 2960 4912 levatoslatenter
2978 4855 3606 4914 abscondit.Solarium
3627 4869 3747 4913 vero

2099 4948 2407 5015 propterea
2421 4943 2658 5014 dicitur,
2679 4961 2745 5000 eo
2770 4946 2921 5014 quod
2943 4945 3326 5001 solislumine
3345 4948 3748 5018 perfundatur.

2097 5034 2238 5098 Quis
2270 5038 2359 5088 est
2390 5037 2588 5089 autem
2617 5037 2702 5089 sol
2731 5034 2979 5090 humani
3009 5034 3224 5103 cordis,
3259 5036 3375 5091 nisi
3407 5035 3514 5093 ille
3545 5039 3613 5092 de
3641 5048 3746 5105 quo

2099 5122 2323 5179 dictum
2346 5127 2436 5178 est
2454 5139 2556 5194 per
2571 5124 2919 5195 prophetam
2946 5141 2958 5179 :
2990 5124 3333 5181 Timentibus
3352 5136 3543 5183 autem
3562 5138 3750 5181 nomen

2096 5230 2284 5269 meum
2319 5212 2536 5269 orietur
2580 5212 2668 5269 sol
2709 5216 2962 5283 iustitiae,
3005 5223 3055 5270 et
3079 5214 3291 5270 sanitas
3321 5215 3380 5269 in
3413 5218 3616 5285 pennis
3643 5214 3750 5286 ejus

2100 5304 2347 5374 (Malach.
2400 5320 2476 5373 ιν,
2524 5302 2631 5371 2)?
2678 5304 2755 5358 De
2787 5306 2912 5375 ipso
2944 5302 3066 5359 sole
3099 5304 3322 5359 oriente
3351 5306 3665 5362 Zacharias
3698 5302 3750 5356 in

2096 5392 2402 5465 Evangelia
2436 5392 2521 5446 sic
2552 5392 2863 5464 prophetat
2888 5409 2900 5447 :
2923 5394 3063 5461 Quia
3084 5394 3331 5450 visitavit
3351 5412 3453 5451 nos
3479 5396 3665 5452 oriens
3692 5406 3755 5447 ex

2095 5483 2233 5553 alto,
2257 5483 2585 5539 illuminare
2603 5482 2695 5538 his
2717 5486 2810 5554 qui
2836 5485 2895 5537 in
2909 5484 3144 5538 tenebris
3173 5489 3226 5539 et
3251 5485 3311 5539 in
3342 5487 3544 5541 umbra
3564 5483 3751 5539 mortis

2094 5573 2280 5630 sedent
2326 5572 2479 5645 (Luc.
2540 5590 2582 5640 ι,
2639 5572 2730 5642 78,
2781 5572 2889 5641 79).
2925 5572 3072 5627 Nam
3122 5574 3433 5631 etAbacuc
3466 5573 3751 5648 propheta

2095 5662 2305 5720 Christi
2319 5661 2720 5721 ascensionem
2735 5667 2787 5717 el
2799 5661 3023 5719 ordinis
3037 5660 3419 5720 ecclesiastici
3434 5664 3749 5721 ﬁrmitatem
