3878 6316
146 335 234 395 557

769 470 1005 528 CAPUT
1049 471 1171 527 VII.

191 558 258 614 Ex
281 556 471 628 hujus
506 557 684 615 enim
742 561 872 617 vita:
914 561 1026 616 fine
1069 560 1231 616 illius
1261 562 1395 617 vitis
1434 562 1650 633 pendet
1680 561 1796 617 ini-

139 650 280 716 tium,
305 651 365 705 in
401 667 532 720 qua
564 653 871 724 quidquid
907 652 1254 707 retribuitur
1277 669 1389 708 non
1423 653 1796 708 finitur.Cum

144 746 304 795 autem
338 740 528 806 digne
562 744 639 796 ab
677 742 949 812 apostolo
981 742 1206 798 Joanne
1240 743 1508 797 dicatur:
1546 743 1654 810 Qui
1682 743 1797 798 odit

47 829 52 842 ί
147 835 339 902 fratrem
358 847 556 897 suum,
578 832 866 887 homicida
883 840 984 897 est,
1009 838 1060 887 et
1082 832 1234 887 scitis
1259 830 1392 904 quia
1409 835 1589 887 omnis
1616 833 1791 888 homi-

152 922 250 977 cida
266 937 373 976 non
401 919 576 975 habet
597 919 776 976 vitam
799 929 1068 976 a’temam
1089 923 1146 976 in
1173 938 1231 976 se
1245 923 1606 992 manentem“
1634 924 1790 978 Joan.

155 1027 224 1073 Ill,
252 1012 353 1067 t3).
383 1009 666 1082 Cumque
697 1017 940 1066 sanctus
966 1011 1142 1066 David
1165 1011 1341 1067 dicat:
1371 1011 1477 1078 Qui
1495 1019 1682 1066 autem
1705 1013 1792 1066 di-

159 1101 259 1172 tigit
278 1099 666 1172 iniquitatem,
699 1100 821 1156 odit
850 1101 1101 1156 animam
1129 1117 1287 1156 suam
1310 1102 1479 1173 (Psat.
1513 1119 1570 1166 x,
1601 1103 1656 1172 6)
1693 1119 1705 1156 :
1740 1101 1790 1157 si

159 1189 425 1246 homicida
451 1195 546 1245 est
574 1191 933 1262 quifratrem
963 1207 1139 1246 suum
1162 1191 1454 1263 odit.quid
1478 1197 1566 1246 est
1583 1191 1681 1263 qui
1710 1191 1792 1244 di-

155 1278 659 1350 ligitiniquitatem
686 1284 747 1334 et
775 1278 900 1334 odit
922 1280 1179 1335 animam
1208 1280 1471 1335 suam?et
1493 1279 1540 1334 si
1568 1279 1664 1334 ille
1687 1279 1787 1350 qui

151 1370 256 1424 odit
280 1369 518 1424 fratrem
546 1384 664 1424 non
690 1369 866 1424 habet
886 1370 1062 1424 vitam
1081 1375 1359 1425 aeternam
1383 1368 1441 1424 in
1466 1385 1526 1425 se
1550 1385 1788 1423 manen-

147 1464 272 1525 tem,
300 1459 600 1529 quomodo
620 1457 721 1512 ille
762 1458 861 1529 qui
882 1459 939 1513 in
965 1459 1273 1515 dilectione
1294 1458 1629 1530 iniquitatis
1651 1459 1784 1515 odio

147 1548 337 1604 animae
366 1564 494 1604 suae
529 1548 665 1602 finit
695 1548 869 1604 istam
905 1547 1103 1617 vitim,
1138 1549 1440 1620 pervenire
1474 1550 1681 1618 poterit
1711 1551 1782 1603 ad

147 1637 559 1710 indulgentiam
584 1643 982 1709 peccatorum,
1010 1655 1112 1709 per
1132 1654 1308 1710 quam
1342 1638 1574 1694 venitur
1605 1639 1676 1693 ad
1703 1640 1783 1692 vi-

144 1733 250 1784 tam
278 1727 462 1783 ‘tcum
493 1726 626 1799 ipse
646 1726 935 1782 Dominus
957 1731 1154 1783 noster
1182 1728 1480 1783 evidenter
1510 1730 1784 1784 ostendat

1111 337 1210 397 UE
1255 335 1728 399 REMISSIONE
1773 339 2302 408 PECCATORUM
2346 349 2499 410 LIB.
2547 352 2625 412 ΙΙ.

1829 475 1883 540 Α

3437 368 3560 428 1558

2514 521 2746 580 CAPUT
2792 525 2942 584 VIII.

1980 655 2217 727 Oportet
2247 659 2424 730 igitur
2455 668 2517 718 ut
2545 664 2703 722 hunc
2736 669 3066 738 apostolicae
3114 675 3550 743 praedicationis

1907 761 2232 837 sermonem
2251 752 2420 821 paulo
2435 753 2773 827 diligentius
2787 763 3382 837 attendamus.Neque
3395 771 3550 826 enim

1907 834 2124 891 frustra
2155 855 2285 894 cum
2327 845 2491 898 tanta
2519 846 2771 916 pondere
2801 859 3120 919 praemonet
3143 834 3549 914 dicenszNolite

1903 939 2138 995 errare;
2174 945 2237 982 ac
2287 931 2562 1004 deinceps
2607 935 2866 1005 adjecit:
2908 939 3049 994 Deus
3095 957 3201 998 non
3253 943 3545 1004 irridetur.

1903 1017 2279 1074 Postmodum
2312 1036 2446 1075 vero
2473 1024 2722 1093 aperuit,
2755 1025 2810 1080 in
2846 1043 2961 1098 quo
2995 1033 3311 1088 nonnullos
3353 1050 3547 1093 errare

1903 1105 2189 1175 cognovit,
2215 1107 2508 1180 inquiens:
2535 1112 2669 1180 Qum
2685 1116 2835 1170 enim
2863 1119 3218 1176 seminaverit
3242 1123 3547 1189 homo,th

1904 1201 1952 1248 et
1964 1199 2146 1263 metet;
2173 1197 2338 1254 Errat
2355 1215 2490 1272 ergo
2505 1218 2538 1272 q
2551 1203 2776 1275 uisquis
2791 1222 2852 1260 se
2874 1207 2931 1261 in
2949 1210 3330 1268 retributione
3351 1215 3548 1271 futura

1905 1297 2237 1340 messurum
2265 1292 2429 1358 putat
2453 1293 2605 1361 quod
2633 1291 2688 1347 in
2723 1293 3029 1364 bujustem
3043 1299 3197 1369 poris
3211 1303 3549 1374 operatione

1901 1387 2015 1425 non
2035 1375 2530 1433 seminat.Verum
2549 1379 2683 1450 quia
2699 1381 2888 1452 ipsius
2901 1387 3305 1444 seminationis
3322 1407 3387 1446 ac
3401 1407 3552 1446 mes-

1901 1461 1984 1515 sis
2015 1460 2320 1519 diversitas
2351 1466 3158 1543 fuitjevidenliusintimenda,
3178 1476 3395 1534 idcirco
3417 1495 3546 1536 eam

1900 1549 2396 1623 subsequentibus
2426 1556 2616 1611 verbis
2644 1559 2863 1629 peritus
2891 1562 3259 1620 discernendi
3292 1568 3547 1638 agricola

1900 1641 2288 1713 subjungens,
2328 1643 2444 1700 haec
2476 1647 2577 1701 ait:
2611 1649 2882 1715 Quoniam
2912 1655 3007 1723 qui
3033 1654 3268 1710 seminat
3298 1657 3360 1712 in
3379 1674 3546 1716 carne

1897 1731 2095 1796 sua,de
2121 1747 2293 1787 carne
2312 1738 2481 1792 metet
2506 1740 2930 1806 corruptionem:
2965 1743 3063 1812 qui
3090 1751 3278 1800 autem
3309 1749 3544 1803 seminat

148 1816 376 1890 qualiter
408 1818 480 1874 ad
514 1817 697 1872 vitam
723 1819 1138 1889 unusquisque
1163 1818 1782 1888 perveniat,dicens:8i
1816 1847 1864 1911 Β
1901 1819 1956 1872 in
1988 1820 2213 1889 spiritu,
2239 1820 2306 1874 de
2352 1825 2557 1893 spiritu
2588 1829 2750 1880 metet
2789 1830 2961 1883 vitam
3013 1834 3302 1887 aeternam.
3329 1834 3428 1889 Ille
3458 1841 3547 1891 est

144 1908 220 1963 vis
249 1909 428 1963 venire
460 1906 533 1962 ad
565 1906 766 1973 vitam,
793 1923 956 1962 serva
1001 1907 1264 1962 mandata
1312 1907 1538 1978 (Matth.
1573 1925 1648 1974 Ix,
1681 1910 1786 1978 17).

149 1997 244 2054 Ille
270 1999 438 2070 igitur
463 1998 661 2054 veniet
681 1999 751 2052 ad
775 1998 953 2054 vitam
985 1999 1084 2070 qui
1116 1999 1397 2055 mandata
1427 2001 1787 2064 servat.Quis

147 2093 322 2143 autem
350 2094 542 2143 servat
562 2088 768 2143 divina
800 2088 1329 2158 mandata,nisiqui
1352 2089 1422 2142 ad
1441 2088 1622 2143 Deum
1650 2105 1786 2144 con-

144 2193 330 2232 versus
361 2183 501 2232 ante
537 2178 714 2231 tinem
749 2176 873 2231 vitae
897 2177 1202 2248 praesentis
1219 2176 1555 2232 discesserit
1576 2178 1648 2232 ab
1670 2177 1784 2232 ini-

140 2268 448 2337 quitatibus
475 2267 778 2338 pristinis?
790 2268 1032 2338 Propter
1055 2267 1213 2339 quod
1226 2269 1434 2323 beatus
1449 2267 1664 2322 Paulus
1680 2284 1785 2322 nos

136 2357 414 2421 admonet,
448 2361 515 2411 ut
543 2356 792 2412 discedat
815 2357 885 2412 ab
919 2357 1220 2427 iniquitate
1243 2356 1422 2413 omnis
1453 2355 1550 2430 qui
1568 2360 1783 2412 invocat

132 2461 311 2502 nonum
340 2448 568 2502 Domini
615 2448 664 2517 (ι
693 2447 826 2501 Tim.
866 2463 930 2514 ιι,
978 2448 1081 2517 18).
1123 2451 1245 2502 Hoc
1289 2451 1484 2502 autem
1530 2447 1781 2515 dicebat,

133 2537 310 2592 sciens
342 2536 488 2607 quia
535 2536 596 2591 in
651 2535 758 2591 hoc
805 2540 1064 2607 tempore
1095 2535 1435 2607 pcenitentia
1482 2537 1783 2592 fructuosa

133 2625 406 2696 agitur,in
425 2641 544 2697 quo
567 2624 1780 2697 pmnitentibusindulgentiacondonatur.

133 2714 419 2769 Ceterum
449 2715 508 2768 in
540 2714 740 2769 futuro
773 2715 884 2769 erit
913 2713 1252 2786 iniquorum
1288 2713 1647 2784 poenitentia,
1679 2715 1778 2770 sed

135 2804 439 2858 fructuosa
462 2820 572 2859 non
604 2803 749 2860 erit:
776 2803 916 2875 quia
939 2803 1276 2875 iniquorum
1300 2803 1601 2858 conversio
1619 2803 1782 2859 nulla

137 2892 579 2948 erit.Mittentur
607 2892 767 2948 enim
801 2893 861 2947 in
883 2893 1155 2949 tenebras
1178 2892 1517 2958 exteriores,
1552 2892 1649 2947 ubi
1673 2893 1784 2948 erit

136 2985 294 3037 ﬂetus
323 2987 384 3037 et
413 2983 635 3038 stridor
656 2981 944 3039 dentium.
967 2981 1052 3038 Ibi
1083 2983 1209 3038 sine
1226 2983 1340 3038 ﬂne
1363 2981 1784 3038 cruciabuntur

141 3089 241 3127 non
271 3073 466 3129 solum
485 3072 796 3140 gehennali
821 3072 1112 3145 supplicio
1137 3072 1348 3128 animae
1369 3071 1548 3128 simul
1573 3077 1631 3127 et
1653 3089 1783 3128 cor-

146 3178 282 3231 pora,
306 3162 410 3218 sed
441 3163 621 3218 etiam
656 3161 802 3233 ipsis
830 3162 1089 3217 tenebris
1119 3162 1388 3233 pessimis
1434 3160 1774 3233 voluptatis.

146 3251 346 3306 uicerit
367 3252 537 3307 enim
562 3250 780 3306 talibus
803 3251 1100 3323 malaipsa
1115 3251 1384 3322 voluptas
1397 3251 1468 3306 ad
1497 3250 1775 3323 supplicii

144 3342 452 3410 cumulum,
487 3359 594 3414 pro
625 3359 744 3414 qua
767 3347 962 3398 manet
992 3358 1192 3398 eorum
1224 3342 1351 3398 sine
1380 3342 1496 3398 fine
1514 3346 1778 3397 tormen-

144 3437 267 3487 tum.
284 3436 590 3503 Spernunt
610 3432 771 3488 enim
795 3448 955 3487 nunc
974 3430 1478 3504 opportunitatem
1493 3431 1777 3503 temporis

143 3523 367 3592 accepti;
399 3524 462 3576 et.
491 3520 555 3575 in
586 3520 682 3577 die
710 3519 922 3576 salutis
940 3537 1057 3575 non
1081 3523 1352 3592 quarunt
1371 3519 1650 3576 divinitus
1683 3521 1780 3574 ad-

137 3610 331 3678 juvari.
347 3609 518 3674 Quod
538 3618 773 3681 tempus
805 3610 892 3666 ita
916 3614 1064 3666 Deus
1088 3609 1423 3681 prophetico
1445 3609 1614 3664 nobis
1634 3609 1779 3665 insi-

141 3700 326 3754 nuavit
354 3698 623 3767 eloquio,
648 3700 870 3754 dicens:
897 3699 1150 3770 Tempore
1177 3705 1393 3771 accepto
1415 3699 1680 3754 exaudiui
1705 3707 1776 3768 te,

139 3797 181 3841 et
214 3788 276 3842 in
301 3787 397 3843 die
422 3790 626 3843 salutis
649 3789 842 3856 adiuvi
872 3795 922 3844 te
947 3804 960 3843 :
993 3787 1111 3843 Hoc
1133 3787 1539 3844 testimonium
1561 3787 1618 3841 in
1645 3787 1781 3860 Epi-

137 3877 277 3932 stola
307 3894 421 3933 sua
449 3893 586 3933 cum
620 3877 828 3933 beatus
855 3877 1173 3948 Apostolus
1205 3877 1782 3944 indidisset,secutus

137 3964 402 4035 adjunxit
437 3982 451 4019 :
486 3967 618 4020 Ecce
670 3981 821 4021 nunc
850 3975 1062 4034 tempus
1091 3965 1445 4037 accoptabile,
1477 3981 1595 4022 ecce
1635 3981 1786 4021 nunc

131 4053 241 4108 dies
271 4053 476 4109 salutis
505 4054 580 4125 (tt
616 4054 744 4110 Cor.
775 4070 855 4122 γι,
886 4055 964 4125 2).
999 4054 1117 4111 Hoc
1145 4058 1380 4126 tempus
1405 4053 1519 4110 alio
1551 4053 1676 4110 loco
1701 4054 1786 4110 sic

132 4142 430 4198 evidenter
445 4142 604 4198 idem
629 4158 752 4198 com
765 4144 998 4199 mendat
1014 4142 1405 4216 apostolus,ut
1417 4143 1690 4215 quisquis
1707 4143 1792 4198 di-

132 4231 272 4287 vino
311 4231 688 4288 illuminatus
717 4249 960 4288 munere
991 4232 1214 4288 intente
1241 4231 1446 4304 legerit
1473 4237 1531 4288 et
1561 4248 1790 4302 compe-

138 4325 330 4376 tenter
359 4319 737 4388 intellexerit,
772 4338 890 4376 non
933 4337 994 4377 se
1026 4321 1304 4394 decipiat,
1336 4337 1438 4376 nec
1469 4321 1626 4377 aliud
1679 4321 1792 4376 sibi

132 4415 370 4482 tempus
395 4411 800 4466 conversionis
818 4418 917 4466 aut
936 4410 1794 4482 remissionisinquiratzsciens

131 4499 276 4568 quia
304 4500 585 4572 quisquis
607 4501 667 4555 in
682 4499 792 4555 hoc
816 4499 1520 4572 temporeindulgentiam
1545 4498 1796 4555 noluerit

1806 3211 1852 3277 C

1897 1923 2034 1979 ergo
2057 1924 2219 1964 error
2238 1926 2412 1980 quem
2439 1911 2495 1966 in
2529 1911 2708 1984 hujus
2741 1918 3032 1973 sermonis
3061 1919 3364 1977 interdixit
3385 1939 3546 1979 exor-

1897 1997 2134 2068 dio,quo
2158 2015 2219 2053 se
2243 2001 2652 2073 unusquisque
2698 2003 2854 2059 aliud
2886 2007 3181 2064 existimat
3207 2026 3541 2068 messorum

1895 2101 2019 2141 esse
2053 2103 2228 2157 quam
2262 2089 2532 2146 seminat.
2569 2091 2742 2147 Errat
2774 2092 2953 2165 igitur
2977 2097 3254 2169 quisquis
3277 2098 3337 2154 in
3371 2115 3546 2156 carne

1895 2176 2167 2242 seminat,
2193 2177 2262 2230 de
2277 2194 2394 2248 qua
2415 2181 2712 2251 corruptio
2737 2183 3301 2253 metitur,existimat
3324 2205 3548 2245 messu-

1894 2280 2023 2318 rum
2041 2281 2102 2319 se
2135 2267 2310 2320 vitam
2327 2272 2764 2339 eternam,quae
2794 2270 2848 2323 in
2884 2272 3094 2342 spiritu
3111 2276 3542 2334 seminantibus

1894 2359 2242 2409 reservatur.
2281 2355 2557 2427 Sequitur
2586 2373 2719 2413 vero
2748 2360 3069 2432 Apostolus
3103 2363 3543 2423 dicenszBonum

1891 2451 2074 2498 autem
2111 2445 2396 2515 facientes,
2428 2462 2540 2500 non
2582 2447 2903 2518 deﬁciamus
2935 2468 2948 2506 :
2982 2459 3218 2523 tempore
3264 2452 3412 2510 enim
3441 2471 3539 2513 suo

1889 2537 2151 2588 metemus
2175 2549 2287 2589 non
2331 2536 2668 2606 deﬁcientes.
2696 2541 2828 2594 Haec
2860 2538 3042 2610 {(forte
3087 2541 3213 2613 Hic)
3243 2544 3539 2602 evidenter

1889 2620 2149 2675 ostendit
2172 2622 2413 2678 seminis
2427 2625 2664 2680 nomine
2693 2628 3165 2701 uniuscujusque
3188 2647 3364 2703 opera
3386 2633 3540 2689 desi-

1888 2711 2078 2780 gnari.
2114 2710 2396 2781 Superius
2413 2712 2569 2768 enim
2591 2713 2836 2770 dixerat:
2859 2717 2992 2785 Quae
3010 2718 3159 2774 enim
3179 2723 3534 2778 seminaverit

1888 2799 2067 2867 homo,
2089 2800 2207 2856 hac
2225 2805 2276 2857 et
2296 2800 2530 2857 metet.N
2541 2819 2654 2857 unc
2687 2804 2846 2860 dicit:
2882 2809 3096 2863 Bonum
3115 2813 3295 2866 autem
3324 2813 3534 2882 facien-

1889 2893 1986 2958 tes,
2017 2906 2129 2946 non
2156 2890 2478 2961 deﬁciamus
2511 2909 2525 2948 :
2561 2897 2802 2965 tempore
2829 2899 2982 2952 enim
3010 2915 3104 2954 suo
3142 2907 3407 2957 metemus
3429 2919 3536 2959 non

1887 2979 2216 3049 deﬁcientes.
2243 2980 2383 3036 Vere
2414 2980 2698 3038 Veritatis
2729 2984 3144 3056 discipulus,et
3169 2989 3241 3044 ob
3273 2989 3381 3045 hoc
3413 3007 3538 3045 ma-

1888 3068 2070 3138 gister
2091 3069 2358 3142 egregius
2381 3070 2780 3144 gentium,qui
2814 3073 2964 3129 sicut
2988 3075 3282 3145 justitiam
3309 3094 3424 3133 non
3445 3079 3542 3135 de-

1891 3156 2151 3212 futuram
2186 3157 2246 3212 in
2276 3158 2658 3214 retributione
2685 3176 2927 3232 operum
2961 3163 3272 3234 docuit,sic
3305 3169 3536 3238 tempus

1892 3246 2301 3302 seminationis
2313 3251 2371 3302 et
2385 3247 2679 3317 messis,id
2696 3253 2785 3304 est
2806 3251 3162 3319 operationis
3187 3254 3532 3312 retributio-

1887 3336 2098 3406 nisque
2128 3335 2419 3390 discrevit:
2454 3352 2526 3390 ne
2556 3336 2906 3408 quisinepta
2936 3341 3284 3412 cogitatione
3298 3348 3533 3416 tempus

1887 3424 2296 3482 seminationis
2325 3427 2382 3478 et
2404 3425 2616 3481 messis
2637 3427 3135 3498 confundens,aut
3159 3435 3422 3506 tempore
3444 3451 3530 3492 se-

1887 3513 2226 3572 minationis
2240 3513 2517 3584 deposcat
2532 3514 2734 3570 futura;
2752 3517 2962 3574 messis
2974 3518 3178 3576 effectu
3189 3527 3532 3592 m,auttem-

1890 3623 2027 3680 pore
2046 3605 2255 3661 messis
2279 3606 2715 3662 concedendum
2731 3608 2842 3664 sibi
2867 3611 3236 3681 speretbonae
3268 3614 3530 3671 semina-

1890 3693 2442 3760 tionisiinitiummc
2490 3711 2572 3749 διο
2623 3694 2781 3752 iners
2833 3699 3137 3771 operarius
3193 3706 3252 3757 et
3292 3701 3540 3775 ignavus

1895 3783 2144 3856 pigritia;
2173 3782 2422 3839 vinculis
2461 3784 2736 3853 irretitus,
2787 3786 2928 3856 imo,
2962 3789 3117 3860 quod
3149 3795 3235 3846 est
3258 3792 3543 3866 deterius,

1895 3873 2090 3930 studio
2107 3870 2416 3928 mortifere:
2437 3873 2843 3932 seminationis
2875 3876 3281 3947 intentus,non
3295 3883 3551 3953 gaudeat

1895 3964 1954 4018 in
1989 3961 2308 4031 messe,sed
2333 3961 2695 4035 Iugeat,dum
2723 3965 2964 4037 coeperit
2984 3983 3105 4022 suae
3137 3970 3550 4028 seminationis

1897 4053 2189 4125 condigna
2209 4057 2352 4108 tunc
2375 4058 2609 4121 metere,
2635 4056 2872 4125 quando
2889 4057 3012 4128 jam
3032 4072 3146 4113 non
3167 4061 3381 4130 poterit
3396 4077 3549 4133 qua-

1898 4142 2117 4198 litatem
2153 4141 2291 4197 mali
2324 4142 2567 4198 seminis
2597 4143 2933 4200 immutare.
2968 4146 3067 4199 Est
3097 4151 3376 4217 praeterea
3405 4148 3544 4204 dili-

1901 4231 2136 4304 gentius
2169 4233 2593 4287 attendendum
2618 4230 2729 4286 tria
2747 4233 2981 4300 quidem
3017 4234 3265 4290 nobisin
3290 4235 3402 4292 hoc
3423 4235 3550 4295 loco

1904 4321 2234 4392 apostolicae
2267 4321 2544 4375 doctrinae
2575 4321 2866 4375 sermonis
2906 4321 3132 4376 ostendi
3159 4339 3172 4376 :
3207 4323 3316 4378 hoc
3345 4327 3454 4390 est,
3489 4332 3557 4382 ut

1904 4411 2124 4466 bonum
2154 4409 2518 4476 faciamus,et
2540 4413 2605 4463 ut
2626 4425 2740 4463 non
2763 4408 3555 4485 deﬁciamus,quiatempore

1907 4517 2014 4555 suo
2048 4503 2333 4554 metemus
2365 4514 2480 4553 non
2513 4496 3102 4554 deﬁcienteleorum
3133 4501 3311 4556 trium
3344 4502 3459 4558 duo
3493 4503 3553 4560 in

135 4559 430 4658 quaerere,
466 4559 809 4645 nullatenus
840 4559 972 4661 post.
993 4590 1168 4645 istam
1200 4559 1380 4644 vitam
1413 4588 1797 4661 poteritinve-
1827 4559 1877 4640 ll
1905 4592 2190 4662 praecepto
2223 4590 2364 4642 sunt
2393 4586 2609 4657 Operis,
2632 4585 2869 4642 tertium
2897 4586 2955 4641 in
2987 4589 3380 4659 promissione
3402 4559 3555 4649 mer;

135 4678 574 4734 nire.8cribens
593 4694 732 4750 ergo
757 4679 966 4734 beatus
987 4677 1209 4734 Paulus
1230 4678 1545 4735 adGalatas
1569 4679 1689 4734 haec
1711 4677 1796 4734 lo-

129 4767 340 4836 quitur
369 4785 391 4821 :
424 4767 607 4823 Nolite
635 4783 844 4824 errare:
872 4769 1014 4824 Deus
1041 4784 1151 4824 non
1181 4768 1622 4839 irridetur.Quae
1650 4769 1798 4824 enim

124 4857 498 4914 seminath
519 4858 826 4922 homo,haec
845 4863 898 4915 et
927 4865 1114 4915 metet.
1137 4859 1409 4926 Quoniam
1436 4859 1534 4930 qui
1557 4859 1797 4915 seminat

123 4947 186 4999 in
219 4964 396 5004 carne
427 4965 554 5018 sua,
586 4948 654 5004 de
679 4964 842 5004 carne
865 4952 1027 5005 metet
1057 4951 1592 5019 corruptionem;qui
1613 4953 1798 5004 autem

124 5038 377 5093 seminat
391 5039 451 5093 in
466 5041 696 5110 spiritu,
714 5039 782 5094 de
794 5038 999 5109 spiritu
1021 5045 1184 5095 metet
1208 5040 1382 5093 vitam
1402 5041 1798 5096 aeternamﬂo-

129 5143 275 5182 num
302 5137 500 5182 autem
541 5127 945 5196 facientes,non
962 5128 1330 5196 deﬁciamus:
1363 5135 1602 5198 temmre
1647 5127 1801 5183 890

125 5220 284 5270 enim
315 5232 424 5273 suo
458 5223 722 5273 metemus
756 5233 864 5272 non
899 5217 1226 5286 deﬁcientes.
1261 5217 1399 5288 Ergo
1431 5217 1562 5273 dum
1592 5226 1802 5284 tempus

124 5305 426 5374 Imbemus,
459 5323 754 5378 operemur
784 5307 992 5362 bonum
1013 5307 1084 5361 ad
1113 5323 1322 5372 omnes;
1355 5307 1602 5362 maxime
1621 5312 1806 5362 autem

122 5396 200 5451 ad
229 5397 570 5454 domesticos
598 5398 731 5467 ﬁdei
760 5395 912 5469 (Gal.
944 5413 1028 5462 vr,
1056 5398 1092 5450 7
1133 5399 1187 5451 et
1214 5400 1372 5468 seq.).
1411 5396 1508 5451 His
1547 5395 1804 5468 Apostoli

123 5488 330 5542 verbis
365 5485 502 5556 quis
530 5486 700 5559 piger
731 5486 802 5540 ad
833 5484 1028 5556 operis
1051 5485 1186 5540 boni
1220 5499 1330 5540 non
1356 5483 1639 5539 excitetur
1667 5485 1810 5540 ade-

124 5576 330 5632 ctum?
363 5573 511 5638 Quis
541 5592 750 5631 errans
776 5592 810 5630 a
839 5575 956 5630 Deo
987 5591 1104 5628 non
1137 5578 1354 5628 rectam
1402 5572 1548 5627 viam
1589 5577 1806 5630 treme-

130 5662 332 5721 factus
369 5664 669 5739 inquirat?
699 5663 841 5729 Quis
875 5680 988 5718 non
1021 5662 1397 5719 seminationi
1432 5663 1595 5718 bonae
1620 5663 1810 5719 delec-

127 5756 296 5811 tetur
329 5755 636 5818 insistere,
669 5754 910 5828 quando
941 5769 1002 5808 se
1054 5767 1169 5807 non
1218 5751 1379 5807 aliud
1425 5767 1602 5824 quam
1656 5753 1810 5824 quod

134 5844 398 5904 seminit
430 5849 810 5917 recepturum
843 5843 1148 5915 cognoscit
1179 5841 1236 5897 in
1278 5856 1470 5902 messe
1498 5841 1526 5896 ?

1907 4677 2085 4733 cedis.
2120 4675 2361 4732 Duobus
2396 4674 2560 4730 labor
2590 4676 2872 4747 cperariis
2902 4675 3200 4748 indicitur,
3247 4681 3417 4739 tertio
3449 4699 3555 4756 spe

1908 4769 2116 4823 futura:
2135 4767 2342 4822 messis
2359 4765 2748 4822 laborantium
2773 4768 3008 4824 animus
3022 4771 3561 4831 sublevatur.Asso-

1902 4859 1984 4914 let
2005 4856 2162 4912 enim
2195 4854 2296 4928 qui
2325 4861 2544 4911 certam
2571 4861 2770 4928 sperat
2792 4874 2895 4930 pro
2923 4859 3016 4914 sui
3041 4859 3260 4917 laboris
3281 4863 3564 4933 qualitate

1908 4948 2256 5011 mercedem,
2290 4960 2524 5001 sumere
2544 4945 2729 5018 magis
2762 4964 2828 5002 ex
2865 4947 3059 5004 labore
3085 4949 3560 5008 virtutem.Bonie

1910 5036 2090 5108 igitur
2120 5033 2442 5106 operationi
2473 5036 2791 5107 Apostolus
2823 5038 3319 5109 perseverantiam
3337 5041 3560 5111 jungit,

1910 5131 1975 5182 ut
2005 5143 2119 5182 non
2143 5125 2368 5180 deficiat
2394 5125 2451 5179 in
2476 5124 2702 5180 semine
2718 5126 2991 5197 quisquis
3009 5126 3069 5182 in
3093 5143 3282 5183 messe
3309 5127 3563 5184 delecta-

1912 5222 2010 5272 tur
2026 5216 2150 5271 sine
2163 5214 2279 5269 ﬁne
2293 5213 2819 5285 gaudere.Proinde
2835 5215 3050 5269 secund
3063 5232 3156 5270 um
3171 5216 3388 5272 dictum
3408 5218 3565 5273 beati

1916 5303 2175 5377 Apostoli
2195 5303 2292 5357 ille
2316 5319 2551 5357 necesse
2575 5308 2663 5356 est
2684 5303 2758 5356 ad
2783 5301 2926 5356 89I
2956 5303 3163 5358 futura:
3179 5308 3389 5360 messis
3413 5322 3559 5377 gau-

1916 5395 2078 5451 dium
2121 5389 2546 5464 perveniat,qui
2572 5389 2840 5460 praesenti
2864 5395 3129 5462 tempore
3151 5391 3208 5447 in
3241 5393 3410 5449 bona:
3433 5411 3568 5468 ope-

1917 5485 2159 5540 rationis
2173 5480 2396 5536 semine
2415 5475 3042 5547 perseverat.Caelerum
3062 5480 3245 5536 multo
3258 5485 3510 5558 mseipsu
3523 5503 3569 5543 τι]

1920 5569 2166 5637 seducit,
2199 5569 2319 5622 sive
2341 5566 2440 5636 qui
2472 5565 2636 5619 nulla
2661 5565 2894 5622 mitlens
2917 5584 3104 5640 usque
3127 5570 3185 5624 in
3219 5571 3398 5630 tinem
3423 5593 3572 5649 prs:-

1921 5660 2104 5718 sentis
2135 5657 2259 5712 vitae
2292 5653 2519 5710 semina
2567 5669 2811 5726 sperum
2872 5657 3182 5727 bonorum,
3216 5667 3385 5734 putat
3414 5665 3568 5724 bona

1921 5751 2270 5824 quandoque
2291 5759 2760 5812 messorum;seu
2777 5745 2874 5816 qui
2889 5746 3242 5819 depravatus
3257 5759 3414 5810 caret
3435 5771 3566 5826 per-

1923 5838 2252 5900 severantia
2283 5837 2450 5894 bona:
2481 5833 2860 5908 Operationis,
2893 5843 2952 5896 et
2980 5837 3242 5900 latitiam
3278 5849 3475 5916 sperat
3504 5845 3564 5901 in
