3878 6324
364 347 483 408 559

1372 336 1438 397 S.
1485 331 1903 396 FULGENTII
1949 322 2300 385 EPISCOPI
2351 321 2782 385 RUSPENSIS

3648 322 3746 383 560

360 476 745 534 retributione
777 473 1058 529 mercedis
1095 488 1108 527 :
1144 487 1279 526 cum
1313 470 1518 525 beatus
1553 464 1868 538 Apostolus
1903 461 2009 516 bno

2186 456 2399 511 orietur
2417 457 2630 527 (Bacch.
2651 448 2814 523 ‘xvm,
2841 456 2956 526 24).
2981 455 3216 510 Frustra
3234 454 3412 527 igitur
3436 454 3546 510 sibi
3576 471 3754 526 pecca-

361 580 848 636 unumquemque
880 566 1250 634 recepturum
1282 563 1534 614 testetur
1559 557 1615 611 in
1654 569 1840 609 messe
1863 550 2012 621 quod

362 660 804 728 perseveranter
827 651 1128 725 prie'nittit
1150 650 1208 704 in
1230 645 1638 704 semine.Talis
1656 656 1906 712 namque
1927 643 2017 696 est

364 746 464 800 ille
498 744 892 815 peritissimus
924 739 1252 804 ventilator,
1287 738 1591 809 (Muttth,
1627 736 1714 804 12)
1747 733 1848 804 qui
1882 747 2015 799 per-

362 833 674 890 mundabit
694 848 887 887 aream
905 834 1167 894 suam,ut
1184 828 1243 883 in
1271 828 1622 882 discretione
1646 823 1826 878 tritici
1844 827 2017 890 atque

365 924 664 997 palearum
685 919 1239 989 nullasubreptione
1263 916 1634 982 fallatur;nec
1655 914 1710 966 in
1740 912 2016 966 horreum

365 1014 550 1068 mittit
569 1013 764 1084 paleas
788 1010 1026 1082 ignibus
1045 1007 1290 1074 dandas,
1313 1021 1417 1060 nec
1434 1004 1612 1059 tradit
1631 1001 1886 1057 ﬂammis
1906 1003 2019 1052 I'ru-

362 1109 562 1158 menta
592 1119 722 1174 qua
753 1107 893 1155 sunt
927 1099 1129 1153 horreo
1163 1094 1762 1166 deputanda.Futurm
1794 1089 2016 1162 quippe

365 1191 577 1247 messis
608 1196 869 1261 tempore
900 1187 1032 1242 boni
1078 1186 1483 1247 seminatores,
1518 1183 1600 1236 illi
1635 1183 1858 1236 scilicet
1917 1178 2016 1249 qui

362 1297 518 1336 nunc
537 1284 972 1350 perseveranter
985 1274 1417 1332 seminantesin
1437 1271 1707 1344 lacrymis
1725 1272 1782 1324 in
1803 1268 2017 1340 gaudio

363 1374 607 1434 metent,
641 1368 861 1439 quique
884 1381 1038 1421 nunc
1056 1370 1262 1419 euntes
1295 1363 1435 1418 ﬂent
1463 1362 1758 1416 mittentes
1790 1357 2020 1414 semina

363 1473 493 1521 sua,
528 1462 668 1510 tunc
702 1461 898 1509 autem
945 1452 1242 1508 venientes
1275 1452 1508 1506 venient
1537 1451 1596 1504 in
1628 1447 2018 1504 exsultatione

362 1547 665 1616 portantes
703 1543 1035 1613 manipulos
1085 1557 1224 1596 suos
1254 1541 1425 1611 (Psal.
1461 1555 1628 1605 cxxv,
1658 1539 1714 1607 5,
1746 1538 1822 1606 6).
1855 1536 2020 1590 Sicut

363 1630 461 1688 ille
494 1631 822 1703 privabitur
851 1629 1068 1702 gaudio
1100 1628 1516 1700 consortioque
1541 1640 1867 1682 messorum
1895 1623 2018 1694 qui,

360 1721 497 1778 licet
511 1721 828 1792 aliquando
847 1721 996 1774 bona
1009 1714 1915 1788 seminaverit,perseverantiam
1933 1719 2018 1767 ta-

2128 551 2318 600 torum
2352 546 2763 601 remissionem
2795 545 2960 600 vanis
3006 543 3456 616 cogitationibus
3487 545 3746 612 somniat,

2127 637 2396 707 quisquis
2424 653 2536 691 non
2564 651 2750 707 usque
2770 635 2828 690 in
2849 635 3023 690 ﬁnem
3048 635 3350 706 praesentis
3380 637 3507 690 vita:
3531 636 3590 690 in
3617 653 3757 692 man-

2126 725 2278 780 datis
2316 723 2543 780 Domini
2596 731 2945 794 perseverat,
2989 723 3077 779 vel
3126 724 3398 796 quisquis
3429 731 3565 780 ante
3596 725 3752 781 ﬁnem

2126 814 2254 868 vitea
2284 813 2590 885 praesentis
2616 830 2731 869 non
2762 813 3018 868 discedit
3047 813 3120 868 ab
3142 812 3453 868 itineribus
3476 815 3752 884 pessimis.

2127 903 2366 973 Oportet
2385 903 2541 958 enim
2557 903 3044 972 utomnisjustus
3058 918 3188 957 cum
3212 904 3420 958 timore
3442 907 3500 958 et
3522 912 3754 960 tremore

2129 1009 2294 1048 suam
2315 992 2561 1048 salutem
2578 993 3095 1064 operetur(Phitip.
3128 1008 3192 1058 ιι,
3229 993 3336 1062 i2);
3365 998 3422 1047 et
3453 993 3760 1048 omnisini-

2128 1099 2280 1154 quus
2303 1082 2534 1137 desinat
2559 1082 2831 1138 exhibere
2856 1081 3116 1136 membra
3134 1098 3243 1136 sua
3261 1097 3424 1136 arma
3447 1081 3761 1152 iniquitatis

2129 1179 2388 1245 peccato;
2416 1173 2515 1228 sed
2544 1173 2811 1228 exhibeat
2837 1173 3217 1244 semetipsum
3246 1181 3526 1244 tanquam
3545 1190 3615 1229 ex
3632 1190 3763 1230 mor-

2128 1265 2249 1319 tuis
2278 1264 2592 1329 viventem,
2635 1269 2692 1318 et
2737 1262 3001 1318 membra
3063 1279 3172 1318 sua
3201 1279 3360 1318 arma
3382 1265 3636 1334 justitias
3662 1264 3762 1320 Deo

2129 1354 2305 1421 (Rom.
2339 1369 2415 1422 vr,
2451 1353 2563 1418 13).
2597 1369 2664 1407 ac
2694 1351 2924 1408 desinat
2953 1351 3094 1408 talia
3124 1353 3636 1425 operari,quorum
3668 1355 3758 1409 sti.

2131 1443 2410 1514 pendium
2443 1458 2600 1497 mors
2631 1448 2740 1508 est,
2774 1443 3003 1496 dicente
3035 1443 3215 1498 Paulo
3247 1441 3536 1514 apostolo:
3569 1443 3763 1512 Stipen-

2129 1530 2282 1586 dium
2312 1533 2460 1586 enim
2488 1532 2695 1602 peccati
2721 1547 2868 1586 mars
2895 1531 3084 1601 (Ibid,
3110 1531 3221 1598 23).
3256 1535 3387 1586 Haec
3421 1533 3759 1598 mors,etiam

2131 1621 2329 1676 futura
2358 1623 2442 1675 ira
2467 1620 2560 1675 Dei
2587 1620 2963 1690 dicitur,quae
2991 1620 3212 1690 iniquis
3243 1623 3301 1674 et
3329 1620 3388 1674 in
3416 1620 3574 1676 malo
3597 1637 3761 1692 perse-

2128 1708 2469 1764 verantibus
2488 1709 2792 1764 inferetur.
2819 1707 2984 1764 Unde
2999 1713 3057 1763 et
3076 1707 3336 1763 Joannes
3353 1708 3618 1780 Baptista
3645 1710 3766 1766 Pha-

379 1827 510 1866 men
545 1812 698 1866 bona
729 1809 1059 1864 seminandi
1093 1823 1208 1862 non
1239 1807 1451 1861 tenuit:
1478 1806 1562 1860 sic
1586 1805 1761 1859 etiam
1797 1801 1892 1858 ille
1915 1818 2019 1857 nec
2053 1834 2099 1898 Β
2131 1797 2798 1868 ι’ἱδεοεδαόάυοωοεᾳυθ
2821 1797 3474 1868 sicincrepat,utetiam
3500 1797 3760 1853 Christia-

359 1899 738 1972 indulgentie
770 1915 874 1954 nec
911 1898 1124 1953 laetitias
1163 1897 1375 1967 poterit
1405 1893 1856 1967 participatione
1886 1908 2027 1963 gau.

364 1992 523 2056 dere,
559 2003 736 2060 quem
765 1987 1102 2042 seminatori
1138 1992 1447 2050 nocturno,
1481 1985 1536 2038 id
1571 1990 1661 2039 est
1691 1981 1944 2047 diabolo,
1967 1981 2026 2036 in

369 2084 602 2133 tantum
622 2076 892 2132 famulari
913 2079 1217 2146 l'avereque
1235 2076 1579 2140 delectat,ut
1595 2088 1781 2142 usque
1798 2071 1853 2124 in
1874 2086 2027 2125 mor-

373 2172 492 2223 tem
528 2183 641 2222 non
674 2165 1049 2238 quiescatilla
1073 2165 1365 2219 seminare
1387 2180 1513 2234 quas
1535 2165 1877 2233 angelorum
1911 2177 2028 2214 me-

380 2258 629 2314 tentium
662 2257 1012 2311 discretione
1041 2255 1282 2310 collecta
1318 2260 1374 2308 et
1411 2253 1470 2307 in
1521 2253 1830 2307 fasciculos
1862 2249 2028 2305 colli-

379 2353 538 2418 gata,
567 2346 796 2401 Domini
821 2343 1070 2416 judicio,
1103 2344 1230 2398 sine
1282 2341 1685 2398 commutabili
1720 2344 2025 2410 praecepto,

379 2433 846 2505 inexstinguibili
880 2432 1523 2505 deputenturincendio
1557 2429 2027 2501 (Matth.x1u.25):

377 2524 1022 2596 quiaetsubsequentis
1035 2521 1177 2576 vitio
1199 2520 1530 2592 iniquitatis
1547 2516 2027 2590 praeteritusjusti

380 2616 695 2668 frustratur
716 2611 910 2667 omnis
929 2611 1094 2665 labor
1119 2608 1732 2679 bonus,etiniquitatis
1752 2607 2026 2662 meritum

380 2705 704 2774 permanet,
745 2701 919 2770 cujus
948 2698 1112 2754 labor
1140 2705 1228 2755 est
1249 2699 1442 2754 omnis
1477 2697 1847 2752 malus.Dicit
1867 2695 2025 2750 enim

376 2789 864 2861 ApostoluszQuia
881 2792 1254 2860 unusquisque
1283 2789 1576 2858 propriam
1607 2786 1901 2841 mercedem
1927 2800 2023 2841 ac-

375 2879 876 2952 cipiet,secundum
900 2894 1062 2933 suum
1085 2878 1332 2932 laborem
1351 2878 1390 2940 (Ι
1413 2875 1887 2946 Cor.m,8).lllum
1911 2873 2024 2929 sci-

373 2969 508 3024 licet
520 2968 580 3022 in
593 2983 709 3038 quo
720 2969 1030 3038 unusquisq
1040 2965 1664 3036 ueinvenitur,quando
1679 2965 1748 3017 de
1762 2963 2027 3034 presenti

373 3055 589 3112 saculo
619 3056 871 3110 transire
898 3054 1511 3127 praeipiturProinde
1534 3055 1686 3108 sicut
1711 3051 2024 3124 Apostolus

376 3150 576 3203 monet
608 3160 622 3201 :
657 3146 792 3200 Dum
823 3149 1038 3216 tempus
1089 3144 1370 3208 habemus,
1403 3159 1693 3213 operemur
1723 3142 1924 3198 bonum
1952 3141 2024 3196 ad

369 3251 574 3300 omnes,
633 3235 875 3290 maxime
923 3193 1108 3288 dutem
1151 3232 1220 3288 ad
1269 3193 1591 3288 domes’ticos
1637 3231 1767 3301 ﬁdei
1816 3230 2019 3301 (Galat.
2053 3193 2096 3261 ϐ

369 3341 445 3392 vr,
485 3324 593 3394 10).

1015 3464 1242 3521 CAPUT
1278 3465 1378 3521 IX.

443 3591 588 3648 Nam
623 3597 681 3647 et
711 3592 771 3647 in
797 3591 1057 3662 Epistola
1087 3606 1215 3662 quis
1247 3589 1318 3645 ad
1351 3589 1623 3644 Hebraeos
1665 3587 1882 3660 scripta
1905 3592 2013 3661 est,

373 3697 489 3736 non
515 3682 709 3736 solum
734 3682 1034 3736 conversio
1068 3681 1124 3734 in
1150 3680 1418 3750 praesenti
1444 3685 1703 3748 tempore
1725 3678 2021 3748 signiﬁca-

372 3774 470 3823 tur
501 3769 855 3835 necessaria,
885 3785 1087 3823 verum
1122 3768 1298 3821 etiam
1349 3767 1687 3838 praecipitur
1740 3783 1927 3838 usque
1957 3766 2017 3821 in

371 3856 551 3910 tinem
585 3857 1016 3926 perseverantia
1065 3855 1388 3911 retinenda.
1432 3855 1528 3909 Ait
1573 3854 1728 3910 enim
1763 3871 1777 3910 :
1817 3855 2017 3920 Videte,

366 3947 589 4014 fratres,
613 3958 681 3998 ne
700 3945 848 4010 forte
862 3945 935 3996 sit
959 3946 1015 3996 in
1035 3943 1231 4012 aliqua
1250 3953 1488 3996 vestrum
1499 3958 1592 3996 cor
1603 3943 1820 3998 malum
1840 3945 2016 3999 incre-

369 4032 623 4087 dulitalis
653 4029 965 4086 discedendi
995 4048 1028 4087 a
1049 4031 1154 4086 Deo
1178 4032 1316 4098 vivo,
1339 4033 1434 4085 sed
1454 4031 1767 4086 hortamini
1792 4039 2018 4091 vosmet-

368 4125 512 4192 ipsos
540 4138 647 4190 per
674 4121 930 4189 singulos
951 4120 1088 4189 dies,
1118 4119 1285 4175 donec
1314 4119 1481 4175 Hodie
1505 4123 2015 4189 cognominatur,ut

364 4227 475 4267 non
505 4211 807 4268 obduretur
831 4210 954 4282 quis
976 4227 1046 4266 ea:
1065 4210 1214 4265 vobis
1230 4210 1460 4277 fallacia
1473 4208 2014 4283 peccati.Participes

361 4303 510 4357 enim
532 4303 742 4359 Christi
761 4302 939 4373 effecti
957 4315 1167 4367 sumus,
1183 4302 1235 4354 si
1247 4304 1428 4355 tamen
1443 4299 1671 4355 initium
1684 4300 2014 4359 substantiae

360 4407 533 4462 usque
562 4391 632 4446 ad
661 4392 830 4461 ﬁnem
859 4391 1088 4461 ﬁrmum
1143 4390 1481 4444 retineamus
1525 4388 1709 4459 (Hebr.
1743 4406 1830 4454 ιιι,
1869 4391 1933 4444 12
1959 4397 2013 4447 et

357 4483 520 4551 seq.).
546 4479 687 4546 Quis
705 4485 902 4536 autem
921 4495 1032 4534 non
1057 4477 1242 4550 ipsius
1263 4475 1526 4548 exemplo
1553 4482 1838 4533 terreatur
1857 4483 2009 4553 Apo-

361 4547 516 4636 stoli,
553 4575 617 4623 ut
650 4586 683 4623 a
713 4569 884 4623 malis
914 4547 1190 4639 operibus
1218 4547 1548 4632 discedens,
1573 4566 1633 4622 in
1665 4547 2009 4639 pmnitentia
2035 4547 2086 4616 Β

361 4661 420 4711 et
447 4657 822 4712 conversione
856 4657 953 4727 (al.
987 4656 1448 4724 conversatione)
1471 4662 1667 4711 currat
1693 4658 1763 4712 ad
1797 4658 2003 4729 Deum,

361 4741 720 4798 etsollicitus
737 4749 936 4798 caveat
949 4759 1020 4798 ne
1032 4748 1230 4800 tenore
1244 4744 1684 4815 perseverantiae
1706 4746 2004 4816 derelicto,

359 4831 644 4904 reprobus
677 4832 823 4887 fiat?
853 4830 1354 4887 Considerandum
1387 4850 1640 4904 namque
1669 4841 1759 4891 est
1779 4837 2008 4894 cunctis

357 4921 631 4978 fidelibus
645 4937 762 4994 qua
775 4919 1172 4977 sollicitudine
1198 4922 1318 4992 ipse
1332 4922 1541 4979 beatus
1561 4925 1777 4981 Paulus
1800 4943 2007 4983 cucur-

355 5013 516 5079 rerit,
544 5027 662 5082 qua
684 5009 992 5084 vigilantia
1013 5011 1380 5082 pugnaverit,
1405 5027 1519 5082 qua
1547 5014 1856 5071 severitate
1877 5033 2005 5072 cor-

353 5118 464 5174 pus
513 5117 688 5156 suum
741 5098 1131 5171 castigaverit.
1191 5101 1284 5154 Ait
1329 5115 1504 5171 ergo:
1553 5101 1660 5171 Ego
1707 5105 1881 5177 igitur
1923 5106 2006 5163 sic

349 5207 534 5261 curro,
556 5206 666 5245 non
691 5193 848 5261 quasi
877 5190 935 5244 in
979 5187 1285 5256 incertum;
1316 5190 1394 5243 sic
1443 5204 1646 5260 pugno,
1695 5207 1806 5246 non
1843 5196 2005 5264 quasi

351 5297 536 5336 aerem
566 5282 860 5335 verberans
876 5295 895 5332 :
926 5280 1026 5334 sed
1054 5281 1256 5350 castigo
1277 5294 1479 5348 corpus
1511 5294 1711 5345 meum,
1733 5281 1868 5336 etin
1890 5299 1999 5338 ser-

346 5371 572 5425 vitutem
595 5369 784 5439 redigo
801 5384 823 5430 ;
855 5383 922 5422 ne
947 5370 1088 5438 forte
1115 5384 1235 5422 cum
1259 5366 1390 5422 aliis
1411 5367 1857 5436 pradicaverim,
1878 5375 2000 5446 ipse

346 5460 607 5528 reprobus
627 5458 846 5528 e/ﬁeiar
875 5457 924 5525 (Ι
950 5464 1071 5513 (.‘or.
1106 5474 1181 5524 ix,
1213 5457 1301 5522 56,
1335 5457 1448 5525 27).
1474 5457 1601 5512 Haec
1623 5463 1813 5513 autem
1848 5462 2000 5518 dice-

347 5544 467 5610 bat,
501 5545 692 5599 sciens
727 5560 824 5616 per
856 5544 1008 5600 392
1036 5544 1390 5600 Ezechielem
1424 5544 1706 5601 divinitus
1729 5547 1950 5606 dictum
1979 5568 1992 5609 :

346 5633 409 5687 In
437 5647 500 5686 eo
529 5647 651 5687 cum
672 5636 1004 5689 converterit
1024 5649 1080 5688 se
1096 5637 1282 5705 justus
1308 5651 1342 5689 a
1365 5651 1463 5689 sua
1475 5635 1728 5704 justitia,
1752 5647 1802 5694 et
1818 5643 1993 5710 faciat

345 5720 626 5786 delictum,
644 5729 697 5774 et
715 5724 991 5775 moriatur
1011 5741 1030 5786 ,-
1054 5723 1118 5776 in
1137 5738 1234 5777 suo
1245 5721 1441 5777 delicto
1461 5727 1606 5794 quod
1616 5728 1768 5795 Ῑοοιι,
1791 5731 1853 5784 in
1873 5733 1990 5800 ipso

2138 1906 2244 1944 nos
2260 1889 2408 1945 male
2429 1889 2684 1944 viventes
2700 1905 2808 1944 sua
2825 1889 3219 1958 increpatione
3249 1889 3768 1960 perstringat.Dicit

2139 1995 2206 2032 na
2219 1995 2309 2050 mq
2321 1978 2719 2035 ue:Genimina
2737 1977 3072 2046 viperarum.
3083 1979 3207 2048 quis
3223 1979 3367 2032 vobis
3386 1977 3768 2035 demonstravit

2134 2075 2326 2138 fugere
2354 2069 2422 2122 ab
2444 2084 2527 2122 ira
2559 2068 2784 2138 futura?
2807 2067 2986 2122 Facite
3000 2083 3133 2137 ergo
3162 2068 3368 2134 fructus
3386 2066 3576 2136 dignos
3592 2067 3766 2136 pomi-

2136 2161 2316 2213 tentiz
2346 2157 2444 2228 (al.
2474 2158 2823 2229 paenitentia)
2855 2175 2874 2212 :
2903 2163 2955 2213 et
2985 2172 3056 2212 ne
3087 2157 3263 2212 velitis
3299 2156 3476 2212 dicere
3508 2171 3521 2211 :
3552 2158 3770 2211 Putrem

2137 2247 2397 2302 habemus
2440 2247 2737 2304 Abraham.
2790 2249 2919 2302 Dico
2948 2248 3099 2300 enim
3132 2244 3279 2300 vobis
3326 2245 3454 2316 quia
3493 2255 3669 2314 potens
3699 2255 3772 2301 est

2141 2339 2278 2392 Dsus
2297 2338 2364 2391 «te
2397 2336 2680 2406 lapidibus
2709 2337 2832 2392 istis
2861 2337 3138 2392 suscitare
3185 2335 3331 2404 ﬁlios
3378 2336 3628 2393 Abrahaz.
3658 2337 3772 2392 Jam

2137 2429 2284 2482 enim
2315 2430 2528 2482 securis
2555 2427 2626 2481 ad
2649 2427 2860 2482 radices
2888 2427 3152 2481 arborum
3167 2429 3346 2492 posita
3375 2425 3666 2481 est.0mnis
3689 2441 3772 2477 ar-

2139 2518 2233 2571 bor
2261 2531 2388 2589 quae
2419 2533 2529 2571 non
2576 2516 2714 2588 facit
2759 2521 3004 2587 [ruclum
3049 2517 3250 2571 bonum
3299 2515 3580 2569 excidetur
3626 2518 3674 2568 et
3714 2515 3766 2566 in

2136 2607 2327 2677 ignem
2358 2605 2615 2662 mittetur
2634 2609 2784 2675 (Luc.
2814 2623 2890 2672 in,
2922 2607 2979 2672 7,
3007 2615 3056 2660 et
3075 2605 3767 2676 seq.).lstacumPrmcur-

2135 2711 2234 2750 sor
2253 2697 2584 2751 dominicus
2616 2697 2852 2761 diceret,
2876 2695 3277 2766 proculdubio
3307 2693 3532 2765 iniquis
3557 2693 3768 2748 dicebat

2135 2790 2193 2839 et
2226 2785 2414 2846 malis.
2451 2802 2599 2856 quos
2629 2787 2803 2840 etiam
2846 2791 3081 2856 propter
3111 2784 3504 2839 imitationem
3538 2798 3767 2852 serpen-

2136 2874 2308 2938 tium,
2343 2875 2452 2930 hoc
2483 2880 2572 2929 est
2602 2873 2871 2930 diaboliui
2903 2875 3118 2946 operis,
3147 2875 3471 2943 Viperarum
3490 2873 3765 2944 genimina

2136 2964 2532 3034 nuncupabat.
2552 2963 2777 3028 Quibus
2799 2969 2995 3018 tamen
3019 2963 3276 3018 ostendit
3295 2964 3434 3031 quid
3461 2963 3519 3016 in
3547 2962 3650 3016 hoc
3672 2979 3763 3016 sa:-

2134 3055 2265 3108 culo
2299 3054 2732 3126 tacerent,quid
2755 3053 2930 3109 etiam
2956 3053 3013 3108 in
3044 3052 3486 3122 futurojudicio
3509 3052 3773 3107 formida-

2135 3155 2282 3206 rent.
2314 3151 2658 3223 Praacipiens
2687 3153 2842 3207 enim
2891 3158 2955 3206 ut
2986 3151 3243 3206 facerent
3289 3151 3521 3205 fructus
3579 3150 3772 3222 dignos

2134 3241 2508 3311 paenitentiae,
2533 3241 2792 3296 ostendit
2813 3241 2907 3296 hic
2932 3240 3142 3296 mutari
3160 3256 3330 3310 posse
3359 3239 3722 3307 bomines,et
3745 3257 3771 3291 α

2132 3329 2408 3401 supplicii
2428 3330 2630 3385 merito
2652 3331 2723 3386 ad
2753 3329 3027 3385 meritum
3059 3326 3774 3401 regni,pcenitentisanimi

2131 3420 2510 3475 conversione
2533 3419 2808 3474 transire.
2832 3421 3176 3488 Adjungens
3207 3420 3588 3490 autem.qnia
3609 3419 3772 3475 omnis

2129 3508 2295 3563 arbor
2321 3523 2445 3579 quae
2481 3523 2592 3563 non
2615 3507 2758 3579 facit
2785 3512 3026 3578 fructum
3075 3511 3275 3563 bonum
3315 3509 3612 3564 cxcidetur
3645 3517 3696 3562 et
3718 3507 3771 3559 in

2131 3598 2322 3669 ignem
2349 3599 2618 3664 mittetur,
2640 3605 2874 3668 tempus
2894 3597 3306 3668 praenuntiavit
3337 3597 3525 3651 tuturi
3549 3597 3773 3667 judicii,

2129 3702 2246 3757 quo
2270 3686 2440 3742 malis
2461 3687 2720 3758 usquein
2741 3687 2911 3741 linem
2927 3685 3305 3740 criminosam
3322 3686 3682 3740 ducentibus
3697 3684 3771 3737 vi-

2127 3779 2430 3842 tam,sicut
2459 3775 2838 3832 infructuosis
2867 3775 3322 3841 arboribus,non
3338 3777 3615 3830 remissio
3649 3791 3775 3846 pec-

2127 3869 2388 3919 catorum
2411 3865 2865 3920 misericorditer
2880 3864 3216 3930 donabitur,
3241 3864 3342 3919 sed
3373 3870 3591 3918 eterna
3607 3878 3773 3917 com-

2125 3952 2322 4008 bustio
2361 3954 2525 4023 juste
2573 3954 2866 4009 reddetur.
2924 3954 3060 4008 Ideo
3114 3968 3347 4024 quoque
3404 3950 3771 4006 Salvatorem

2125 4047 2392 4096 nostrum
2426 4042 2685 4112 praedicit
2701 4042 2770 4096 ad
2795 4041 3206 4096 discretionem
3237 4040 3409 4096 tritici
3440 4040 3779 4112 palearum-

2124 4146 2235 4200 que
2247 4136 2555 4186 venturum
2583 4149 2596 4186 :
2621 4132 2718 4201 qui
2743 4129 2946 4186 habens
2966 4128 3342 4185 ventilabrum
3365 4129 3425 4184 in
3449 4147 3631 4184 manu
3652 4144 3771 4193 sua,

2117 4220 2512 4287 permundabit
2565 4234 2757 4273 arcam
2802 4235 2982 4286 suam,
3033 4221 3081 4273 et
3126 4219 3486 4288 congregabit
3531 4217 3772 4272 triticum

2119 4322 2284 4361 suum
2315 4307 2375 4361 in
2406 4307 2691 4374 horreum,
2722 4307 2918 4378 paleas
2947 4312 3128 4363 autem
3143 4309 3422 4363 comburet
3453 4311 3590 4378 igni
3619 4311 3775 4362 inex-

2117 4396 2438 4464 stinguibili
2481 4396 2668 4468 (lbid.,
2704 4397 2814 4468 17).
2873 4396 3154 4452 informat
3200 4412 3438 4451 omnem
3499 4403 3777 4468 praeterea

2118 4485 2512 4541 Christianum
2547 4491 2744 4542 tenore
2775 4486 3122 4558 evangelicae
3153 4484 3534 4552 lectionis,ut
3563 4486 3777 4540 discre-

2119 4575 2274 4630 tione
2307 4575 2502 4630 babita
2523 4576 2855 4631 consideret
2871 4575 3014 4647 quid
3037 4576 3096 4630 in
3121 4574 3309 4646 primo
3330 4574 3668 4631 Salvatoris
3688 4575 3781 4628 ad-

2119 4671 2288 4720 ventu
2323 4665 2496 4719 fuerit
2525 4665 2845 4737 unicuique
2876 4666 3146 4736 piissime
3177 4663 3446 4734 largitate
3464 4665 3777 4726 donatum,

2121 4753 2262 4825 quid
2294 4754 2472 4808 etiam
2505 4752 2758 4825 singulis
2808 4758 3145 4825 expectetur
3193 4751 3249 4806 in
3295 4755 3598 4819 secundo,
3623 4753 3781 4822 justa

2118 4841 2499 4898 retributione
2531 4843 2918 4898 reddendum.

2775 4984 3006 5042 CAPUT
3035 4985 3100 5041 Χ.

2186 5113 2316 5182 Ipse
2345 5110 2503 5166 enim
2521 5114 2720 5166 noster
2734 5109 2999 5166 Salvator
3018 5114 3073 5165 et
3088 5110 3403 5182 judex,qui
3427 5127 3611 5168 nunc
3630 5109 3782 5166 venit

2113 5205 2180 5255 ut
2199 5200 2550 5266 salvet,tunc
2564 5207 2654 5255 est
2671 5206 2866 5255 autem
2881 5204 3160 5255 venturus
3179 5199 3620 5272 utjudicet;qui
3635 5213 3784 5256 nunc

2109 5290 2272 5344 venit
2304 5295 2368 5343 ut
2393 5289 2576 5344 bonos
2603 5306 2671 5344 ex
2701 5288 2876 5344 malis
2907 5288 3004 5359 pia
3037 5288 3386 5344 remissione
3421 5291 3785 5353 faciat,tunc

2111 5385 2303 5433 autem
2338 5389 2619 5433 venturus
2641 5383 2726 5432 est
2761 5388 2817 5432 ut
2845 5377 3026 5432 malos
3049 5393 3082 5431 a
3099 5378 3448 5448 bonisjusla
3472 5380 3784 5434 examina-

2107 5468 2260 5522 tione
2274 5467 2767 5522 disceroat.Primi
2781 5467 3064 5522 adventus
3079 5466 3560 5523 suidemonstrat
3576 5467 3790 5524 bene-li-

2105 5556 2260 5612 cium
2295 5557 2499 5612 dicens
2531 5573 2544 5612 :
2587 5559 2742 5613 Venit
2770 5557 2923 5611 enim
2951 5554 3130 5611 Filius
3161 5555 3402 5612 hominis
3429 5571 3716 5627 querere
3738 5560 3783 5609 et

2103 5645 2324 5702 salvum
2352 5648 2536 5715 facere
2565 5647 2709 5718 quod
2728 5648 2972 5716 perierat
2998 5645 3151 5714 (Luc.
3184 5661 3300 5712 xu,
3344 5644 3463 5712 10).
3493 5646 3670 5705 80³
3692 5645 3785 5701 Se-

2107 5737 2288 5793 cundi
2319 5753 2456 5794 vero
2473 5736 2761 5795 adventus
2776 5737 3157 5795 metuendam
3171 5737 3258 5794 sic
3275 5737 3530 5796 intimat
3541 5738 3787 5813 equino
