3878 6328
141 425 227 484 561
1087 425 1189 484 DE
1234 423 1704 485 REMISSIONE
1748 421 2278 492 PECCATORUM
2325 432 2468 494 LIB.
2519 434 2595 494 ΙΙ.

3437 429 3557 491 562

143 555 450 624 taminia
482 557 689 613 Filius
722 558 990 622 hominis,
1017 563 1076 614 et
1109 563 1241 614 tunc
1268 556 1460 613 reddet
1496 555 1798 626 unicuique
1825 555 1878 622 Α
1910 559 2100 617 stolus
2127 563 2226 631 ait,
2261 564 2356 622 his
2386 566 2488 638 qui
2521 564 2776 639 diligunt
2807 566 3123 621 adventum
3145 564 3275 634 ejus
3297 563 3376 636 (II
3414 565 3549 621 'I'im.

144 646 403 706 secundum
435 663 613 718 Opera
647 664 762 704 sua
795 647 1006 720 (Matth.
1032 664 1152 711 xvx,
1173 649 1283 718 27).
1306 645 1484 701 Primi
1507 646 1792 701 adventus

151 739 590 796 misericordiam
616 755 835 794 rursus
858 739 1200 807 ostendens,
1226 740 1326 793 ait:
1355 736 1447 792 Sic
1472 739 1622 792 enim
1647 735 1792 789 Deus

154 830 634 896 dilexitmundum,
654 841 719 884 ut
744 830 946 884 Filium
969 845 1131 884 suum
1153 829 1508 896 unigenitum
1529 826 1678 880 dare!
1704 827 1790 878 :ul

161 922 303 978 omnis
322 920 419 992 qui
451 921 641 974 credit
664 919 724 974 in
751 935 879 974 eum
907 935 1018 974 non
1046 921 1253 990 pereat,
1285 919 1380 972 sed
1403 917 1597 970 habeat
1616 916 1790 969 vitam

166 1015 406 1066 sternam.
443 1009 568 1064 Non
583 1010 738 1064 enim
767 1009 920 1064 misit
953 1009 1094 1063 Deus
1125 1006 1331 1062 Filiam
1359 1022 1523 1060 suum
1544 1008 1602 1058 in
1622 1020 1790 1058 mun-

169 1100 268 1154 dum
293 1099 578 1171 utjudicet
609 1097 903 1165 mundum,
934 1097 1025 1152 sed
1053 1101 1115 1151 ut
1143 1097 1389 1152 salvetur
1425 1093 1662 1148 mundus
1691 1108 1792 1163 per

165 1191 309 1262 ipsum
325 1191 513 1261 (Joan.
537 1205 668 1254 xm,
687 1188 763 1254 7).
785 1187 1036 1243 Secundi
1055 1203 1186 1242 vero
1201 1181 1782 1252 adventusjudicium

166 1284 230 1339 sic
258 1282 644 1352 pronuntians
690 1279 868 1334 dicit:
901 1279 1071 1333 Multa
1095 1278 1264 1333 habeo
1295 1279 1362 1332 de
1381 1277 1530 1331 vobis
1561 1276 1712 1346 loqui
1735 1277 1787 1328 el

156 1373 373 1442 judicare
403 1369 596 1439 (Ibid,
628 1386 752 1437 vni,
781 1369 897 1440 26).
938 1369 1008 1424 Et
1037 1367 1150 1422 alio
1178 1367 1343 1422 loco':
1394 1365 1580 1420 Sermo
1629 1378 1787 1434 quem

162 1464 344 1517 loeutus
387 1477 514 1515 sum
545 1461 721 1524 vobis,
751 1460 872 1526 ipse
892 1457 1168 1529 judicabit
1195 1473 1288 1512 vos
1317 1455 1505 1527 (Ibid,
1539 1470 1642 1517 xu,
1674 1453 1782 1522 48).

163 1553 217 1606 Ει
250 1550 352 1606 alio
385 1551 537 1605 loco:
570 1547 726 1604 Sicut
751 1547 922 1603 audio
949 1547 1151 1616 iudico,
1174 1554 1226 1601 et
1264 1545 1548 1618 judicium
1598 1559 1786 1597 meum

163 1659 320 1697 verum
342 1650 420 1696 est
440 1639 628 1709 (Ibid,
654 1655 706 1704 ν,
725 1638 834 1708 30).
863 1637 1088 1693 Rursus
1102 1635 1452 1691 beneficium
1479 1634 1651 1705 primi
1678 1632 1784 1687 ad-

160 1741 338 1788 ventus
369 1731 486 1797 sui,
507 1748 624 1802 quo
658 1730 884 1784 nullum
919 1728 1219 1784 inveniens
1240 1729 1430 1783 vivum
1455 1726 1633 1798 gratis
1650 1744 1784 1783 sus-

157 1832 273 1887 citat
294 1837 577 1897 mortuos,
603 1845 755 1900 quos
781 1828 984 1898 utique
1003 1827 1226 1882 tacitex
1247 1826 1678 1897 impiisjustos.
1702 1831 1783 1880 ta-

1901 651 2068 720 1v,9);
2087 655 2466 724 operantibus
2488 662 2684 713 autem
2709 655 3102 726 iniquitatem,
3119 652 3274 708 sicut
3290 652 3552 723 psalmus

1898 756 2071 808 xxvn,
2105 743 2159 813 4)
2191 746 2466 813 ostendit,
2495 747 2661 800 dabit
2690 746 2847 800 394
2878 743 3203 800 secundum
3244 759 3420 814 Opera
3450 759 3546 798 eo-

1901 845 2054 898 rum,
2073 838 2129 885 et
2150 835 2473 889 secundum
2492 835 2811 906 nequitiam
2834 833 3164 889 studiorum
3189 831 3476 902 ipsorum,
3492 835 3549 886 et

1900 920 2226 975 secundum
2259 939 2435 994 opera
2457 941 2696 978 manum
2721 939 2921 978 eorum
2943 922 3160 976 tribuet
3183 920 3323 988 illis,
3347 920 3548 975 reddet

1900 1008 2340 1066 retributionem
2373 1029 2575 1068 eorum
2610 1013 2788 1085 ipsis:
2823 1029 2890 1067 ea
2918 1012 3141 1067 scilicet
3171 1025 3370 1078 causa,
3405 1008 3545 1079 quia

1899 1095 2091 1166 qualis
2104 1100 2512 1171 unusquisque
2526 1102 2597 1156 de
2615 1101 2722 1156 hac
2735 1097 3322 1172 vitaegreditur,talis
3338 1098 3545 1152 lutura

1895 1185 2024 1239 vitae
2037 1186 2166 1242 sine
2183 1189 2214 1241 d
2227 1189 2549 1245 ubitatione
2562 1191 2857 1257 reddetur;
2883 1206 2988 1244 nec
3007 1190 3078 1245 de
3100 1205 3264 1244 corru
3275 1187 3391 1260 ptio
3401 1184 3542 1240 nein

1897 1274 2466 1348 incorruptionemin
2482 1279 2748 1351 illojusto
2771 1277 3451 1350 mutabiturjudicio,qui
3468 1275 3540 1330 ab

1895 1363 2206 1436 iniquitate
2232 1368 2306 1422 ad
2327 1368 2647 1440 justitiam,
2682 1375 2739 1426 et
2769 1387 2803 1426 ο.
2821 1369 2975 1426 mala
2992 1369 3108 1423 vita
3125 1369 3197 1422 ad
3220 1368 3435 1422 bonam
3456 1363 3541 1419 vi-

1897 1459 2012 1510 tam
2045 1472 2160 1511 non
2192 1457 2356 1528 prius
2388 1458 2445 1513 in
2479 1458 2586 1515 hoc
2619 1459 2831 1516 saeculo
2863 1459 3040 1514 fuerit
3063 1457 3440 1512 immutatus.

2532 1566 2758 1622 CAPUT
2796 1566 2897 1622 XI.

1964 1651 2240 1723 Proptera
2272 1653 2486 1710 Paulus
2509 1567 2897 1711 degifzullrmigs.
2913 1653 3135 1725 quidem
3159 1665 3540 1720 resurgemus,

1891 1739 1982 1794 sed
2012 1757 2119 1795 non
2147 1757 2335 1797 omnes
2373 1743 2790 1799 immutabimur
2835 1746 2880 1815 (I
2913 1749 3036 1799 Cor.
3075 1759 3168 1807 xv,
3212 1742 3324 1812 51).
3374 1741 3540 1805 Quod

1892 1844 2025 1883 cum
2055 1830 2262 1886 beatus
2285 1832 2529 1888 dixisset
2555 1833 2894 1904 Apostolus,
2923 1849 2992 1887 ne
3013 1848 3227 1888 sensus
3249 1827 3539 1886 sermonis

157 1922 296 1976 libus
319 1919 556 1975 intimat
584 1917 782 1974 verbis
814 1935 828 1972 :
861 1920 1051 1983 Amen,
1082 1932 1244 1971 amen
1269 1916 1389 1972 dico
1441 1918 1620 1984 nobis,
1647 1919 1778 1987 quia
1811 1929 1860 1993 Β
1890 1919 2017 1988 ejus
2049 1921 2201 1991 apud
2236 1920 2467 1992 aliquos
2498 1924 2775 1993 penderet
2804 1923 3084 1986 incertus,
3128 1919 3298 1976 scivit
3328 1918 3538 1972 subse-

159 2012 291 2066 cenil
316 2012 465 2076 hora,
487 2018 540 2064 el
565 2025 718 2064 nunc
739 2012 835 2070 est,
863 2007 1079 2079 quando
1113 2009 1321 2063 mortui
1341 2007 1569 2062 audient
1594 2022 1780 2062 vocem

154 2102 276 2156 Filii
303 2102 413 2166 Dei,
433 2105 483 2155 et
501 2101 600 2170 qui
619 2097 914 2153 audierint
932 2097 1114 2153 vivent
1134 2097 1352 2166 (Ibid.v,
1370 2098 1505 2167 25).,
1528 2096 1779 2152 Secundi

152 2208 263 2246 vero
281 2191 568 2245 adventus
603 2204 873 2251 examen,
897 2204 1013 2258 quo
1038 2188 1414 2257 judicaturus
1437 2193 1526 2242 est
1546 2191 1703 2241 vivos
1725 2191 1780 2242 et

150 2285 386 2335 mortuos
420 2279 862 2347 subsequenter
891 2278 1263 2348 praenuntiat,
1298 2277 1536 2331 dicens:
1586 2276 1776 2342 Amen,

145 2386 285 2425 amen
315 2368 440 2425 dico
467 2368 645 2433 vobis,
679 2368 813 2438 quia
832 2369 1011 2422 veniet
1040 2373 1201 2433 hora,
1233 2366 1450 2438 quando
1475 2381 1661 2421 omnes
1683 2365 1780 2434 qui

145 2462 192 2512 in
219 2459 590 2514 monumentis
618 2465 749 2511 sunt
775 2455 1010 2510 audient
1029 2471 1209 2510 vocem
1232 2456 1376 2527 ejus:
1418 2459 1469 2511 et
1489 2457 1778 2525 precedent

142 2552 224 2618 qui
252 2550 389 2604 bona
420 2549 694 2618 fecerunt,
727 2548 784 2600 in
816 2547 1269 2601 resurrectionem
1294 2543 1420 2600 vitae
1436 2561 1456 2605 ,ο
1477 2546 1574 2616 qui
1593 2547 1780 2597 autem

143 2637 282 2691 mata
309 2641 560 2705 egerunt,
585 2637 649 2691 in
670 2636 1131 2690 resurrectionem
1154 2634 1352 2702 iudicii
1373 2630 1552 2703 (Ibid,
1578 2635 1650 2687 28
1665 2631 1777 2701 '29).

147 2726 657 2796 Prasentisitaque
673 2725 833 2780 vocis
846 2724 975 2795 ejus
989 2723 1225 2778 auditus
1241 2723 1418 2778 donat
1433 2722 1610 2777 vitam
1630 2739 1780 2776 mor-

145 2823 280 2890 tuis,
315 2839 447 2879 cum
479 2824 602 2879 ﬁdei
637 2822 888 2895 gratiam
916 2821 1165 2893 largitur
1185 2821 1529 2888 incredulis,
1558 2825 1614 2875 et
1635 2836 1779 2891 quos

145 2915 325 2970 malos
358 2914 596 2984 invenit,
627 2915 818 2970 bonos
849 2913 1004 2981 facit;
1042 2914 1340 2983 praesentis
1380 2917 1575 2968 autem
1625 2911 1781 2966 vocis

143 3007 264 3074 ejus
279 3005 516 3059 auditus
540 3004 756 3072 impios
779 3002 1187 3074 piejustilicat,
1205 3007 1540 3072 peccatores
1560 3000 1782 3056 miseri-

147 3095 381 3149 corditer
401 3093 608 3163 salvat,
628 3109 811 3149 caecos
834 3091 1481 3148 clementerilluminat.
1497 3091 1779 3148 Secundis

147 3190 321 3239 autem
339 3188 499 3239 vocis
520 3185 649 3255 ejus
667 3184 928 3247 auditus,
954 3182 1297 3253 sicutjustis
1318 3199 1590 3238 coronam
1617 3182 1782 3251 justi-

145 3276 224 3364 tia
237 3273 783 3344 reddet,siciniquis
800 3289 1020 3345 poenam
1034 3289 1136 3344 pro
1151 3272 1458 3343 iniquitate
1471 3273 1784 3329 retribuet.
1812 3293 1857 3364 α

147 3363 200 3418 ln
233 3367 430 3435 primae
463 3364 620 3418 vocis
639 3364 766 3432 ejus
791 3362 1018 3430 auditu,
1049 3363 1322 3432 przevenit
1345 3369 1650 3433 peccantes
1669 3366 1779 3419 mi-

145 3453 449 3508 sericordia
465 3453 823 3518 redimentis;
847 3469 919 3507 en
943 3453 1214 3507 secundae
1228 3453 1387 3506 vocis
1407 3453 1630 3515 auditu,
1650 3453 1784 3508 sub-

142 3549 417 3613 sequetur
445 3541 826 3612 operantibus
855 3541 932 3611 (a)
963 3541 1266 3595 retributio
1295 3540 1639 3610 judicantis.
1677 3543 1782 3597 Hic

137 3632 408 3686 omnibus
438 3631 675 3686 dicitur:
711 3632 890 3686 Venite
913 3631 984 3685 ad
1005 3646 1090 3685 me
1112 3645 1299 3685 omnes
1331 3633 1427 3701 qui
1449 3630 1713 3686 laboratis
1732 3640 1784 3687 et

135 3722 343 3775 onerati
370 3723 526 3785 estis,
554 3729 605 3775 et
633 3736 732 3789 ego
755 3736 845 3776 vos
875 3720 1120 3789 reﬁciam
1149 3719 1363 3792 (Matth.
1398 3736 1478 3784 XI,
1518 3720 1631 3792 28).
1678 3721 1782 3776 Hic

134 3814 321 3864 autem
349 3810 574 3864 dextris
594 3815 818 3864 tantum
843 3809 1093 3864 dicetur:
1129 3811 1348 3877 Venite,
1375 3809 1652 3865 benedicti
1673 3811 1784 3864 Pa-

135 3902 231 3954 tris
261 3901 393 3967 mei,
431 3901 700 3970 percipile
724 3916 957 3970 regnum
981 3899 1190 3971 (Matth.
1223 3916 1355 3966 xxv,
1379 3899 1495 3972 34);
1521 3901 1782 3956 sinistris

131 4004 264 4043 vero
300 3989 550 4043 dicetur:
580 3990 669 4054 lle,
695 3988 998 4050 maledicti,
1023 3991 1082 4044 in
1104 3988 1288 4058 ignem
1312 3993 1576 4044 aeternum
1600 3989 1782 4060 (Ibid,

138 4078 250 4146 Ill).
283 4077 389 4132 Ubi
423 4083 512 4133 est
545 4079 884 4134 meritorum
933 4083 1097 4133 tanta
1147 4079 1476 4133 certissima
1528 4079 1782 4150 cognitio

139 4165 476 4236 pastoralis,
509 4183 626 4238 qua
653 4167 1120 4240 segregabuntur
1143 4183 1278 4222 oves
1301 4167 1374 4222 ab
1397 4167 1600 4232 haedis,
1627 4167 1784 4224 utita

136 4255 332 4311 nullus
364 4256 565 4310 haedus
595 4263 839 4328 ponatur
868 4258 938 4312 ad
962 4255 1283 4319 dexteram,
1305 4256 1456 4311 sicut
1478 4257 1600 4313 ovis
1622 4256 1784 4312 nulla

133 4343 518 4400 collocabitur
550 4348 615 4400 ad
649 4346 976 4401 sinistram.
1013 4346 1117 4401 llla
1159 4345 1376 4417 quippe
1409 4345 1616 4401 merita
1647 4362 1782 4400 cum

134 4434 348 4503 quibus
381 4433 648 4490 homines
670 4451 738 4490 ex
769 4436 876 4491 bac
899 4436 1016 4490 vita
1039 4435 1372 4500 discedunt,
1395 4433 1524 4506 ipsa
1546 4451 1680 4490 cum
1699 4435 1784 4491 eis

127 4522 188 4575 in
213 4522 314 4577 illa
329 4523 858 4580 vitaiudesinenter
877 4531 1054 4597 atque
1071 4523 1633 4580 incommutabiliter
1655 4541 1784 4597 per-

127 4613 482 4682 manebunt,
497 4615 616 4670 sive
636 4615 786 4670 bona
805 4632 932 4687 quis
956 4615 1050 4670 hic
1074 4615 1271 4670 divina
1294 4615 1479 4686 pietas
1504 4615 1774 4681 contulit,

125 4716 230 4755 seu
265 4703 427 4756 mala
445 4717 572 4774 quas
597 4704 686 4759 hic
709 4703 965 4760 humana
987 4703 1274 4776 iniquitas
1296 4705 1678 4774 comparavit.
1699 4707 1776 4760 Ac

125 4806 231 4860 per
262 4791 378 4847 hoc
409 4791 569 4847 nulla
597 4793 677 4847 ibi
706 4794 815 4849 erit
845 4793 1091 4849 remotio
1137 4793 1450 4863 malorum,
1509 4796 1778 4867 quamvis

119 4878 329 4936 futura
362 4881 441 4935 sit
455 4882 738 4938 bonorum
781 4882 1065 4954 promotio
1097 4884 1455 4940 meritorum.
1487 4883 1592 4939 Illa
1621 4885 1778 4940 enim

124 4971 463 5026 manebunt
490 4970 546 5026 in
572 4987 760 5042 paena,
784 4972 898 5028 ista
914 4972 1289 5044 perﬁciantur
1312 4973 1366 5028 in
1390 4972 1594 5045 gloria.
1617 4973 1780 5029 Istud

123 5065 216 5113 est
247 5066 494 5131 tempus
516 5078 628 5132 quo
648 5061 823 5126 Deus,
847 5063 1000 5118 sicut
1019 5063 1077 5117 in
1099 5063 1326 5135 psalmo
1358 5065 1638 5136 scriptum
1664 5068 1779 5119 est:

121 5149 242 5203 Non
262 5154 572 5205 secundum
600 5160 822 5221 peccata
869 5155 1052 5206 nostra
1094 5153 1229 5222 fecit
1266 5154 1440 5224 nobis,
1486 5170 1660 5224 neque
1703 5169 1782 5209 se-

115 5239 379 5292 cundum
401 5241 719 5311 iniquitates
747 5244 965 5296 nostras
987 5240 1243 5296 retribuit
1284 5243 1457 5298 nobis.
1508 5243 1778 5310 Quoniam

107 5328 430 5383 secundum
449 5329 799 5384 altitudinem
821 5331 948 5385 coeli
967 5347 1001 5384 a
1026 5337 1196 5395 terra,
1220 5333 1566 5402 conﬁrmavit
1590 5332 1779 5388 Domi-

110 5433 219 5471 nus
241 5418 715 5473 misericordium
727 5435 880 5474 suam
893 5435 1064 5491 super
1082 5419 1331 5476 timentes
1344 5439 1490 5477 eum.
1509 5421 1776 5490 Quoniam

106 5504 260 5561 sicut
276 5507 623 5564 distatortus
635 5509 703 5563 ab
715 5524 922 5573 occasu,
938 5511 1211 5580 elangavit
1225 5512 1550 5580 iniquitates
1561 5521 1778 5566 nostras

107 5612 138 5648 a
162 5599 348 5652 nobis
380 5599 618 5664 (Psalm.
652 5613 748 5663 cn,
784 5599 872 5658 10.
907 5599 994 5662 Η,
1033 5600 1142 5670 12).
1182 5601 1239 5654 In
1273 5600 1374 5654 illo
1400 5606 1594 5656 autem
1619 5601 1776 5671 judi-

102 5687 192 5742 cio
235 5703 536 5743 coronam
559 5687 805 5759 justitue
820 5689 1441 5760 reddetjustusjudex,
1456 5690 1775 5763 sicutApo-

171 5828 272 5900 (η)
313 5829 381 5910 In
412 5845 522 5910 ms.
555 5828 855 5910 legebatur
882 5830 1022 5889 olim
1049 5834 1348 5905 operantes.
1383 5834 1518 5898 Qum
1539 5850 1648 5892 vox
1662 5835 1777 5894 alia

101 5914 312 5958 manu
350 5900 458 5957 Iuit
487 5906 729 5959 mutata.

1893 2007 2424 2078 quenterﬁdelibus
2445 2012 2897 2080 ostendendum,
2917 2026 3203 2082 quosnam
3230 2009 3435 2062 futurae
3455 2021 3540 2060 re-

1891 2099 2273 2154 surrectionis
2303 2105 2564 2170 tempore
2595 2101 2805 2155 dixerit
2824 2099 3249 2155 immutandos.
3268 2096 3533 2151 Profecto

1890 2187 2044 2240 enim
2066 2187 2114 2241 si
2130 2188 2393 2244 dixisset:
2409 2189 2624 2245 Omnes
2639 2205 3038 2261 resurgemus,
3061 2189 3160 2243 sed
3178 2203 3292 2242 non
3309 2185 3530 2239 immu-

1889 2275 2171 2344 tabimur,
2206 2277 2431 2334 nullius
2462 2279 2797 2335 immutatio
2830 2279 3028 2334 futura
3075 2277 3429 2332 crederetur.
3463 2272 3530 2327 Et

1891 2363 2097 2420 iterum
2131 2366 2181 2422 si
2213 2367 2474 2424 dixisset:
2499 2368 2716 2424 Omnes
2745 2383 3148 2440 resurgemus,
3176 2370 3233 2420 et
3261 2364 3537 2418 immuta-

1887 2453 2105 2522 bimur;
2139 2457 2294 2511 sicut
2321 2473 2525 2512 omnes
2557 2458 2877 2512 creduntur
2899 2452 3305 2517 resurrecturi,
3332 2466 3535 2506 omnes

1889 2541 2062 2597 etiam
2091 2545 2465 2600 crederentur
2495 2545 2768 2602 similiter
2797 2543 3540 2602 immutandi.Atcumom-

1888 2632 2052 2688 nium
2077 2635 2337 2691 futuram
2354 2637 2839 2693 resurrectionem
2859 2635 3322 2708 prmdixeritmec
3340 2637 3536 2685 tamen

1889 2737 2094 2777 omnes
2110 2722 3275 2791 asseveraveritimniutandos,admonuit
3291 2736 3405 2775 non
3421 2716 3538 2772 sol-

1890 2809 2047 2866 licite
2077 2815 2319 2869 scrutari
2354 2814 2597 2886 quinam
2629 2815 2750 2870 sint
2787 2815 2846 2869 in
2879 2811 3303 2871 resurrectione
3355 2807 3540 2864 futuri

1889 2902 2176 2956 examinis
2207 2902 2580 2960 immutandi.
2616 2905 2733 2960 Hoc
2754 2909 2952 2960 autem
2977 2903 3182 2958 nolens
3206 2900 3536 2970 relinquere

1889 2989 2095 3046 beatus
2117 2992 2333 3049 Paulus
2356 2994 2723 3066 ambiguum,
2750 3010 2822 3049 ne
2845 2993 3121 3049 licentius
3145 2989 3330 3060 iniqui
3355 2985 3540 3041 delin-

1891 3087 2158 3152 querent,
2180 3083 2228 3137 si
2253 3100 2566 3139 commune
2589 3084 2701 3139 sibi
2725 3100 2858 3138 cum
2877 3083 3055 3152 justis
3083 3095 3296 3135 munus
3322 3077 3529 3130 futuris

1891 3170 2234 3227 mutationis
2284 3173 2607 3239 audissent,
2659 3172 2926 3243 sequenti
2991 3184 3260 3226 sermone
3307 3162 3533 3221 curavit

1890 3262 2199 3316 ostendere
2227 3261 2387 3317 illius
2419 3261 2761 3316 mutationis
2791 3262 3033 3316 donum:
3064 3260 3127 3314 In
3155 3261 3449 3324 momento,
3472 3257 3535 3309 in

1889 3350 2004 3402 ictu
2022 3349 2189 3415 oculi,
2227 3349 2288 3404 in
2320 3353 2621 3405 novissima
2668 3351 2802 3405 tuba
2833 3367 2852 3405 :
2897 3358 3056 3405 canet
3095 3347 3248 3404 enim
3295 3347 3446 3411 tuba,
3477 3348 3533 3400 et

1882 3441 2091 3493 mortui
2104 3445 2402 3508 resurgent
2419 3441 2758 3511 incorrupti:
2782 3448 2946 3495 etnos
2964 3435 3528 3506 immutabimur(lb.,

1883 3528 1996 3598 52).
2030 3531 2171 3582 Cum
2204 3528 2368 3592 dicit,
2390 3545 2507 3596 nos,
2532 3529 2786 3584 ostendit
2807 3528 2941 3584 illos
2963 3544 3162 3584 secum
3186 3528 3535 3581 futurmmu-

1887 3616 2127 3672 tationis
2161 3617 2448 3688 potituros
2476 3618 2646 3683 dono,
2683 3636 2830 3690 quos
2858 3618 2919 3674 in
2968 3618 3078 3673 hoc
3107 3623 3368 3687 tempore
3397 3629 3534 3669 cum

1884 3704 2065 3761 Paulo
2095 3705 2389 3778 sociisque
2418 3709 2546 3778 ejus
2568 3713 2726 3763 tenet
2747 3707 3143 3764 ecclesiastica
3167 3711 3436 3776 recteque
3453 3702 3537 3757 vi-

1883 3796 2056 3850 vendi
2088 3799 2450 3853 communio.
2484 3797 2672 3868 Ipsius
2695 3813 2827 3854 vero
2853 3796 3198 3854 mutationis
3219 3794 3532 3850 insinuans

1886 3885 2234 3954 qualitatem
2268 3887 2427 3944 dicit:
2463 3887 2679 3959 Oportet
2705 3889 2855 3944 enim
2884 3888 3241 3957 corruptibile
3288 3884 3389 3939 hoc
3433 3883 3528 3938 in-

1885 3973 2056 4030 duere
2087 3977 2577 4047 incorruptionem,
2610 3982 2660 4033 et
2686 3978 2918 4034 mortale
2939 3976 3037 4032 hoc
3057 3976 3287 4030 induere
3306 3978 3533 4029 immor-

1887 4063 2160 4120 talitatem
2190 4066 2376 4136 (Ibid.,
2407 4067 2522 4138 53).
2558 4071 2630 4122 Ut
2658 4083 2794 4138 ergo
2827 4068 2884 4122 in
2919 4065 3136 4120 talibus
3163 4072 3303 4120 tunc
3324 4079 3537 4133 sequa-

1888 4156 1984 4206 tur
2011 4156 2454 4226 mutatiojustaa
2486 4157 2910 4219 retributionis,
2938 4171 3092 4208 nunc
3117 4151 3533 4224 praeceditmu-

1887 4243 2028 4298 tatio
2054 4245 2326 4315 gratuitae
2356 4245 2661 4315 largitatis.
2695 4246 2874 4309 Quam
2911 4243 3292 4296 mutationem
3323 4240 3530 4293 beatus

1888 4333 2173 4404 prOpheta
2204 4334 2380 4388 David
2418 4333 2754 4396 ostendens,
2789 4333 2870 4386 ait
2898 4347 2911 4384 :
2975 4328 3136 4398 Dixi,
3168 4341 3316 4382 nunc
3333 4324 3474 4395 capi
3505 4341 3528 4382 :

1886 4419 2007 4478 haec
2035 4426 2272 4478 mutatio
2300 4425 2550 4478 dexterae
2569 4421 2785 4476 Excetsi
2805 4419 3039 4490 (Psalm.
3073 4433 3260 4484 Lxxv1,
3297 4415 3405 4486 11).

2513 4525 2745 4583 CAPUT
2774 4525 2904 4581 XII.

1957 4621 2060 4676 His
2088 4635 2224 4692 ergo
2256 4619 2356 4690 qui
2387 4619 2445 4672 in
2480 4615 2750 4688 praesenti
2783 4616 2900 4670 vita
2931 4613 3001 4669 de
3033 4613 3187 4669 malo
3217 4611 3278 4668 in
3309 4609 3531 4666 bonum

1890 4710 2106 4766 fuerint
2132 4707 2426 4764 immutati
2464 4705 2670 4762 tutum
2704 4704 3045 4760 mutationis
3075 4701 3383 4759 retributio
3406 4716 3532 4773 pro-

1889 4800 2159 4856 mittitur:
2185 4814 2299 4869 qua
2320 4797 2417 4852 ﬁet
2447 4802 2511 4852 ut
2532 4793 2802 4868 quisquis
2826 4793 2916 4849 hic
2938 4795 3009 4848 ad
3031 4791 3273 4848 meliora
3293 4806 3532 4847 conver-

1890 4907 1994 4946 sus
2018 4887 2334 4944 mutaverit
2352 4886 2556 4956 vitam,
2570 4886 2630 4941 in
2649 4884 2750 4940 illa
2763 4899 2994 4956 quoque
3008 4890 3270 4938 mutatus
3288 4879 3532 4937 retribu-

1887 4977 2066 5046 tione,
2126 4978 2346 5032 donum
2372 4977 2629 5049 potiatur
2649 4972 2995 5046 aequalitatis
3015 4970 3290 5044 angelica:
3313 4987 3327 5037 ;
3354 4984 3529 5040 quam

1887 5066 2011 5138 ipse
2036 5065 2317 5133 Salvator,
2342 5066 2441 5138 qui
2468 5064 2654 5120 ﬁdelis
2671 5073 2749 5118 est
2766 5061 2822 5116 in
2839 5060 3030 5116 verbis
3047 5061 3191 5122 suis,
3215 5062 3274 5112 et
3287 5062 3532 5113 sanctus

1886 5156 1945 5210 in
1978 5157 2256 5212 omnibus
2286 5155 2561 5227 Operibus
2593 5153 2718 5209 suis
2747 5151 2976 5222 (Psalm.
3019 5164 3200 5212 cxuv,
3250 5146 3362 5213 t3),
3413 5161 3532 5200 non

1888 5245 2109 5318 iniquis
2135 5244 2577 5316 autimpiis,sed
2593 5240 2733 5297 solis
2751 5237 3194 5310 promittitbene
3207 5233 3535 5289 viventibus

1887 5336 2174 5406 acjustis.
2208 5335 2352 5397 Quia
2384 5349 2487 5388 nec
2510 5330 2657 5401 justi
2690 5332 2829 5382 sunt
2859 5325 2956 5396 qui
2995 5326 3140 5379 bene
3172 5340 3285 5378 non
3314 5323 3535 5389 vivunt,

1888 5441 1991 5480 nec
2012 5425 2232 5496 injuste
2254 5423 2584 5493 punientur,
2610 5417 2710 5488 qui
2733 5423 2908 5468 tieum
2934 5413 3245 5486 diligentes
3272 5414 3346 5484 (b)
3371 5429 3536 5468 man-

1887 5513 2022 5567 data
2051 5517 2181 5579 ejus
2210 5513 2615 5570 contemnunt,
2651 5520 2822 5574 quem
2846 5502 2994 5558 395
3019 5501 3097 5555 illi
3134 5500 3408 5574 diligunt,
3439 5503 3537 5574 qui

1883 5604 2010 5666 ejus
2044 5600 2320 5654 mandata
2339 5597 2698 5651 custodiunt:
2720 5595 2892 5662 cujus
2919 5592 3044 5663 ipse
3060 5590 3348 5648 Dominus
3371 5591 3408 5646 d
3435 5594 3538 5647 cit:

1889 5692 1995 5761 Qui
2039 5690 2224 5758 diligit
2239 5703 2345 5760 me,
2373 5688 2642 5742 mandata
2674 5698 2795 5739 mea
2814 5681 3054 5740 custodit
3080 5683 3256 5754 (toan.
3278 5699 3396 5753 xxv,
3425 5683 3538 5754 23).

1958 5835 2039 5909 (b)
2071 5833 2241 5890 Forte
2269 5850 2378 5890 non
2401 5831 2713 5904 diligentes.
