3894 6224
268 344 384 404 563
1267 340 1334 400 S.
1381 333 1801 399 FULGENTII
1844 325 2202 390 EPISCOPI
2247 324 2683 389 RUSPENSIS
3559 317 3696 377 564

273 477 451 528 Deum
484 471 686 544 igitur,
709 471 808 542 qui
843 486 948 526 nec
973 470 1192 540 injuste
1223 469 1700 541 diligi,necjuste
1731 465 1922 537 potest
1951 461 2004 527 Α
2034 453 2989 530 indulgentiam,transactohujus
3009 448 3368 544 vitazlimine
3389 449 3696 544 conferen—

278 541 596 633 aliquanwdo
626 541 945 630 contemni,
966 559 1049 614 illi
1080 575 1212 616 vere
1241 558 1494 630 diligunt
1518 556 1616 628 qui
1641 557 1769 626 ejus
1793 569 1929 626 pree-
2031 548 2190 613 dam,
2219 552 2460 604 secutus
2484 544 2771 614 adjunxit:
2799 542 3064 633 Extendit
3083 555 3498 633 manumsuam
3517 541 3569 594 in
3594 555 3702 596 re-

281 628 465 722 ceptis
495 649 798 706 ooediunt.
828 628 1093 705 Istisunt
1123 650 1222 720 qui
1245 628 1571 704 secundum
1596 658 1926 702 sermonem
2031 636 2323 692 tribuendo
2353 635 2625 708 (Ibidem).
2656 633 2846 703 Hujus
2877 631 3284 722 retributionis
3315 628 3541 722 initium
3589 634 3704 722 est.

284 719 518 796 Domini
550 737 758 810 (Matth.
789 755 927 809 χχιι,
979 739 1066 810 30)
1117 719 1522 803 mutabuntur,
1575 739 1633 790 et
1675 730 1929 805 aequales
2037 725 2454 796 cuminiquus,
2477 724 2807 780 mercedem
2825 719 3700 810 quamoportuiterrorissuiin

282 829 508 901 angelis
525 807 620 884 Dei
635 807 1129 900 ,incorruptibiles
1143 827 1366 884 scilicet
1384 831 1561 898 atque
1575 822 1932 880 immortales
2038 815 2340 886 semetipso
2353 810 3053 901 recipiensjustojudicio
3067 810 3128 865 in
3142 807 3708 901 suisiniquitatibus

283 898 526 974 munere
545 917 705 974 illius
727 898 1070 974 mutationis
1094 917 1306 986 eli‘ecti,
1329 931 1582 989 quorum
1606 931 1716 970 non
1742 912 1935 967 anima
2041 905 2172 975 igne
2191 903 2569 975 torquetibur
2585 901 2961 974 sempiterno.
2979 899 3182 970 Neque
3198 898 3506 989 etiamista
3520 913 3714 989 parra

287 1006 412 1064 sola
429 1007 756 1064 mutabitur
778 1008 836 1062 in
861 1007 1092 1074 melius,
1118 1007 1320 1076 utjam
1343 986 1580 1078 peccare
1595 1020 1708 1059 non
1728 999 1936 1073 possit,
2044 993 2304 1064 putanda
2321 998 2409 1050 est
2431 991 2766 1058 retributio,
2785 1007 2898 1061 qua
2919 986 3718 1078 iniquusjustitiaslucepri—

291 1097 387 1153 sed
413 1095 585 1152 etiam
611 1113 746 1152 caro
769 1112 946 1166 quam
971 1077 1412 1166 corruptibilem
1436 1099 1611 1163 atque
1633 1091 1936 1146 mortalem
2043 1081 2290 1138 vatusin
2307 1081 2704 1138 suistenebris
2721 1095 2916 1136 errare
2938 1078 3327 1150 permittitur,
3346 1077 3712 1150 prejudice.-

292 1185 580 1251 habuerit,
603 1185 760 1241 sicin
785 1184 1214 1239 resurrectione
1233 1182 1578 1249 mutabitur,
1595 1184 1658 1235 ut
1678 1180 1808 1252 ipsa
1825 1177 1942 1249 qui—
2046 1176 2141 1227 tus
2155 1188 2270 1227 non
2287 1171 2592 1237 carne,sed
2606 1170 2867 1226 cmcitate
2879 1167 3090 1224 cordis:
3110 1168 3209 1223 ubi
3233 1167 3413 1224 etiam
3445 1166 3590 1222 illud
3621 1167 3714 1221 ad

294 1273 426 1329 dem
440 1273 655 1344 sitque:
685 1289 840 1328 nunc
863 1277 971 1341 est,
992 1273 1089 1327 sed
1111 1287 1298 1342 neque
1321 1267 1942 1340 corruptibilis,neque
2049 1261 2350 1318 cumulum
2373 1259 2780 1316 retributionis
2795 1258 3128 1330 pertinet,si
3150 1273 3340 1312 ctecus
3363 1255 3562 1312 lumen
3585 1272 3718 1312 non

295 1359 558 1416 mortalis
581 1361 926 1432 possitesse,
953 1361 1107 1430 quod
1134 1377 1287 1416 nunc
1311 1365 1419 1416 est.
1440 1362 1517 1414 Ac
1541 1355 1786 1430 perhoc,
1809 1372 1942 1412 caro
2051 1350 2245 1407 solum
2278 1368 2392 1407 non
2419 1355 2596 1422 queat
2625 1349 2901 1420 recipere,
2930 1364 3132 1404 verum
3164 1348 3344 1403 etiam
3376 1363 3513 1402 cum
3545 1345 3723 1401 dele-

297 1458 351 1505 et
378 1448 712 1520 iniquorum
741 1454 796 1504 et
818 1450 1142 1520 justorum,
1177 1465 1305 1521 quae
1344 1465 1499 1504 nunc
1530 1447 1798 1512 moritur,
1818 1445 1947 1517 ipsa
2053 1440 2306 1496 elatione
2336 1441 2574 1496 studeat
2600 1439 2873 1495 tenebras
2897 1455 3017 1494 sua:
3040 1436 3316 1494 caecitatis
3334 1452 3568 1505 augere.
3591 1436 3728 1491 Ta-

301 1542 390 1595 est
405 1541 823 1594 resurrectura.
850 1537 1136 1610 Resurget
1150 1542 1345 1594 autem
1362 1537 1699 1609 iniquorum
1715 1535 1774 1591 in
1790 1538 1951 1590 aater-
2054 1529 2213 1586 libus
2243 1528 2386 1585 dicit
2415 1529 2702 1586 Dominus
2719 1529 2775 1583 in
2795 1527 3070 1586 Psalmis:
3093 1529 3155 1582 Et
3177 1542 3287 1581 non
3306 1525 3523 1581 audivit
3542 1542 3731 1596 popu-

304 1643 378 1684 no
393 1626 1124 1698 dolore,justorumveroin
1143 1632 1356 1684 azterna
1373 1627 1947 1684 felicitatemansura.
2055 1620 2141 1675 lus
2171 1635 2325 1674 meus
2345 1634 2527 1674 vocem
2555 1634 2758 1684 meam,
2789 1627 2841 1674 et
2874 1617 3052 1672 Israel
3078 1631 3190 1671 ηοη
3212 1615 3452 1671 intendit
3474 1615 3638 1676 mihi:
3670 1620 3732 1669 ei

298 1717 1008 1790 Etsicutillaresurgetad
1029 1717 1594 1786 cruciatum,sicista
1608 1715 1948 1789 resurgetad
2057 1707 2251 1764 dimisi
2277 1707 2403 1763 illos
2426 1707 2725 1764 secundum
2745 1706 3020 1762 desideria
3049 1705 3232 1761 cordis
3251 1721 3464 1773 earum,
3482 1708 3537 1760 et
3554 1703 3733 1759 ibunt

299 1805 604 1880 gaudium.
628 1805 818 1864 lllaob
834 1808 942 1864 hoc
983 1808 1951 1878 animabitur,utiniaeternamorte
1983 1821 2032 1888 Β
2062 1797 2123 1852 in
2152 1799 2530 1869 voluptatibus
2549 1797 2667 1853 suis
2697 1795 2932 1870 (Psatm.
2959 1813 3125 1866 Lxxx,
3150 1799 3237 1862 i2,
3263 1797 3371 1868 13).
3399 1796 3479 1888 De
3496 1794 3736 1888 talibus

303 1913 436 1952 cum
467 1897 666 1952 anima
697 1901 1078 1969 torqueatur;
1137 1899 1208 1954 ad
1242 1897 1351 1953 boc
1384 1897 1496 1952 ista
1521 1895 1694 1965 vivet,
1728 1899 1791 1950 ut
1821 1909 1953 1950 cum

302 1985 500 2042 anima
530 1987 810 2059 perennis
836 1987 964 2042 vitae
988 1986 1348 2043 beatitudine
1381 1987 1628 2041 fruatur.
1652 1984 1955 2040 Justorum

303 2092 437 2148 ergo
469 2093 706 2149 corpus,
743 2078 1069 2133 secundum
1123 2075 1388 2148 Apostoli
1439 2072 1953 2147 praedicationem:

307 2165 621 2221 Seminatur
641 2167 701 2221 in
734 2168 1104 2238 corruptione,
1139 2169 1331 2236 surget
1356 2165 1420 2220 in
1441 2164 1864 2230 incorruptione
1883 2163 1958 2232 (a)

309 2255 621 2310 seminatur
638 2257 695 2310 in
731 2256 1096 2325 ignobilitate,
1131 2261 1320 2326 surget
1351 2253 1633 2325 ingloria,
1655 2250 1964 2306 seminatur

315 2345 375 2398 in
407 2342 758 2412 inﬁrmitate,
777 2349 961 2414 surget
978 2343 1038 2398 in
1056 2344 1280 2410 virtute;
1298 2343 1608 2398 seminatur
1622 2357 1820 2412 corpus
1845 2357 1914 2394 an
1923 2342 1966 2396 i-

316 2431 484 2498 mate,
515 2439 698 2503 surget
728 2447 924 2503 corpus
955 2431 1218 2504 spiritale
1246 2431 1291 2498 (ι
1325 2430 1447 2486 Cor.
1496 2447 1590 2500 xv,
1624 2431 1692 2485 42
1721 2434 1772 2486 et
1801 2429 1962 2502 seq.).

393 2519 512 2576 Hoc
526 2535 664 2592 ergo
677 2519 737 2575 in
756 2520 841 2576 eis
853 2519 1783 2593 agiturpergratiam,utprimum
1800 2518 1893 2574 bis
1907 2519 1967 2575 in

322 2609 408 2666 eis
421 2608 1012 2682 perjustiﬁcationem
1024 2653 1038 2679 ,
1056 2611 1113 2666 in
1131 2626 1246 2681 qua
1257 2609 1402 2682 spiri
1414 2609 1608 2666 taliter
1621 2608 1968 2682 resurgitur,

323 2698 570 2756 mutatio
601 2698 776 2756 divini
793 2699 1054 2756 muneris
1082 2699 1411 2765 inchoatur,
1433 2704 1490 2755 et
1513 2700 1888 2771 postmodum
1910 2697 1972 2754 in

324 2789 584 2862 corporis
596 2787 1973 2861 resurrectione,quajustiﬁcatorumimmutatio

326 2879 650 2949 perficitur,
680 2877 742 2933 in
776 2885 1059 2934 aeternum
1092 2895 1296 2935 manes
1322 2879 1579 2951 perfecta
1625 2878 1974 2951 glorificatio

323 2984 440 3025 non
457 2971 734 3024 mutetur.
749 2968 832 3023 Ab
853 2967 960 3023 hoc
974 2969 1131 3023 enim
1148 2967 1280 3024 illos
1296 2967 1552 3040 primum
1567 2967 1976 3041 gratiajustiti-

321 3057 599 3126 nationis,
629 3056 841 3114 deinde
861 3056 1306 3130 gloriﬁcationis
1334 3061 1622 3126 mutat,ut
1651 3057 1710 3111 in
1745 3055 1831 3112 eis
1851 3055 1981 3128 ipsa

320 3146 668 3218 glorificatio
702 3147 1190 3204 incommutabile
1230 3153 1563 3219 mternaque
1611 3151 1970 3219 permaneat.

319 3235 727 3293 Mutanturbic
749 3237 905 3293 enim
927 3253 1031 3310 per
1053 3238 1301 3307 primam
1327 3237 1836 3302 resurrectionem,
1862 3253 1979 3308 qua

325 3325 743 3382 iiluminantur
761 3332 1276 3397 utconvertantur;
1299 3344 1414 3398 qua
1429 3327 1654 3384 scilicet
1675 3331 1987 3382 transeunt

327 3415 399 3471 de
434 3421 622 3473 morte
643 3416 714 3470 ad
741 3417 1022 3488 vitam,de
1042 3417 1350 3489 iniquitate
1369 3415 1988 3488 adiustitiam,deintl-

337 3504 580 3561 delitate
602 3505 670 3560 ad
699 3505 898 3574 fidem,
927 3506 1000 3561 de
1023 3504 1196 3561 malis
1213 3507 1441 3562 actibus
1469 3506 1539 3560 ad
1565 3511 1827 3562 sanctam
1852 3520 1989 3559 con-

345 3593 758 3650 versationem.
793 3595 927 3650 Ideo
960 3595 1017 3649 in
1048 3594 1168 3650 illis
1199 3597 1460 3652 secunda
1491 3612 1650 3652 mors
1669 3611 1785 3650 non
1817 3593 1993 3649 habet

349 3687 720 3753 potestatem.
759 3685 833 3737 De
855 3682 1072 3738 talibus
1093 3684 1150 3738 in
1177 3684 1520 3755 Apocalypsi
1542 3684 1775 3739 dicitur:
1795 3684 1992 3738 Beatus

347 3774 401 3824 et
429 3774 653 3825 sanctus
679 3770 860 3840 (b)qui
881 3770 1042 3826 habet
1060 3781 1274 3842 partem
1295 3775 1353 3827 in
1376 3774 1770 3828 resurrectione
1784 3773 1992 3843 prima:

345 3857 404 3912 in
439 3856 525 3911 his
554 3857 800 3911 secunda
832 3874 978 3913 mors
1008 3875 1120 3913 non
1151 3860 1311 3914 habet
1338 3866 1657 3932 potestatem
1686 3862 1870 3932 (Apoc.
1897 3878 1992 3931 xx,

340 3945 417 4016 6).
437 3945 502 3999 In
520 3945 724 4000 eodem
745 3962 952 4001 rursus
974 3945 1124 4001 libro
1147 3948 1382 4004 dicitur:
1409 3951 1516 4017 Qui
1532 3951 1749 4019 vicerit,
1771 3967 1805 4006 a
1825 3959 1997 4007 morte

338 4035 580 4092 secunda
604 4052 712 4093 non
745 4036 986 4095 tardetur
1011 4037 1194 4111 (Apoc.
1225 4055 1288 4107 ιι,
1309 4043 1326 4094 t
1345 4040 1426 4111 Ι).
1447 4039 1608 4094 Sicut
1627 4057 1761 4112 ergo
1779 4040 1837 4096 in
1859 4057 1996 4096 con-

341 4127 607 4184 versione
627 4127 820 4184 cordis
841 4128 1025 4201 prima
1049 4129 1322 4185 consistit
1343 4129 1712 4195 resurrectio,
1735 4130 1818 4185 sic
1843 4146 1998 4185 mors

347 4219 682 4274 secundain
700 4218 990 4291 supplicio
1007 4220 1388 4291 sempiterno.
1413 4221 1882 4290 Festinetitaque
1905 4219 1999 4276 hic

339 4311 543 4379 primis
575 4310 1029 4366 resurrectionis
1059 4310 1354 4384 particeps
1379 4309 1524 4374 ﬁeri,
1547 4309 1741 4365 omnis
1763 4309 1859 4378 qui
1880 4325 1999 4365 non

337 4397 464 4452 vult
497 4401 771 4456 secundm
807 4402 1011 4457 mortis
1043 4405 1261 4456 eterna
1299 4399 1603 4472 punitione
1625 4400 1915 4454 damnari.
1942 4398 2000 4454 Si

336 4485 437 4556 qui
453 4487 609 4542 enim
625 4488 684 4542 in
711 4490 986 4560 praesenti
1002 4491 1167 4545 vitati
1182 4507 1341 4545 more
1356 4489 1552 4544 divino
1571 4487 2005 4556 mutati,trans'

2065 1888 2243 1945 etiam
2275 1891 2488 1944 Doctor
2517 1888 2782 1960 gentium
2813 1888 2980 1942 dixit:
3006 1889 3306 1958 Propterea
3332 1884 3563 1941 tradidit
3593 1885 3740 1940 itlos

2066 1974 2368 2047 Deus(c)in
2377 1977 2663 2047 passiones
2677 1975 3195 2046 ignominiecmom.
3221 1975 3371 2046 1,26).
3395 1973 3459 2028 Et
3477 1990 3741 2030 rursus:

2068 2069 2365 2136 Propterea
2386 2063 2623 2120 tradidit
2649 2065 2778 2120 illos
2800 2066 2942 2120 Deus
2968 2063 3032 2119 in
3061 2066 3348 2136 reprobum
3374 2078 3614 2127 sensum,
3653 2065 3739 2116 ut

2067 2153 2284 2228 faciant
2295 2169 2414 2225 quae
2428 2168 2534 2210 non
2553 2152 2882 2209 conveniant
2904 2154 2922 2226 (
2929 2155 2948 2207 1
2954 2153 3065 2208 bid.
3077 2195 3091 2220 ,
3105 2153 3220 2223 28).
3234 2153 3562 2209 Traduntur
3573 2167 3734 2222 ergo

2069 2243 2215 2299 tales
2238 2241 2497 2316 primum
2519 2242 2832 2299 desideriis
2849 2243 2976 2298 suis
2996 2241 3264 2314 injustis,
3280 2241 3547 2297 tradendi
3570 2246 3746 2312 post-

2075 2333 2314 2388 modum
2335 2330 3746 2404 suppliciisjustis.Tradunturbis;convenienti-

2076 2423 2187 2478 bus
2247 2421 2440 2491 factis,
2491 2422 2763 2477 tradendi
2811 2423 3193 2494 postmodum
3241 2421 3748 2477 convenientibus

2078 2511 2288 2583 pmnis.
2314 2510 2514 2584 Neque
2544 2511 2698 2566 enim
2733 2514 2872 2582 quia
2901 2510 3325 2567 delectabiliter
3355 2515 3561 2582 peccat
3589 2526 3735 2565 ma-

2077 2599 2194 2667 lus,
2227 2601 2356 2657 ideo
2387 2600 2772 2658 aestimandus
2803 2605 2896 2657 est
2923 2618 2958 2657 ο.
2988 2606 3280 2658 tormento
3331 2600 3749 2657 retributionis

2082 2695 2416 2746 extraneas:
2431 2689 2908 2762 quandoquidem
2931 2690 3185 2762 graviter
3205 2690 3337 2761 ipsa
3351 2687 3751 2745 delectatione

2084 2779 2364 2852 peccandi
2388 2779 2514 2850 jam
2545 2779 2810 2851 punitur,
2834 2779 2936 2851 qui
2963 2779 3064 2835 tali
3090 2778 3468 2835 delectationi
3489 2794 3756 2835 consen-

2086 2869 2250 2924 sione
2267 2868 2678 2940 subjicitur,ex
2692 2885 2808 2941 qua
2824 2869 3095 2926 meritum
3117 2868 3447 2943 punitionis
3467 2873 3750 2940 augetur.

2086 2957 2194 3014 Ubi
2230 2965 2449 3030 quanto
2475 2959 2665 3032 magis
2698 2959 3000 3031 perﬁcitur
3030 2960 3188 3031 quod
3224 2960 3442 3030 injuste
3471 2958 3752 3026 delectat,

2087 3051 2248 3104 tanto
2276 3047 2460 3120 magis
2479 3053 2816 3120 recepturus
2839 3049 3197 3120 estinjustus
3219 3065 3336 3121 quo
3349 3048 3615 3120 amplius
3637 3051 3750 3105 do-

2092 3137 2227 3195 leat.
2259 3139 2314 3192 Si
2348 3139 2480 3208 quis
2509 3156 2643 3210 ergo
2684 3139 2777 3195 hic
2810 3138 3065 3196 noluerit
3095 3139 3170 3195 ad
3199 3139 3386 3196 Deum
3404 3141 3670 3196 converti
3697 3145 3758 3195 et.

2080 3215 2124 3284 ἀ
2154 3227 2439 3284 malavita
2455 3229 2526 3283 ad
2556 3229 2720 3286 bona:
2737 3229 2862 3285 vitae
2881 3230 3080 3285 studia
3096 3229 3472 3298 commutari,
3497 3246 3608 3287 nec
3629 3230 3755 3285 illic

2089 3318 3149 3384 immutabitur,ubifelicitermutatis
3175 3321 3359 3391 justis
3391 3319 3756 3377 immortali-

2092 3412 2184 3463 tas
2197 3412 2254 3463 et
2268 3408 2501 3464 incorru
2513 3407 2632 3480 ptio
2649 3409 3226 3466 contertur.Proiude
3241 3408 3537 3482 iniquivel
3557 3410 3752 3483 impii,

2093 3498 2304 3554 hocest
2328 3496 2416 3554 vel
2449 3497 2827 3569 quiperverse
2857 3498 3126 3566 credunt,
3165 3499 3285 3555 sive
3333 3499 3435 3571 qui
3477 3501 3758 3572 nequiter

2094 3586 2314 3652 vivunt,
2349 3603 2452 3642 nec
2480 3596 2612 3642 ante
2644 3587 2943 3659 praesentis
2961 3588 3090 3643 vitae
3110 3588 3288 3644 finem
3308 3605 3342 3644 a
3363 3605 3474 3645 sua
3495 3589 3759 3646 inﬁdeli-

2097 3679 2220 3732 tate
2250 3676 2367 3731 sive
2402 3676 2712 3747 iniquitate
2761 3677 3095 3748 discedunt,
3135 3676 3196 3732 in
3248 3678 3445 3734 futura
3498 3681 3755 3736 retribu-

2099 3767 2277 3834 tione,
2304 3781 2411 3820 nec
2432 3765 2794 3823 immortales
2815 3784 2920 3822 nec
2941 3766 3414 3840 incorruptibiles
3431 3774 3628 3834 erunt;
3653 3767 3759 3823 sed

2103 3863 2577 3927 corrumpentur,
2610 3873 2716 3911 nec
2748 3860 3210 3926 consumentur;
3246 3857 3593 3926 morientur,
3648 3872 3759 3912 nec

2101 3944 2577 4014 exstinguentur.
2609 3946 2984 4001 Permanebit
3011 3946 3169 4002 enim
3217 3947 3758 4002 cruciamentorum

2104 4034 2375 4106 perennis
2403 4051 2613 4090 sensus
2645 4037 2700 4090 in
2736 4035 3005 4104 mortuis,
3042 4037 3141 4092 ubi
3177 4037 3400 4092 miseris
3431 4037 3586 4092 mori
3638 4054 3757 4094 non

2103 4123 2445 4178 conceditur
2468 4124 2525 4179 in
2559 4124 2767 4195 pmnis.
2796 4126 2877 4181 lbi
2906 4143 3063 4182 mors
3093 4127 3429 4182 miserorum
3445 4124 3590 4180 talis
3613 4126 3756 4193 erit,

2105 4229 2232 4283 quae
2265 4229 2377 4268 non
2413 4214 2672 4271 animam
2705 4216 2778 4270 de
2805 4232 3046 4287 corpore
3069 4215 3319 4272 dolentis
3347 4213 3756 4286 excludat,sed

2105 4301 2163 4356 in
2197 4300 2420 4356 dolenti
2451 4321 2690 4376 corpore
2715 4307 2783 4361 ad
2808 4305 3150 4379 borjugiter
3173 4312 3386 4373 teneat,
3407 4311 3476 4360 ut
3497 4306 3760 4362 animum

2104 4391 2282 4446 simul
2315 4396 2371 4446 et
2404 4409 2618 4466 corpus
2651 4394 2972 4451 aeternitate
2997 4395 3215 4452 doloris
3245 4396 3498 4468 afﬂigat.
3541 4403 3625 4452 Ac
3663 4411 3760 4468 per

2106 4479 2217 4534 hoc
2247 4497 2479 4551 semper
2503 4499 2634 4538 cum
2671 4500 2910 4556 corpore
2942 4502 3049 4540 suo
3073 4485 3357 4540 morietur
3377 4486 3606 4553 anima;
3627 4500 3754 4542 cum

338 4553 481 4627 eunt
517 4591 550 4629 a
577 4577 696 4630 vita
711 4553 874 4633 male
895 4579 964 4633 ad
989 4579 1164 4635 vitam
1193 4579 1428 4650 bonam,
1455 4579 1564 4651 ipsi
1589 4553 1899 4634 transeunt
1919 4579 1979 4635 de

2183 4587 2214 4624 ο
2230 4569 2355 4624 sine
2375 4571 2490 4628 line
2509 4581 2972 4644 cogeturaaterna
2990 4575 3753 4631 communicaretormeuta.

339 4665 526 4716 morte
542 4663 614 4716 ad
633 4663 938 4736 vitam,qui
951 4668 1128 4722 etiam
1148 4669 1530 4740 postmodum
1546 4667 1994 4742 deignobilitate

341 4749 745 4807 mutabuntur
773 4752 830 4807 in
864 4755 1134 4826 gloriam.

953 4842 1183 4898 CAPUT
1226 4845 1382 4900 XIII.

413 4934 698 4990 Caeterum
718 4932 1063 4988 miserorum
1079 4937 1256 5003 atque
1271 4933 1719 5008 infelicium,qui
1746 4939 1816 4994 de
1839 4939 1990 4994 malo

339 5023 409 5078 ad
429 5027 649 5083 bonum
667 5022 974 5096 negligunt
997 5021 1168 5078 istius
1184 5023 1313 5077 vitae
1339 5027 1600 5095 tempore
1617 5031 1989 5097 commutari,

337 5120 490 5175 sicut
521 5115 700 5173 David
729 5112 1145 5169 sanctissimus
1177 5114 1609 5168 contumaciam
1641 5115 1842 5186 culpat
1867 5135 1880 5182 ;
1905 5118 1990 5174 sic

336 5209 596 5265 futuram
628 5220 860 5278 poenam
886 5202 1094 5258 divinae
1119 5200 1524 5258 retributionis
1549 5203 1703 5258 396
1727 5221 1992 5274 praenun-

335 5298 446 5355 tiat
477 5299 698 5355 dicens:
735 5296 850 5350 Non
880 5295 1028 5348 enim
1073 5291 1191 5348 illis
1237 5300 1313 5348 est
1355 5295 1724 5362 commutatio,
1779 5303 1832 5350 et
1879 5311 1988 5352 non

335 5389 641 5444 timuerunt
675 5387 846 5440 Deum
875 5383 1105 5455 (Psatm.
1148 5400 1257 5451 ιιν,
1305 5383 1417 5455 20).
1474 5385 1554 5439 Ac
1604 5400 1676 5439 ne
1724 5383 1836 5440 sibi
1887 5385 1987 5457 qui

337 5475 668 5532 commutari
682 5473 998 5544 noluerint,
1033 5474 1253 5529 frustra
1265 5473 1604 5545 promittant
1618 5479 1985 5547 peccatorum

414 5633 488 5706 (ᾳ)
517 5635 626 5689 Ms.
660 5636 718 5687 et
742 5635 902 5706 Ant,
929 5632 988 5687 in
1023 5633 1516 5701 incorruptionem.

413 5703 484 5775 (b)
513 5707 618 5761 Ms.
651 5703 1191 5761 omittitetsanctus.
1211 5707 1980 5766 Ant.habetbeat-ussanctus.

2105 4658 2186 4714 Ibi
2210 4675 2368 4714 mors
2391 4661 2600 4718 animae
2624 4663 3001 4736 corporisque
3022 4680 3137 4720 non
3163 4663 3435 4733 moritur,
3459 4665 3606 4734 quia
3629 4680 3755 4721 cru-

2102 4749 2291 4805 ciatus
2323 4752 2586 4824 corporis
2618 4757 2674 4809 et
2703 4753 2914 4809 anima
2945 4753 3167 4809 ﬁnitur.
3201 4753 3334 4810 Hac
3381 4753 3610 4827 quippe
3653 4752 3757 4810 erit

2103 4849 2317 4903 aeterna
2350 4863 2510 4903 mors
2540 4845 2898 4916 iniquorum,
2933 4850 2999 4901 ut
3025 4845 3086 4900 in
3118 4846 3254 4918 igne
3282 4863 3398 4902 non
3427 4845 3754 4902 moriantur

2101 4941 2335 5003 aeterno,
2370 4953 2442 4990 ne
2474 4935 2826 5007 quandoque
2843 4934 3066 5007 possint
3090 4951 3286 4990 carere
3305 4934 3627 5007 supplicio.
3650 4933 3755 4990 Nec

2101 5025 2179 5079 ibi
2197 5026 2422 5082 ardenti
2454 5025 2681 5097 corpori
2701 5025 2920 5098 aliquid
2943 5026 3221 5090 demitur,
3245 5024 3526 5097 quamvis
3552 5024 3751 5081 infelix

2099 5115 2296 5172 anima
2328 5118 2383 5172 in
2417 5133 2522 5172 suo
2540 5116 3015 5189 corporejugiter
3034 5120 3330 5184 exuratur;
3351 5117 3454 5172 sed
3478 5123 3546 5171 ut
3565 5121 3752 5172 totum

2100 5220 2314 5277 corpus
2347 5208 2553 5262 ardere
2584 5222 2699 5261 non
2725 5206 2972 5271 desinat,
3000 5212 3186 5260 totum
3213 5221 3348 5260 cum
3376 5203 3749 5276 animajugi-

2099 5297 2186 5350 ter
2220 5295 2276 5350 in
2309 5295 2579 5351 incendio
2625 5300 2974 5366 perseverat.
3027 5295 3088 5349 lu
3139 5311 3254 5365 quo
3303 5295 3465 5351 enim
3511 5307 3751 5368 corpore

2099 5385 2472 5457 animajuste
2495 5383 2719 5452 vixerit,
2740 5389 2842 5440 aut
2857 5383 3074 5451 inique,
3095 5383 3153 5439 in
3177 5382 3307 5454 ipso
3327 5384 3584 5458 recipiet
3601 5391 3750 5442 teter-

2096 5490 2234 5530 nam
2269 5491 2523 5547 prauam,
2565 5479 2667 5530 aut
2697 5473 2824 5530 sine
2848 5473 2962 5528 ﬁne
2995 5472 3278 5528 laetitiam.

2177 5637 2244 5707 (ο,
2269 5636 2403 5701 Quae
2424 5633 2520 5690 hic
2540 5633 2781 5690 aberant
2799 5632 2868 5688 ab
2892 5631 3066 5688 editis
3089 5631 3506 5704 supplevimus
3521 5648 3596 5690 ex
3611 5646 3736 5690 mss.
