3894 6224
71 406 182 472 569

607 538 762 593 ἀοι
800 536 1027 593 CAPUT
1054 537 1259 593 XVIII.

154 631 213 685 Ut
237 631 445 682 autem
486 626 737 699 plenius
769 644 1160 699 agnoscamus
1194 626 1494 700 praesentis
1525 630 1756 681 tantum

110 717 264 775 seculi
288 724 549 789 tempus
574 718 850 773 humanae
868 719 1227 773 conversioni
1250 713 1757 781 concessum,illos

114 808 455 863 attendamus
483 806 796 879 operarios
827 825 975 879 quos
1006 808 1292 862 Dominus
1327 804 1549 860 vocavit
1580 804 1650 858 ad
1673 802 1755 857 vi-

119 897 528 964 nesmt_(.tluuh.
569 914 668 960 xx,
696 898 771 967 6).
805 900 1059 963 Quorum
1123 896 1483 952 vocationem
1512 893 1645 948 licet
1665 892 1756 947 di-

116 988 263 1042 versis
295 986 458 1042 boris
483 988 678 1055 egerit
709 986 1082 1057 (aLegerint),
1118 986 1255 1040 hora
1278 991 1475 1039 tamen
1507 980 1755 1038 undeci-

97 1092 206 1138 ma.
236 1076 341 1131 hoc
373 1081 467 1132 est
499 1081 641 1131 ante
673 1075 849 1130 ﬁnem
893 1075 1009 1131 diei
1037 1073 1491 1130 consummavit.
1542 1074 1604 1126 In
1640 1069 1756 1123 illis

87 1171 281 1220 autem
302 1166 463 1221 horis
484 1165 711 1235 quibus
732 1165 922 1220 vocati
954 1168 1094 1220 sunt
1114 1163 1756 1232 operarii,cognoscun-

82 1258 185 1309 tur
204 1254 407 1309 mundi
432 1254 618 1325 hujus
636 1254 1084 1325 mtates,quibus
1102 1253 1255 1308 Deus
1276 1251 1351 1306 ad
1375 1268 1523 1322 opus
1538 1251 1754 1305 bonum

81 1344 302 1400 vocavit
331 1360 484 1415 quos
519 1345 591 1399 ad
616 1360 679 1399 se
709 1344 971 1415 gratuita
994 1342 1418 1413 justiﬁcatione
1449 1339 1755 1395 convertit.

83 1435 379 1508 Accipiter
408 1434 571 1490 enim
606 1452 778 1491 mane
828 1434 1009 1505 hujus
1047 1433 1162 1488 diei
1216 1433 1288 1488 ab
1324 1431 1492 1487 initio
1550 1430 1756 1485 mundi

87 1542 268 1597 usque
292 1526 364 1580 ad
396 1524 709 1592 diluvium;
743 1525 932 1579 tertiae
966 1524 1118 1579 horae
1141 1522 1360 1593 quippe
1388 1521 1613 1576 vocatio
1646 1521 1756 1580 fuit

94 1630 124 1668 a
150 1614 368 1669 diluvio
422 1630 614 1681 usque
642 1616 712 1669 ad
745 1614 1037 1670 Abraham
1072 1630 1087 1676 ;
1120 1618 1292 1667 sexta:
1326 1612 1476 1674 horae
1510 1610 1753 1693 vocatio,

96 1704 162 1759 ab
181 1704 484 1760 Abraham
532 1720 721 1774 usque
770 1706 839 1758 ad
877 1703 1048 1757 David
1080 1722 1094 1770 ;
1129 1719 1162 1756 a
1187 1702 1359 1755 David
1405 1716 1536 1754 vero
1569 1714 1756 1769 usque

97 1794 159 1847 ad
191 1792 786 1863 transmigrationem
840 1791 1039 1864 populi
1092 1791 1148 1845 in
1185 1789 1577 1862 Babyloniam,
1612 1788 1756 1843 hora

1049 405 1150 463 DE
1193 401 1674 463 REMISSIONE
1718 397 2248 461 PECCATORUM
2292 399 2447 460 LIB.
2490 400 2567 459 II.

1790 536 1846 601 Α

3393 399 3512 456 570

2400 534 2553 589 402
2585 532 2818 589 CAPUT
2847 531 2997 587 XIX.

1938 641 2217 713 Quisquis
2242 645 2437 697 autem
2473 645 2663 711 potest
2710 640 2968 696 invenire
2989 638 3046 693 in
3087 636 3392 704 Evangelio
3424 640 3527 692 aut

1869 731 2093 793 docere,
2131 738 2259 800 post
2284 732 2456 785 finem
2482 730 2593 785 diei
2626 730 2948 801 quemlibet
2998 728 3323 799 operarium
3357 744 3526 781 voca-

1866 824 1993 874 tum
2026 821 2091 873 ad
2129 820 2561 890 vineam,digne
2594 825 2787 890 speret
2820 824 2877 872 et
2906 816 3231 872 certissime
3256 816 3529 887 praedicet

1867 908 2107 964 cuilibet
2132 910 2445 980 iniquoqui
2466 910 2522 963 in
2550 907 2815 979 praesenti
2832 908 3042 962 saeculo
3076 922 3388 960 conversus
3405 920 3519 958 non

1867 998 2400 1062 fueritJaculnatem
2436 999 2570 1052 boni
2595 998 2785 1069 operis
2818 1002 2918 1051 aut
2951 996 3197 1067 gratiam
3226 993 3518 1048 remissio-

1866 1088 1957 1142 nis
1980 1087 2158 1141 futuri
2180 1087 2375 1142 szeculi
2403 1092 2661 1156 tempore
2688 1084 3139 1140 concedendam.
3178 1082 3320 1136 Item
3355 1081 3519 1152 quis-

1868 1176 1999 1247 quis
2026 1175 2688 1231 ostenderitcuilibetad
2714 1175 3108 1245 operationem
3130 1172 3308 1225 vineae
3331 1170 3517 1223 domi-

1868 1267 2012 1320 nica:
2051 1269 2185 1321 ante
2234 1266 2409 1320 ﬁnem
2445 1264 2560 1319 diei
2609 1280 2725 1318 non
2747 1270 2946 1317 vocato
2995 1259 3300 1316 denarium
3350 1261 3523 1328 jussu

1863 1354 2546 1425 Dominidatum,digne
2598 1365 2966 1421 congrucque
3042 1353 3232 1419 speret
3284 1347 3529 1403 cuilibet

1868 1448 2001 1499 ante
2042 1444 2215 1497 ﬁnem
2252 1444 2554 1514 praesentis
2611 1443 2742 1497 vitae
2795 1457 2906 1495 non
2955 1455 3232 1494 converso
3277 1452 3525 1507 regnum

1866 1532 2426 1602 cmlorumlargitate
2449 1526 3210 1586 Dominiconl'erendum.Si
3236 1542 3368 1580 vero
3400 1524 3533 1579 illos

1868 1637 2015 1692 quos
2039 1622 2231 1675 diurni
2251 1621 2441 1692 operis
2458 1622 2515 1674 in
2533 1620 2699 1675 vinea
2717 1618 2851 1691 pius
2867 1618 3033 1673 labor
3048 1615 3326 1681 exercuit,
3370 1615 3532 1685 ipsos

1866 1717 2094 1765 tantum
2120 1726 2253 1781 post
2277 1710 2449 1763 ﬁnem
2491 1709 2603 1763 diei
2631 1709 2857 1763 denarii
2889 1722 3111 1762 merces
3126 1704 3343 1775 excepit
3373 1722 3387 1770 ;
3423 1720 3529 1758 nos

1866 1816 2099 1871 quoque
2121 1799 2169 1853 si
2213 1798 2603 1853 addenarium
2628 1803 2856 1852 aeternae
2887 1796 3018 1850 vitae
3047 1795 3340 1863 pervenire
3363 1791 3525 1846 volu-

95 1896 243 1935 nona
271 1880 561 1952 completa
590 1886 724 1948 est;
762 1879 975 1934 deinde
1005 1879 1149 1934 hora
1192 1877 1502 1934 undecima
1546 1877 1658 1931 fuit
1692 1876 1750 1930 in
1785 1903 1832 1969 Β
1866 1889 2156 1955 mnam”;

1938 1889 2087 1955 us,in
2104 1891 2271 1943 vinea
2284 1888 2586 1942 Dominica
2602 1886 2872 1957 praesenti
2888 1890 3148 1953 tempore
3167 1884 3523 1948 laboremus;

93 1970 281 2038 primo
305 1971 557 2025 adventu
591 1968 826 2036 Christi,
864 1985 980 2041 quo
1010 1969 1169 2025 venit
1200 1966 1442 2023 humilis
1472 1966 1532 2021 in
1576 1982 1749 2021 carne

98 2057 406 2122 mortali,in
434 2075 553 2129 qua
574 2074 680 2129 pro
708 2064 941 2130 peccato
976 2057 1182 2112 mundi
1213 2058 1488 2127 dignatus
1515 2062 1604 2111 est
1635 2054 1744 2109 im-

100 2148 337 2202 mortalis
370 2148 719 2204 occidi.Haec
736 2153 825 2203 est
853 2148 1251 2219 operariorum
1282 2152 1747 2218 postremavoca-

101 2237 319 2309 tio,qne
333 2256 493 2293 nunc
509 2238 704 2310 agitur
718 2255 906 2310 usque
920 2240 986 2293 ad
1007 2239 1310 2309 praesentis
1339 2237 1535 2293 seaculi
1554 2238 1745 2305 ﬁnem,

102 2325 243 2382 idest
266 2329 341 2383 ab
372 2329 627 2384 adventu
658 2327 1011 2383 humilitatis
1070 2329 1197 2397 ejus
1224 2344 1412 2399 usque
1442 2328 1513 2383 ad
1543 2328 1748 2382 adven-

104 2418 205 2471 tum
227 2416 601 2473 celsitudinis
631 2436 645 2484 ;
683 2418 756 2472 ab
782 2417 1034 2472 adventu
1058 2433 1175 2487 quo
1206 2418 1394 2472 bonus
1415 2416 1749 2487 venitjudi-

106 2507 307 2561 candus
336 2522 372 2561 a
394 2507 595 2572 malis,
631 2511 698 2561 ut
727 2506 1186 2562 misericorditer
1215 2507 1286 2561 de
1328 2505 1502 2561 malis
1529 2505 1745 2561 faceret

107 2593 491 2667 bonos,usque
523 2596 591 2650 ad
616 2596 930 2650 adventum
962 2596 1247 2667 quojuste
1269 2595 1749 2664 judicaturusest

110 2689 145 2737 et
170 2684 352 2739 malos
386 2690 443 2739 et
474 2686 762 2751 bonos;ab
792 2686 1046 2740 adventu
1081 2684 1191 2756 pias
1222 2684 1612 2752 remissionis,
1647 2699 1748 2738 us-

111 2789 197 2842 que
223 2776 289 2829 ad
320 2775 641 2830 adventum
693 2775 872 2845 justas
903 2774 1344 2840 retributionis;
1380 2774 1451 2827 ab
1494 2774 1745 2828 adventu

111 2878 199 2930 quo
226 2880 295 2918 ex
325 2865 525 2918 usuris
551 2867 611 2919 et
641 2863 1059 2935 iniquitatibus
1084 2862 1590 2918 liberavitanimas
1615 2878 1750 2933 pau-

115 2966 290 3020 parum
321 2953 493 3022 (Psal.
528 2968 680 3018 LXXI,
715 2953 825 3022 14),
852 2968 1040 3024 usque
1073 2953 1144 3007 ad
1171 2952 1486 3007 adventum
1510 2967 1626 3022 quo
1646 2966 1745 3004 ve-

117 3042 352 3100 nietcum
386 3044 587 3099 usuris
636 3044 865 3115 exigere
897 3044 1205 3116 pecuniam
1248 3061 1441 3114 suam,
1473 3060 1506 3097 a
1531 3044 1748 3115 quibus

119 3144 212 3188 eam
241 3133 531 3188 invenerit
559 3138 995 3204 consumptam,
1045 3139 1147 3188 aut
1170 3132 1330 3188 nullo
1384 3133 1520 3188 boni
1554 3131 1748 3203 operis

121 3223 274 3277 studio
326 3222 690 3294 duplicatam
721 3223 933 3293 (Matth.
992 3240 1122 3287 xxv,
1160 3225 1272 3294 27).
1312 3225 1437 3277 Hec
1489 3227 1580 3277 est
1605 3222 1749 3276 hora

127 3324 263 3378 quam
280 3312 671 3368 novissimam
689 3313 895 3367 beatus
908 3312 1168 3369 Joannes
1204 3312 1748 3382 appellatzPueruli,

128 3403 383 3457 novissima
413 3404 551 3458 hora
582 3405 660 3457 est
716 3404 761 3472 (I
781 3403 942 3457 Joan.
990 3418 1055 3470 ιι,
1094 3404 1201 3473 l8).
1261 3402 1397 3458 Post
1442 3402 1621 3472 hujus
1654 3401 1759 3456 ho-

132 3503 184 3543 ra
206 3492 771 3548 consummationem
805 3509 922 3547 non
955 3494 1026 3547 ad
1058 3492 1288 3548 vineam
1327 3492 1608 3547 Dominus
1623 3508 1758 3562 ope-

119 3582 280 3637 rarios
301 3582 605 3645 vocat,sed
638 3581 831 3636 veniet
861 3586 927 3637 ut
949 3582 1266 3653 unicuique
1288 3583 1615 3637 mercedem
1665 3567 1757 3635 sui

122 3674 293 3739 operis
315 3673 541 3740 reddat,
574 3671 731 3727 sicut
780 3670 904 3741 ipse
954 3671 1192 3726 aitzEccc
1214 3673 1373 3727 venio
1415 3673 1598 3733 cito.et
1624 3685 1763 3723 mer—

119 3774 335 3817 mmea
385 3777 598 3816 mecum
636 3765 715 3815 est
772 3760 955 3830 (Apoc.
988 3776 1127 3825 χχιι,
1166 3760 1271 3831 l2).
1308 3760 1405 3815 Ille
1461 3760 1572 3815 sibi
1623 3776 1758 3832 ergo

121 3854 292 3917 speret
334 3850 548 3905 divinae
576 3848 982 3905 retributionis
1014 3849 1323 3904 denarium
1358 3848 1759 3920 tribuendum,

124 3940 203 4006 qui
223 3946 539 4011 antequam
562 3939 687 3993 dies
716 3938 1022 4010 praesentis
1044 3937 1245 3993 saeculi
1277 3938 1538 4005 ﬁniatur,
1572 3938 1627 3993 in
1653 3938 1754 3993 do-

126 4025 319 4081 minica
350 4027 521 4083 vinea
543 4026 922 4082 laudabiliter
942 4032 1217 4097 operatur
1248 4028 1349 4098 (a).
1384 4027 1580 4098 Neque
1601 4028 1756 4083 enim

124 4116 258 4169 aliud
280 4126 358 4172 est
389 4117 493 4172 illa
519 4118 798 4188 operatio,
833 4116 942 4171 nisi
995 4117 1189 4172 cordis
1223 4134 1352 4172 vera
1404 4117 1704 4173 conversio
1738 4134 1752 4173 :

127 4202 208 4258 ille
224 4222 346 4262 vero
372 4207 528 4262 sicut
558 4210 788 4277 Oportet
839 4205 910 4259 ad
943 4211 1127 4261 Deum
1161 4207 1520 4262 convertitur
1551 4207 1607 4261 in
1642 4223 1758 4277 quo

128 4300 222 4361 est,
244 4297 391 4352 sicut
421 4294 739 4368 Apostolus
768 4294 930 4360 dicit,
968 4295 1108 4352 ﬁdes
1153 4312 1284 4367 quas
1327 4313 1425 4367 per
1454 4296 1756 4353 caritatem

129 4384 757 4456 operatur.lllaquoque
773 4383 1047 4439 horarum
1082 4385 1575 4457 diversitasdigne
1605 4385 1755 4441 acci-

127 4473 325 4541 piatur,
356 4474 510 4530 sicut
571 4473 844 4544 superius
886 4473 1214 4544 posuimus,
1264 4481 1498 4530 ietatum
1554 4475 1762 4532 mundi

130 4560 427 4619 distinctio.
467 4563 593 4619 Non
626 4568 820 4618 tamen
852 4561 1173 4634 incongrue
1210 4579 1528 4635 possumus
1564 4564 1618 4618 in
1651 4564 1760 4621 hac

1864 1995 1968 2033 nec
1990 1983 2435 2033 contemnamus
2466 1977 2781 2048 imperium
2804 1972 3141 2037 vocantis,si
3175 1970 3453 2026 uolumus
3482 1985 3516 2023 a

1860 2068 2126 2139 largitate
2158 2066 2587 2122 remunerantis
2601 2064 2851 2119 excludi.
2879 2064 2985 2127 Qui
3008 2062 3164 2117 enim
3189 2065 3324 2115 ante
3346 2058 3525 2113 ﬁnem

1859 2156 1973 2211 diei
1998 2174 2109 2213 non
2150 2162 2427 2229 operatur
2486 2156 2544 2210 in
2588 2153 2946 2217 vinea,finito
2986 2151 3079 2206 die
3137 2166 3251 2205 non
3304 2148 3522 2220 poterit

1858 2246 2164 2301 denarium
2196 2244 2617 2316 acciperezquia
2649 2249 2788 2298 tunc
2820 2258 2936 2297 non
2957 2242 3070 2295 erit
3099 2245 3349 2310 tempus,
3388 2252 3523 2291 cum

1858 2335 2269 2407 unusquisque
2315 2336 2384 2389 ad
2419 2334 2816 2405 operationem
2840 2331 3018 2385 vineae
3067 2325 3524 2382 misericorditer

1859 2433 2115 2495 vocetur,
2146 2426 2241 2482 sed
2270 2443 2382 2496 quo
2410 2441 2634 2480 merces
2668 2421 2961 2494 praeterita
3002 2418 3338 2491 operatione
3368 2418 3533 2485 (forte

1859 2518 2163 2587 praeteritae
2200 2514 2548 2587 operationi)
2604 2512 2906 2568 reddatur.
2964 2513 3087 2564 Non
3120 2522 3256 2578 ergo
3307 2506 3386 2559 ibi
3419 2505 3533 2559 erit

1860 2608 1954 2678 pia
1983 2606 2230 2673 vocatio,
2266 2605 2365 2659 sed
2408 2605 2571 2674 justa
2622 2602 2893 2658 redditio.
2947 2599 3047 2655 Ille
3100 2596 3381 2653 denarius
3429 2610 3533 2648 nec

1858 2695 2044 2751 otioso
2080 2694 2337 2763 dabitur,
2373 2709 2477 2748 nec
2499 2693 2549 2747 ei
2576 2691 2676 2763 qui
2713 2697 2873 2746 extra
2903 2690 3133 2743 vineam
3160 2684 3297 2741 foris
3328 2698 3533 2755 opera;

1858 2785 2219 2840 tur.0tiosus
2244 2792 2331 2838 est
2362 2789 2559 2838 autem
2587 2781 2918 2837 catholicus
2951 2779 3051 2849 qui
3098 2793 3213 2832 non
3236 2773 3359 2830 vult
3394 2775 3537 2828 bene

1858 2874 2125 2947 operari:
2162 2874 2301 2941 Quia
2330 2874 2464 2943 ﬁdes
2511 2872 2630 2927 sine
2660 2869 2936 2943 operibus,
2994 2869 3183 2922 otiosa
3205 2871 3263 2920 et
3313 2870 3536 2919 mortua

1857 2971 1936 3022 est
1965 2965 2025 3020 in
2047 2970 2338 3035 semetipsa
2387 2966 2589 3035 (Jac.u,
2626 2963 2733 3029 l7).
2788 2962 2961 3015 Extra
3017 2959 3245 3011 vineam
3280 2972 3412 3009 vero
3440 2952 3537 3006 ille

1859 3061 2153 3128 Operatur,
2186 3056 2288 3126 qui
2322 3054 2680 3109 constitutus
2707 3052 2761 3105 in
2790 3048 3051 3120 qualibet
3084 3044 3305 3110 haeresi,
3351 3044 3533 3096 bono-

1859 3163 1990 3201 rum
2021 3148 2254 3218 quidem
2274 3161 2514 3215 operum
2534 3142 2683 3215 gerit
2712 3138 3098 3202 studium,sed
3123 3136 3245 3206 ipse
3260 3132 3367 3187 sibi
3389 3129 3539 3184 male

1865 3236 2153 3291 credendo
2185 3236 2432 3305 denegat
2492 3228 2828 3287 salvationis
2860 3226 3155 3280 eﬂ‘ectum.
3200 3222 3351 3277 Dicit
3384 3220 3539 3274 enim

1871 3327 2078 3380 beatus
2094 3323 2307 3378 Paulus
2321 3325 2644 3392 apostolus,
2678 3320 2815 3389 quia
2848 3330 3009 3371 omne
3030 3312 3171 3385 quod
3200 3327 3312 3367 non
3340 3318 3417 3366 est
3471 3324 3541 3364 ea:

1867 3414 1995 3482 ﬁde,
2038 3420 2325 3484 peccatum
2379 3415 2455 3464 est
2488 3410 2661 3479 (Rom.
2706 3422 2824 3470 xiv,
2854 3405 2970 3470 23):
3003 3406 3078 3457 et:
3112 3402 3242 3455 Sine
3294 3399 3399 3469 fide
3428 3400 3540 3452 im-

1866 3500 2135 3574 possibile
2160 3504 2240 3555 est
2267 3499 2507 3570 placare
2538 3498 2645 3551 Deo
2676 3495 2859 3563 iHebr.
2884 3493 3044 3562 x1,6).
3080 3495 3332 3559 Uterque
3356 3486 3539 3559 igitur

1870 3591 1981 3646 sibi
2016 3589 2221 3644 adimit
2278 3585 2608 3654 denarium,
2642 3591 2890 3654 uterque
2939 3597 3000 3637 se
3033 3582 3104 3635 ab
3132 3578 3537 3649 operariorum

1869 3678 2162 3734 consortio
2214 3677 2393 3732 efﬁcit
2450 3674 2703 3729 alienum
2734 3689 2748 3727 :
2779 3673 2892 3726 iste
2923 3670 3160 3743 quidem
3214 3667 3352 3738 quia
3384 3666 3539 3719 intra

1867 3769 2096 3824 vineam
2130 3764 2486 3821 dominicam
2544 3762 2900 3819 constitutus
2952 3758 3141 3815 noluit
3183 3772 3312 3812 esse
3343 3753 3538 3809 studio

1866 3856 2226 3929 operationis
2283 3859 2543 3910 attentus
2575 3871 2588 3922 ;
2625 3852 2723 3908 ille
2747 3866 2880 3906 vero
2912 3848 3054 3921 quia
3089 3847 3230 3903 foris
3260 3846 3538 3916 operatus

1866 3952 1957 4003 est
1984 3946 2137 4018 quod
2173 3949 2305 4001 ante
2338 3945 2512 3999 ﬁnem
2546 3943 2657 3998 diei
2708 3942 2865 3996 intra
2892 3940 3119 3995 vineam
3178 3934 3536 3992 dominicam

1866 4036 2069 4092 debuit
2095 4034 2340 4107 operari.
2376 4035 2453 4089 Ac
2482 4050 2583 4105 per
2612 4032 2721 4087 hoc
2752 4030 3011 4101 ille,quia
3064 4044 3178 4083 non
3211 4031 3299 4081 est
3329 4039 3538 4110 opera:

1867 4132 1964 4182 tus
2013 4132 2166 4181 unde
2197 4125 2406 4181 salvari
2442 4122 2621 4195 possit
2653 4139 2666 4189 ;
2697 4121 2793 4176 ille
2852 4125 3069 4184 autem,
3104 4118 3243 4187 quia
3274 4131 3388 4169 non
3449 4112 3531 4165 ibl

1869 4221 2141 4288 operatus
2159 4220 2268 4281 est,
2304 4215 2401 4270 ubi
2433 4214 2654 4267 donum
2683 4210 2892 4266 salutis
2916 4209 3285 4276 acciperet:et
3315 4202 3530 4255 idcirco

1869 4307 2034 4361 ﬁnito
2070 4306 2162 4360 die
2187 4320 2292 4360 nec
2322 4305 2419 4357 ille
2453 4302 2523 4356 ad
2558 4301 2785 4354 vineam
2821 4298 3043 4352 intrare
3069 4292 3444 4364 permittitur,
3476 4294 3535 4344 et

1866 4387 1953 4442 illi
1985 4386 2235 4443 facultas
2260 4388 2420 4441 bonae
2464 4380 2825 4455 operationis
2856 4380 3140 4437 aufertur;
3170 4373 3310 4445 quia
3334 4371 3541 4428 catho-

1870 4476 2019 4532 licus
2080 4478 2321 4547 quidem
2355 4473 2547 4529 malus
2608 4471 2667 4525 in
2696 4468 2959 4524 convivio
3015 4463 3247 4521 Domini
3314 4468 3537 4547 vestem

1870 4542 2193 4640 nuptialem
2214 4583 2327 4621 non
2342 4564 2549 4619 habuit
2588 4562 2760 4633 (quod
2778 4558 2995 4614 Paulus
3010 4557 3279 4613 ﬁdelibus
3302 4542 3538 4611 intimat

131 4647 387 4708 horarum
425 4651 765 4708 diversitate
794 4650 971 4706 etiam
1006 4652 1477 4725 uniuscujusque
1506 4654 1761 4711 hominis
1791 4648 1840 4712 Ι)
1873 4654 2542 4723 formidandum,dicens
2569 4669 2581 4706 :
2608 4653 2671 4706 Si
2692 4656 2875 4705 tamen
2906 4649 3112 4716 vestiti,
3144 4663 3254 4703 non
3277 4647 3421 4702 nudi
3451 4648 3538 4702 in-

136 4743 315 4796 atates
370 4741 630 4812 accipere
663 4756 676 4796 :
711 4743 778 4794 ut
810 4756 982 4795 mane
1014 4741 1093 4797 sit
1143 4742 1397 4798 hominis
1454 4758 1764 4815 quousque

136 4825 635 4898 ﬁniaturini‘antia,
669 4829 881 4885 deinde
913 4831 1174 4900 pueritiae
1217 4831 1348 4888 ﬁnis
1397 4835 1769 4890 consummet

140 4918 780 4989 tertiam,adolescentia3
813 4920 1106 4975 terminus
1137 4927 1373 4993 peragat
1395 4928 1639 4986 sextam,
1661 4923 1765 4993 ju-

142 5010 367 5066 ventutis
396 5014 829 5066 consummatio
860 5010 1125 5081 perﬁciat
1174 5027 1411 5079 nonam,
1460 5012 1765 5084 gravitatis

146 5107 327 5154 cursus
372 5104 616 5172 peragat
674 5099 1070 5167 undecimam,
1102 5104 1158 5155 et
1188 5102 1462 5173 deinceps
1494 5107 1764 5158 senectus

144 5183 357 5244 tendens
377 5190 448 5245 ad
484 5186 829 5255 terminum,
871 5188 1051 5243 totius
1083 5189 1197 5245 diei
1244 5190 1553 5262 consignet
1596 5206 1762 5246 occa-

144 5286 272 5332 sum.
312 5283 372 5335 In
421 5292 784 5352 quacunque
834 5277 1016 5348 igitur
1062 5281 1192 5333 vitae
1242 5280 1548 5351 praesentis
1598 5284 1763 5335 astate

142 5367 303 5422 omnis
329 5369 570 5440 iniquus
602 5374 707 5422 aut
740 5365 958 5437 impius
980 5371 1102 5422 toto
1132 5368 1305 5424 corde
1332 5369 1506 5425 fuerit
1534 5386 1766 5425 convcr-

140 5466 225 5509 sus
252 5459 314 5512 ad
346 5454 763 5519 Deum.statim
801 5455 1222 5527 praeteritorum
1254 5459 1518 5514 omnium
1551 5460 1760 5517 remis-

140 5542 331 5607 sionem
359 5548 608 5621 accipiet
641 5548 1037 5618 peccatorum.

1876 4748 2169 4803 cem’amur
2196 4746 2266 4815 (ΙΙ
2296 4746 2425 4800 Cor.
2457 4759 2514 4810 v,
2544 4741 2601 4813 3)
2633 4756 2648 4797 :
2710 4739 3017 4796 haereticus
3046 4754 3180 4794 vero
3232 4738 3305 4794 ad
3338 4738 3534 4810 ipsum

1876 4836 2203 4893 convivium
2234 4839 2494 4904 tempore
2543 4830 2888 4904 acceptabili
2918 4829 3116 4886 venire
3157 4826 3535 4897 contempsit.

1876 4927 1947 4981 Et
1977 4925 2105 4981 ideo
2135 4924 2234 4980 ille
2258 4922 2616 4995 projicietur,
2656 4925 2712 4976 et
2742 4920 2841 4975 ille
2874 4919 3122 4975 facultas
3171 4916 3532 4988 ingrediendi

1876 5032 1991 5071 non
2025 5015 2278 5071 dabitur.
2300 5014 2468 5069 Nunc
2498 5013 2698 5084 itaque
2726 5015 2963 5080 tempus
2997 5014 3061 5062 ut
3095 5006 3259 5078 palea
3285 5007 3541 5059 mutetur

1876 5106 1934 5160 in
1967 5106 2421 5173 triticum;nunc
2459 5109 2691 5173 tempus
2724 5109 2785 5155 ut
2810 5104 3004 5154 omnis
3036 5097 3277 5161 iniquus
3307 5092 3541 5147 festinet

1874 5211 1943 5251 ex
1999 5196 2236 5251 zizaniis
2268 5195 2527 5249 triticum
2561 5190 2705 5256 ﬁeri,
2756 5188 2804 5243 si
2841 5204 2955 5242 non
2993 5185 3115 5239 vult
3143 5178 3538 5251 inexstingui-

1875 5285 2183 5358 bilisignis
2210 5284 2530 5340 aeternitate
2548 5276 2895 5335 comburi.Si
2930 5276 3067 5345 quis
3097 5272 3257 5326 enim
3291 5285 3540 5341 praesen-

1872 5376 1951 5430 tis
1983 5374 2264 5446 temporis
2294 5372 2543 5445 gratiam
2598 5382 2903 5438 respuens,
2939 5380 3054 5434 quo
3103 5360 3388 5417 Dominus
3418 5375 3536 5415 non

1872 5465 1943 5520 ad
1971 5462 2348 5534 judicaudos,
2383 5460 2483 5513 sed
2517 5457 2587 5512 ad
2620 5454 2930 5510 salvandos
2985 5460 3312 5524 peccatores
3344 5447 3539 5505 venire

1870 5553 2146 5625 dignatus
2176 5549 2347 5619 est,in
2380 5547 2506 5603 suis
2537 5541 3275 5614 credideritiniquitatibus
3308 5555 3541 5613 perma-

203 5733 270 5806 (a)
298 5735 429 5802 Quae
454 5731 797 5803 sequuntur
825 5728 896 5784 ad
921 5727 1045 5784 haec
1064 5729 1261 5801 verba,
1285 5728 1393 5787 Illa
1412 5747 1646 5806 quoque,
1677 5733 1997 5794 habuimus
2012 5751 2080 5792 ex
2102 5750 2245 5791 mss.
2269 5731 2520 5789 duobus.
2553 5729 2786 5787 Absunt
2812 5745 2946 5787 vero
2977 5729 3047 5786 ab
3067 5726 3317 5786 excusis.
