3894 6224
359 297 480 363 5'15

1364 295 1423 356 S.
1473 292 1898 358 FULGENTII
1940 290 2291 355 EPISCOPI
2337 288 2766 356 RUSPENSIS

3677 291 3789 352 5Ἳῦ

357 433 473 488 Deo
505 431 949 502 donauteatque
965 429 1648 502 adjuvante,responsio;
1678 447 1795 503 qua
1814 428 1999 499 ﬁnita,
2035 429 2085 495 Α
2185 429 2241 486 5.
2263 427 2460 483 Solius
2483 426 2678 496 itaque
2704 421 2988 496 unigeniti
3019 421 3123 479 Dei
3151 421 3385 494 propria
3407 423 3500 479 est
3533 427 3792 496 utraque

355 520 520 576 alteri
547 536 779 591 quoque
805 521 1473 592 respondere,quantum
1499 521 1653 577 Deus
1679 519 2000 586 donaverit,

361 628 476 667 non
510 611 751 684 pigebit.

433 745 484 799 3.
507 745 1118 816 Principaliteritaque
1131 745 1278 801 scire
1291 746 1666 800 debetomnis
1681 743 2005 800 catholicus

364 834 732 889 Christianus
764 851 947 888 unum
980 851 1108 889 esse
1140 835 1322 889 Deum
1354 840 1615 889 sanctam
1645 834 2004 896 Trinitatem,

366 923 424 978 id
452 925 881 989 est,Patrem,et
904 923 1188 990 Filium,et
1211 924 1493 994 Spiritum
1511 925 2005 994 sanctum;ipsam

369 1029 502 1068 vero
534 1013 882 1068 Trinitatem
916 1030 1042 1084 qua
1065 1029 1220 1068 unus
1252 1016 1338 1066 est
1374 1014 1543 1082 Deus,
1570 1029 1744 1067 unam
1767 1012 2006 1082 quidem

369 1116 499 1156 esse
523 1106 937 1172 naturam,non
962 1107 1156 1157 tamen
1178 1117 1354 1155 unam
1377 1116 1505 1155 esse
1531 1099 2011 1173 personam.Quia

369 1195 427 1245 et
449 1189 602 1261 quod
629 1190 847 1245 dicitur
870 1207 1022 1245 unus
1055 1190 1352 1245 Deusesse
1384 1189 1868 1256 Trinitas,verum
1890 1194 2005 1257 est;

369 1296 525 1334 unus
541 1279 692 1332 Deus
705 1281 961 1334 estenim
981 1279 1404 1350 Trinitas,quia
1424 1295 1534 1333 non
1560 1277 1732 1333 aliam
1753 1283 2012 1332 naturam

373 1368 550 1422 habet
581 1368 833 1433 Pater,et
861 1368 1035 1422 aliam
1071 1368 1270 1432 Filius,
1291 1376 1345 1423 et
1375 1367 1548 1422 aliam
1584 1369 1843 1439 Spiritus
1876 1384 2012 1423 san-

373 1455 635 1521 ctus,sed
658 1472 771 1509 una
804 1462 1014 1510 natura
1035 1463 1123 1511 est
1142 1455 1268 1528 ipsa
1296 1457 1552 1511 Trinitas
1575 1457 1766 1524 Deus;
1800 1473 1906 1513 nec
1935 1463 2017 1510 ta-

378 1561 509 1600 men
538 1561 652 1598 una
677 1561 923 1616 persona
948 1553 1037 1600 est
1055 1550 1309 1608 Pater,et
1332 1546 1596 1613 Filius,et
1613 1547 1868 1617 Spiritus
1888 1563 2020 1600 san-

378 1633 640 1697 ctus,sed
664 1649 909 1704 persona
941 1633 1123 1688 Patris
1147 1634 1329 1690 solius
1353 1637 1541 1690 Patris
1570 1641 1741 1700 est,et
1767 1651 2019 1707 persona

383 1724 510 1779 Filii
533 1723 713 1778 solius
741 1723 1054 1793 Filii,est,et
1078 1741 1322 1795 persona
1345 1725 1600 1796 Spiritus
1623 1726 1808 1781 sancti
1835 1725 2018 1780 solius

381 1813 632 1884 Spiritus
663 1813 846 1867 sancti
880 1817 986 1867 est.
1023 1814 1411 1870 Personaliter
1441 1830 1577 1886 ergo
1611 1813 1710 1886 qui
1742 1822 1828 1868 est
1857 1813 2022 1867 Pater

383 1922 498 1962 non
522 1910 612 1960 est
633 1905 756 1976 ipse
775 1903 1037 1970 Filius,et
1060 1907 1159 1976 qui
1197 1905 1374 1960 Filius
1391 1911 1480 1961 est
1505 1922 1617 1962 non
1650 1906 1882 1975 estipse
1901 1904 2030 1976 Spi-

385 1995 535 2048 ritus
567 1999 824 2048 sanctus.
855 1993 1015 2058 Quod
1055 2009 1190 2047 vero
1221 1993 1570 2048 naturaliter
1607 1999 1696 2048 est
1728 1993 1895 2048 Pater
1920 1991 2028 2046 hoc

387 2089 477 2138 est
507 2083 825 2150 Filius,hoc
855 2089 944 2139 est
971 2081 1220 2152 Spiritus
1251 2082 1656 2153 sanctus,quia
1684 2081 2032 2136 naturaliter

386 2171 516 2244 ipsa
540 2172 796 2226 Trinitas
827 2188 982 2227 unus
1010 2176 1101 2226 est
1129 2171 1283 2228 Deus
1313 2188 1325 2224 :
1353 2173 1448 2225 ubi
1504 2173 1691 2240 major
1721 2171 2032 2242 minorque

392 2279 508 2316 non
542 2262 932 2332 dicitur,quia
963 2278 1067 2316 nec
1099 2263 1257 2333 prior
1285 2261 1436 2317 alius
1466 2261 1715 2324 alio,nec
1750 2261 2034 2331 posterior

391 2350 795 2406 invenitur.lbi
826 2353 1121 2406 aeternitas
1153 2356 1328 2422 atque
1359 2350 1730 2406 immensitas
1760 2356 1924 2404 tanta
1945 2353 2036 2404 est

391 2439 861 2510 uniuscujusque
885 2456 1166 2512 personae,
1199 2446 1421 2512 quanta
1465 2441 1645 2495 trium
1689 2439 2038 2495 naturaliter

391 2529 1175 2602 personarum.Solustamen
1193 2529 1360 2584 Pater
1375 2531 1571 2600 estqui
1590 2529 1797 2585 Filium
1813 2527 2034 2600 genuit;

394 2618 555 2674 solus
585 2624 674 2672 est
696 2617 875 2673 Filius
903 2619 1003 2688 qui
1027 2619 1098 2673 de
1128 2623 1295 2674 Patre
1323 2626 1532 2685 natus;
1561 2621 1723 2674 solus
1753 2623 1843 2674 est
1862 2618 2038 2672 etiam

397 2707 651 2778 Spiritus
683 2714 942 2770 sanctus,
989 2707 1086 2778 qui
1121 2725 1225 2762 nec
1275 2717 1451 2763 natus
1493 2714 1582 2764 est
1613 2710 1681 2763 de
1713 2709 1899 2772 Patre,
1935 2722 2040 2761 nec

403 2797 614 2853 Filium
639 2797 981 2868 genuit,sed
1006 2814 1038 2851 a
1065 2798 1227 2852 Patre
1251 2797 1516 2869 Filioque
1541 2797 1840 2867 processit.
1876 2796 2044 2850 Pater

408 2902 544 2958 ergo
568 2886 752 2942 solius
783 2894 872 2942 est
901 2891 1072 2941 Pater
1095 2887 1219 2956 lilii,
1253 2892 1311 2942 et
1336 2887 1517 2942 Filius
1538 2892 1626 2941 est
1646 2885 1828 2940 solius
1859 2885 2042 2940 Filius

406 2975 860 3039 l‘atris,sanctus
890 2981 1085 3032 autem
1107 2977 1361 3047 Spiritus
1384 2993 1494 3031 non
1520 2975 1706 3030 Patris
1728 2975 2046 3041 solius,nec

410 3064 538 3120 Filii
571 3065 776 3131 solius,
801 3065 904 3121 sed
936 3065 1112 3122 simul
1146 3065 1332 3121 Patris
1365 3071 1421 3120 et
1453 3064 1580 3120 Filii
1613 3081 1768 3120 unus
1798 3068 1856 3119 et
1885 3079 2043 3118 com-

408 3154 604 3210 munis
636 3165 742 3211 est.

476 3291 599 3346 4.1n
615 3291 722 3346 hac
739 3291 932 3362 itaque
944 3291 1227 3346 Trinitate
1243 3297 1378 3346 sunt
1392 3291 1656 3363 quaedam
1673 3287 2041 3361 singularum

403 3397 783 3452 personarum
811 3382 1216 3452 propria.Quid
1234 3383 1280 3436 si
1303 3387 1495 3436 tamen
1515 3380 1764 3452 propriis
1785 3394 2044 3450 personae

404 3471 933 3539 monstrantur,sed
956 3487 1066 3526 non
1084 3477 1707 3541 separantur,quarum
1733 3475 1940 3523 natura
1957 3472 2042 3533 ut,

400 3576 535 3616 cum
568 3559 990 3631 inseparabiles
1013 3559 1436 3626 sint,conl‘undi
1463 3577 1574 3615 non
1598 3561 1804 3631 possit,
1837 3557 1934 3612 sed
1971 3555 2044 3610 ad

398 3647 506 3703 hoc
525 3649 580 3702 in
602 3647 855 3719 singulis
879 3650 1146 3718 personis
1163 3649 1400 3719 singula
1421 3651 1862 3714 maneant,utet
1883 3652 2045 3700 natu-

399 3738 580 3791 ralem
609 3737 892 3790 unitatem
916 3751 1058 3788 verae
1089 3735 1410 3802 Trinitatis,
1435 3740 1492 3790 et
1523 3733 1889 3805 personalem
1914 3733 2041 3787 Tri-

399 3823 642 3878 nitatem
671 3839 813 3877 verae
838 3822 1080 3876 unitatis
1101 3823 1371 3876 ostendat
1399 3826 1420 3877 ?
1448 3823 1752 3894 Proprium
1787 3828 1876 3878 est
1905 3838 2042 3894 ergo

401 3911 585 3967 solius
618 3911 824 3976 Patris,
845 3911 997 3982 quod
1029 3927 1143 3965 non
1176 3921 1265 3966 est
1297 3918 1472 3966 natus
1505 3913 1755 3982 ipse,sed
1789 3911 1993 3984 genuit
2023 3931 2038 3979 ;

401 4000 705 4072 proprium
723 4007 812 4056 est
835 4008 892 4056 et
913 3999 1038 4054 Filii
1061 4001 1214 4071 quod
1243 4017 1352 4055 non
1371 4001 1572 4071 genuit
1592 4000 1844 4071 ipse,sed
1873 4007 2044 4055 natus

401 4095 512 4159 est;
541 4090 840 4162 proprium
871 4089 1025 4146 408
1050 4105 1182 4145 vero
1207 4094 1296 4145 est
1313 4089 1634 4161 etSpiritus
1657 4091 1868 4154 sancti,
1889 4090 2042 4161 quod

399 4197 506 4235 nec
528 4181 732 4253 genuit
761 4182 885 4252 ipse
908 4197 1012 4236 nec
1035 4182 1210 4234 natus
1233 4183 1340 4240 est.
1367 4180 1464 4234 sed
1500 4179 1569 4233 de
1599 4183 1861 4250 genitore
1878 4178 2043 4250 geni-

401 4275 583 4342 toque
616 4270 894 4343 procedit.
926 4270 1090 4325 Sicut
1121 4273 1210 4325 est
1240 4276 1435 4325 autem
1470 4268 1597 4324 sine
1627 4268 1795 4323 initio
1827 4275 2045 4323 aeterna

399 4362 698 4434 generatio
723 4361 990 4430 Patris,et
1011 4363 1138 4415 sine
1163 4359 1328 4414 initio
1349 4366 1564 4414 aeterna
1585 4359 1858 4413 nativitas
1872 4357 1998 4412 Filii
2026 4375 2039 4426 ;

405 4451 488 4506 sic
511 4450 859 4507 naturaliter
879 4451 1005 4506 sine
1025 4449 1194 4505 initio
1218 4454 1307 4505 est
1327 4455 1542 4505 aeterna
1565 4449 1856 4522 processio
1869 4450 2047 4521 Spiri-

2119 519 2420 585 nativitas,
2472 533 2590 572 una
2640 513 2863 570 scilicet
2905 529 2972 568 ex
3013 512 3254 567 veritate
3289 517 3517 568 natura:
3554 513 3792 580 divine,

2113 609 2297 662 altera
2329 624 2462 662 vero
2496 623 2564 661 ex
2595 605 2784 678 gratia
2835 603 3114 658 humanis
3155 609 3504 672 assumpta.
3553 607 3795 675 Propter

2115 697 2272 769 quod
2305 696 2661 767 evangelista
2687 694 2945 749 Joannes
3009 691 3376 763 unigenitum
3413 709 3445 748 a
3483 697 3672 749 Patre
3704 711 3796 749 as-

2117 787 2258 840 serit
2316 785 2554 855 plenum
2613 781 2808 854 gratiis
2878 787 2935 837 et
3000 781 3259 836 veritatis
3317 784 3508 848 (Joan.
3578 799 3624 850 r,
3685 783 3787 848 ίᾶι.

2117 874 2364 930 Proinde
2407 873 2663 929 cavenda
2699 875 2790 926 est
2837 868 2936 925 illa
2982 871 3285 925 mortifera
3327 875 3384 925 et
3415 871 3790 927 omnimodis

2117 963 2406 1019 diabolica
2454 961 2823 1032 blasphemia
2862 976 2978 1030 qua
3027 961 3280 1015 creditur
3311 959 3399 1016 vel
3449 961 3692 1016 dicitur
3719 962 3795 1016 si-

2119 1053 2243 1109 mul
2291 1053 2419 1125 ipsa
2469 1050 2730 1106 Trinitas
2774 1066 3006 1105 carnem
3039 1049 3468 1120 assumpsisse,
3501 1051 3669 1122 quod
3710 1067 3798 1104 ca-

2118 1143 2336 1198 tholica
2385 1141 2530 1196 ﬁdes
2581 1157 2694 1195 non
2746 1137 2972 1209 recipit,
3013 1139 3112 1194 sed
3150 1139 3413 1210 nequitia
3468 1139 3798 1200 Sabelliani

2119 1233 2334 1290 erroris
2389 1231 2630 1285 invenit.
2691 1228 2983 1285 Sabellius
3039 1228 3282 1300 quippe,
3334 1228 3436 1300 qui
3471 1231 3720 1286 Patrem
3752 1232 3802 1284 et

2121 1322 2331 1378 Filium
2381 1326 2438 1374 et
2476 1319 2764 1391 Spiritum
2824 1323 3096 1373 sanctum
3154 1334 3268 1372 non
3335 1323 3458 1374 tres
3491 1319 3668 1386 deos,
3704 1318 3801 1373 sed

2123 1428 2310 1468 unum
2363 1411 2546 1465 Deum
2605 1424 2808 1464 verum
2844 1407 3147 1478 praedicari
3175 1408 3469 1480 cognovit,
3509 1409 3605 1465 sic
3637 1407 3801 1464 audi-

2123 1501 2205 1555 vit
2255 1499 2413 1571 quod
2460 1515 2662 1553 verum
2721 1502 2832 1563 est,
2886 1505 2950 1551 ut
2982 1497 3093 1551 sibi
3136 1503 3446 1568 generaret
3477 1498 3618 1569 ipse
3647 1498 3796 1569 quod

2128 1589 2338 1644 falsum
2391 1594 2498 1643 est.
2545 1587 2801 1657 Denique
2854 1587 2995 1656 quia
3019 1585 3102 1640 sic
3138 1602 3314 1640 unam
3352 1586 3552 1642 Patris
3585 1593 3648 1643 et
3677 1586 3800 1642 Filii

2129 1685 2186 1734 et
2213 1677 2463 1750 Spiritus
2514 1677 2699 1731 sancti
2747 1675 3018 1746 cognovit
3046 1691 3175 1730 esse
3206 1680 3509 1739 naturam,
3549 1685 3614 1731 ut
3645 1677 3794 1746 ejus-

2055 1795 2100 1860 B
2131 1768 2262 1822 dem
2301 1770 2522 1821 naturae
2575 1781 2752 1820 unam
2817 1781 2930 1818 non
2987 1764 3281 1819 dubitaret
3309 1766 3648 1836 praedicare
3679 1781 3795 1836 per-

2134 1873 2363 1922 sonam,
2417 1854 2490 1909 ad
2537 1854 2646 1910 hoc
2693 1859 2783 1909 est
2813 1852 3044 1908 insania
3073 1853 3164 1908 sui
3208 1854 3618 1926 praecipitatus
3649 1870 3796 1910 erro-

2136 1947 2239 2014 ris,
2275 1951 2338 2001 ut
2372 1945 2568 2016 ipsum
2597 1945 2820 2000 Patrem
2853 1949 3056 1998 natum
3107 1944 3176 1999 de
3208 1943 3444 2014 Virgine
3483 1949 3794 2001 assereret.

2136 2034 2473 2091 Necessario
2521 2039 2718 2088 autem
2773 2048 3142 2103 consequens
3191 2033 3320 2099 fuit,
3372 2039 3434 2088 ut
3471 2033 3568 2089 cui
3616 2033 3799 2087 dabat

2136 2126 2439 2181 veritatem
2473 2126 2740 2179 humanas
2771 2124 3119 2184 nativitatis.
3147 2123 3262 2195 ipsi
3293 2125 3598 2194 deputaret.
3636 2123 3797 2179 veri-

2141 2221 2320 2271 tatem
2374 2213 2669 2286 passionis
2715 2219 2772 2268 et
2823 2214 3049 2269 mortis.
3101 2212 3265 2269 Unde
3294 2221 3620 2270 sectatores
3651 2214 3800 2282 ejus-

2141 2309 2273 2360 dem
2332 2302 2571 2359 Sabellii
2620 2319 2735 2358 non
2789 2302 2982 2358 solum
3029 2291 3412 2371 Sabellianos,
3467 2303 3575 2359 sed
3624 2303 3793 2358 etiam

2142 2393 2608 2462 Patripassianos
2665 2390 2922 2447 Ecclesia
2982 2391 3270 2447 catholica
3336 2392 3696 2458 nominavit,
3745 2394 3798 2445 et

2142 2481 2374 2538 vinculo
2401 2481 2791 2537 anathematis
2823 2497 2956 2536 cum
2987 2499 3093 2536 suo
3125 2487 3363 2537 auctore
3394 2481 3725 2538 damnavit.

2214 2573 2269 2626 6.
2307 2571 2476 2626 Absit
2517 2570 2697 2642 igitur
2747 2590 2778 2626 a
2809 2569 3084 2627 ﬁdelibus
3133 2572 3246 2626 ista
3287 2574 3669 2644 perversitas,
3698 2585 3792 2624 nec

2147 2677 2503 2732 quemquam
2555 2659 2924 2731 redemptum
2973 2661 3259 2732 sanguine
3316 2661 3615 2734 unigeniti
3677 2658 3791 2716 Filii

2149 2751 2240 2806 sui
2293 2752 2596 2824 permittat
2648 2750 2801 2806 Deus
2853 2751 2964 2806 isto
2997 2751 3297 2808 mortifero
3336 2770 3522 2809 sensu
3553 2751 3794 2826 perﬁdia

2151 2841 2467 2912 profanari.
2518 2845 2738 2911 Magnae
2778 2839 2997 2912 quippe
3032 2841 3348 2913 impietatis
3381 2848 3476 2898 est
3509 2844 3560 2900 si
3593 2841 3790 2913 aliquis

2153 2931 2212 2985 in
2249 2935 2416 2986 Patre
2464 2935 2521 2984 et
2569 2929 2712 2984 Filio
2759 2934 2816 2984 et
2861 2930 3078 3000 Spiritu
3129 2937 3356 3000 sancto,
3426 2941 3538 2988 aut
3583 2940 3794 3005 prapter

2154 3037 2332 3076 unam
2385 3024 2653 3074 naturam
2703 3018 2840 3074 velit
2897 3036 3075 3075 unam
3126 3021 3428 3093 praedicari
3474 3035 3791 3095 personam.

2155 3116 2258 3167 aut
2312 3115 2544 3180 propter
2585 3114 2705 3164 tres
2763 3124 3068 3181 personas,
3099 3115 3219 3166 tres
3255 3117 3484 3168 asserat
3539 3117 3599 3169 et
3653 3115 3797 3166 natu-

2161 3219 2276 3257 ras.
2317 3198 2798 3270 Quandoquidem
2850 3199 2946 3255 ille
3001 3201 3100 3272 qui
3139 3218 3313 3257 unam
3350 3219 3668 3274 personam
3702 3205 3796 3254 Pa-

2156 3292 2262 3346 tris
2311 3300 2363 3344 et
2393 3289 2521 3344 Filii
2571 3295 2626 3344 et
2671 3289 2923 3360 Spiritus
2973 3291 3158 3347 sancti
3191 3292 3426 3356 asserit,
3453 3293 3668 3366 laqueo
3714 3290 3797 3343 Sa-

2155 3379 2395 3434 belliani
2453 3378 2664 3434 erroris
2710 3379 3068 3446 innectitur;
3101 3381 3201 3450 qui
3231 3397 3365 3436 vero
3396 3387 3521 3439 tres
3572 3386 3794 3438 naturas

2157 3469 2341 3524 Patris
2372 3473 2430 3522 et
2484 3467 2609 3522 Filii
2654 3471 2711 3522 et
2761 3467 3011 3538 Spiritus
3061 3470 3248 3525 sancti
3297 3486 3430 3526 esse
3477 3471 3792 3531 conﬁrmat,

2155 3559 2378 3614 Arianae
2429 3557 2681 3629 perfidiae
2743 3557 2990 3612 nexibus
3042 3557 3354 3631 obligatur.
3416 3560 3489 3616 Et
3544 3555 3792 3634 quamvis

2155 3646 2461 3718 utriusque
2536 3645 2901 3702 infidelitatis
2985 3647 3172 3702 divisa
3240 3645 3788 3709 videaturiassertio,

2156 3754 2269 3792 una
2325 3742 2520 3790 tamen
2579 3739 2668 3790 est
2732 3733 3055 3807 impietatis
3119 3737 3430 3809 utriusque
3483 3734 3791 3794 damnatio.

2152 3826 2336 3897 prie
2402 3841 2655 3896 namque
2716 3841 3100 3897 personarum
3175 3831 3502 3899 proprietas
3569 3829 3788 3900 propter

2155 3915 2439 3970 unitatem
2499 3921 2719 3970 natura:
2772 3915 3153 3971 confunditur
3202 3937 3217 3984 ;
3272 3919 3449 3990 impie
3509 3911 3790 3973 nihilomi-

2158 4021 2269 4060 nus
2303 4003 2587 4058 naturalis
2639 4003 2837 4059 unitas
2887 4010 3127 4076 propter
3153 4023 3427 4078 personas
3450 4007 3607 4076 ipsas
3639 4017 3790 4072 sepa-

2156 4099 2337 4149 ratur.
2374 4093 2553 4148 Unum
2577 4091 2752 4147 habet
2775 4097 2944 4148 Pater
2974 4111 3173 4149 verum
3210 4093 3550 4152 naturaliter
3569 4092 3793 4151 Filium,

2157 4186 2214 4238 et
2242 4183 2313 4237 de
2343 4199 2404 4236 se
2435 4182 2562 4236 sine
2595 4182 2782 4251 initio,
2816 4187 2874 4238 et
2905 4183 2975 4238 de
2997 4182 3238 4255 Virgine
3267 4182 3665 4256 temporaliter
3689 4195 3789 4234 na-

2156 4277 2306 4327 tum.
2330 4271 2528 4342 lpsum
2566 4271 2723 4326 misit
2751 4270 2808 4326 in
2845 4273 3134 4328 mundum
3168 4278 3229 4328 ut
3267 4275 3592 4330 salvaretur
3647 4281 3794 4326 mun-

2159 4362 2270 4417 dus
2303 4377 2402 4433 per
2432 4359 2649 4431 ipsum.
2703 4361 2855 4415 ΔΜ)
2891 4362 3052 4426 Quod
3089 4362 3243 4418 idem
3276 4363 3459 4418 Filius
3494 4359 3789 4420 ostendens

2159 4450 2242 4505 ait
2274 4465 2286 4504 :
2325 4473 2346 4499 ι
2381 4449 2473 4504 Sic
2497 4450 2653 4504 enim
2707 4448 2862 4506 Deus
2908 4450 3111 4506 dilexit
3157 4452 3469 4520 mundum,
3506 4458 3572 4508 ut
3603 4449 3784 4507 Filium

406 4549 500 4595 tus
530 4539 834 4595 sancti.De
865 4540 965 4595 Dei
997 4539 1154 4595 enim
1186 4540 1375 4596 Patris
1406 4539 1729 4595 aeternitate
1760 4554 1887 4610 quas
1919 4539 2046 4596 sine
2077 4523 2124 4588 Π
2156 4562 2184 4589 ‹‹
2217 4556 2388 4596 suum
2425 4539 2794 4611 unigenitum
2829 4539 3016 4603 daret.
3051 4546 3116 4596 ut
3161 4544 3356 4598 omnis
3388 4542 3490 4614 qui
3526 4539 3699 4598 credit
3735 4534 3786 4588 in

403 4629 572 4684 initio
595 4633 812 4696 manet,
843 4629 976 4684 talis
994 4635 1083 4685 est
1103 4631 1306 4701 utique
1328 4630 1602 4686 nativitas
1648 4630 1795 4698 Filii,
1825 4635 1883 4686 et
1913 4647 2049 4702 pro-

407 4715 594 4772 cessio
617 4715 870 4786 Spiritus
892 4719 1100 4786 sancti,
1122 4724 1188 4772 ut
1205 4729 1256 4772 et
1281 4718 1381 4774 illa
1403 4720 1760 4787 nativitas,et
1783 4718 1884 4774 illa
1916 4737 2047 4791 pro-

323 4811 334 4818 '
405 4804 593 4862 cessio
615 4809 899 4860 coaeterna
919 4806 998 4860 sit
1019 4804 1105 4859 illi
1131 4805 1360 4876 origini,
1382 4808 1438 4861 in
1463 4824 1580 4880 qua
1601 4808 1834 4864 initium
1856 4809 2046 4866 nulla-

402 4902 578 4952 tenus
600 4894 788 4968 potuit
811 4894 1078 4950 inveniri.
1117 4895 1398 4959 Quoniam
1421 4912 1557 4965 ergo
1581 4897 1765 4954 hocin
1786 4915 1846 4954 se
1881 4899 2049 4956 habet

407 4985 696 5043 naturalis
717 4983 817 5039 illa
840 4985 1033 5039 unitas
1051 4983 1448 5046 Trinitatis,ut
1468 4989 1669 5039 natum
1693 5001 1821 5041 esse
1847 4988 1952 5042 soli
1971 4986 2048 5042 sit

410 5075 711 5150 proprium
738 5074 898 5140 Filio,
933 5073 1030 5129 ille
1057 5071 1157 5146 qui
1180 5071 1415 5127 solusin
1437 5088 1498 5128 se
1523 5072 1696 5128 habet
1727 5089 1916 5130 veram
1951 5093 2048 5130 na-

405 5167 690 5223 tivitatem
717 5165 1102 5221 humanitatis
1128 5161 1448 5234 exVirgine
1472 5187 1486 5228 ;
1510 5161 1690 5232 hujus
1712 5163 2050 5219 etenimtuit

403 5258 724 5315 secundum
739 5271 970 5311 carnem
987 5270 1176 5309 veram
1193 5251 1406 5308 habere
1423 5258 1559 5308 natu
1570 5252 1766 5307 raliter
1777 5259 2046 5323 matrem,

406 5348 504 5418 qui
534 5346 860 5404 secundum
879 5344 1243 5400 divinitatem
1277 5359 1472 5398 verum
1495 5343 1670 5398 habet
1703 5342 2052 5398 naturaliter

406 5435 636 5494 Patrem
669 5454 681 5490 :
703 5435 946 5508 proinde
969 5435 1065 5506 qui
1089 5439 1180 5491 est
1198 5441 1267 5489 de
1304 5443 1513 5488 aeterno
1539 5431 1703 5488 Patre
1727 5435 1854 5489 sine
1884 5433 2050 5490 initio

411 5527 662 5593 genitus,
695 5527 820 5598 ipse
848 5534 906 5581 et
938 5525 1009 5581 de
1055 5523 1354 5594 temporali
1417 5529 1600 5579 matre
1656 5525 2051 5596 temporaliter

410 5616 626 5680 natus;
659 5620 716 5669 et
747 5614 961 5670 idcirco
997 5630 1109 5669 non
1142 5611 1331 5667 solum
1367 5611 1425 5665 in
1485 5612 1808 5681 divinitate,
1849 5631 2050 5670 verum

413 5699 586 5756 etiam
615 5701 672 5755 in
707 5719 879 5759 carne
908 5702 1190 5758 veraciter
1209 5699 1558 5770 Unigenitus
1588 5701 1688 5756 Dei
1714 5703 1893 5759 Filius
1917 5703 2054 5758 dici-

409 5791 530 5860 tur,
560 5789 659 5859 qui
704 5795 762 5844 et
805 5791 1126 5845 secundum
1169 5787 1545 5858 divinitatem,
1574 5791 1896 5846 secundum
1930 5808 2052 5849 car-

411 5891 545 5934 nem
576 5874 739 5932 solus
766 5877 1003 5948 genitus
1032 5874 1346 5933 invenitur.

2163 4652 2189 4684 ι
2211 4646 2342 4686 eum
2376 4646 2492 4684 non
2517 4635 2734 4700 pereat,
2768 4630 2870 4685 sed
2898 4629 3112 4686 habeat
3139 4630 3318 4686 vitam
3353 4637 3653 4688 aeternam.
3681 4624 3784 4683 Non

2155 4742 2183 4770 ‹‹
2217 4718 2371 4775 enim
2422 4718 2588 4774 misit
2634 4723 2790 4774 Deus
2841 4718 3056 4776 Filium
3109 4736 3282 4776 suum
3336 4720 3398 4777 in
3424 4722 3704 4778 mundum
3735 4713 3786 4766 ut

2154 4809 2428 4880 «judicet
2475 4809 2786 4877 mundum,
2830 4808 2931 4864 sed
2987 4813 3052 4863 ut
3106 4809 3366 4864 salvetur
3414 4811 3672 4866 mundus
3701 4813 3783 4875 per

2153 4919 2182 4948 ‹‹
2217 4897 2434 4968 ipsum.
2467 4897 2571 4960 Qui
2602 4897 2787 4952 credit
2817 4897 2876 4952 in
2907 4913 3040 4953 eum
3075 4899 3545 4969 nonjudicatur,
3579 4895 3672 4972 qui
3697 4905 3785 4946 au-

2157 5010 2183 5038 «
2216 4992 2333 5042 tem
2361 5003 2472 5041 non
2507 4987 2692 5043 credit
2717 4987 2837 5058 jam
2876 4988 3182 5056 judicatus
3221 4993 3332 5056 est,
3369 4990 3509 5059 quia
3544 5006 3652 5046 non
3681 4995 3780 5038 ονε·

2154 5099 2182 5127 ‹‹
2215 5080 2298 5132 dit
2348 5076 2405 5129 in
2463 5076 2699 5132 nomine
2750 5076 3039 5148 unigeniti
3080 5076 3210 5131 Filii
3239 5065 3349 5133 Dei.
3378 5076 3571 5144 (Joan.
3609 5091 3682 5142 Ill,
3713 5067 3784 5130 16.

2156 5188 2183 5215 ‹‹
2222 5165 2439 5236 17,18).
2476 5186 2505 5214 υ

2221 5255 2277 5308 7.
2311 5255 2452 5310 Ecce
2481 5253 2595 5310 isto
2629 5254 2751 5310 loco
2785 5254 2908 5326 ipse
2943 5254 3208 5311 Salvator
3273 5260 3476 5312 noster
3533 5253 3691 5313 tertio
3733 5259 3782 5300 se

2155 5343 2366 5398 Filium
2398 5343 2562 5409 dicit,
2595 5348 2654 5398 et
2674 5343 2930 5399 secundo
2961 5346 3339 5416 Unigenitum
3379 5345 3714 5406 nominavit,
3738 5337 3783 5389 et

2157 5448 2217 5488 se
2237 5449 2269 5487 a
2298 5432 2476 5500 Patre,
2501 5440 2564 5488 ut
2595 5434 2882 5488 mundum
2909 5435 3180 5502 salvaret,
3215 5434 3468 5492 missum
3503 5454 3630 5494 esse
3657 5440 3781 5487 asse“

2158 5526 2434 5591 ruit;cum
2463 5524 2662 5594 utique
2679 5525 2725 5578 si
2742 5523 2916 5578 simul
2937 5525 3061 5595 ipsa
3078 5524 3338 5580 Trinitas
3354 5525 3408 5579 in
3426 5543 3603 5582 carne
3624 5518 3781 5578 venis-

2159 5619 2265 5683 set,
2291 5629 2405 5668 non
2421 5629 2482 5667 se
2501 5612 2681 5668 Filius
2695 5613 2944 5668 missum
2962 5631 2993 5668 a
3015 5617 3182 5670 Patre
3212 5615 3461 5670 dixisset
3485 5618 3614 5673 :sed
3646 5621 3775 5668 men-

2160 5703 2255 5760 tiri
2273 5720 2383 5758 non
2406 5703 2597 5776 potuit
2613 5702 3032 5760 Christuszsino
3054 5703 3233 5759 dubio
3259 5701 3776 5775 personaliteralter

2161 5791 2346 5861 misit,
2369 5797 2426 5847 et
2453 5793 2597 5849 alter
2625 5797 2717 5849 est
2748 5791 2988 5850 missus.
3017 5789 3175 5849 Misit
3203 5796 3401 5848 autem
3433 5809 3610 5851 verus
3642 5788 3774 5846 Ριίθτ

2160 5879 2500 5951 Veritatem,
2533 5897 2708 5954 quam
2731 5881 2970 5956 genuit;
2999 5880 3164 5938 misit
3182 5879 3575 5956 Sapientiam,
3603 5882 3656 5939 in
3681 5883 3774 5950 qua
