3894 6224
85 301 202 363 585

967 307 1071 368 DE
1111 301 1704 369 INCARNATIONE
1747 299 1930 361 FlLII
1973 302 2108 362 DEI
2149 305 2385 366 LIBER
2430 311 2662 375 UNUS.

3428 326 3550 388 586

106 437 249 494 Pater
273 441 336 494 et
366 438 574 496 Filius
609 445 671 498 et
698 441 948 514 Spiritus
979 447 1240 500 sanctus.
1273 441 1542 500 Ostendit
1571 447 1767 496 autem
1800 438 1855 503 Α
1888 443 2178 496 moratum.
2204 449 2284 498 Ac
2317 461 2416 516 per
2445 447 2553 504 hoc
2595 451 2666 506 de
2690 451 2935 510 Domino
2956 456 3232 514 dominus
3265 459 3324 517 in
3361 463 3546 521 forma

16 523 18 528 ’
114 523 218 596 ipse
236 529 418 588 Filius
449 537 516 588 et
547 535 788 589 Patrem
811 533 986 590 aliam
1017 536 1076 590 in
1110 552 1382 606 persona,
1411 539 1467 590 et
1490 531 1777 605 Spiritum

128 627 384 687 nanctum,
418 622 674 680 dicens:
711 622 861 678 Atius
891 629 970 680 est
997 627 1095 695 qui
1124 624 1506 680 testimonium
1539 621 1785 693 perhibet

135 709 182 767 de
205 727 296 777 me,
320 718 378 766 et
415 711 539 766 scio
589 713 727 784 quia
757 729 952 770 verum
981 723 1058 768 est
1078 713 1455 769 testimonium
1480 713 1598 780 eius
1643 709 1784 782 quod

127 806 337 868 leuatur
378 800 446 856 de
495 818 586 856 me
626 803 808 872 (Joan.
851 819 905 872 v,
951 803 1066 874 3'3.)
1109 804 1174 858 Et
1206 819 1277 858 ne
1308 804 1377 857 de
1416 801 1642 857 Joanne
1672 799 1782 854 hoc

137 891 322 946 dictum
337 890 654 962 quisquam
682 897 934 965 putaret,
960 891 1139 948 Paulo
1155 898 1287 962 post
1309 893 1390 946 ait
1416 909 1427 944 :
1455 892 1558 961 Ego
1595 893 1782 944 autem

121 981 268 1036 Jzabeo
301 983 681 1036 testimonium
718 983 896 1050 maius
934 984 1172 1038 Joanne.
1226 984 1414 1052 Opera
1465 981 1617 1036 enim
1658 993 1782 1050 qua?

123 1069 254 1125 dedit
277 1070 413 1125 mihi
447 1071 622 1126 Pater
647 1075 708 1127 ut
744 1072 1030 1143 perﬁciam
1070 1087 1155 1138 ea,
1191 1072 1312 1141 ipsa
1342 1087 1506 1142 opera
1535 1084 1659 1141 qum
1689 1082 1782 1139 ego

117 1159 250 1228 jacio
274 1158 659 1216 testimonium
687 1161 982 1233 perhibent
1005 1161 1190 1228 deme,
1219 1163 1352 1232 quia
1379 1165 1544 1215 Pater
1569 1174 1655 1212 me
1679 1159 1783 1212 mi-

119 1251 202 1304 sit.
234 1252 291 1305 Bt
319 1251 415 1321 qui
445 1265 530 1305 me
571 1251 727 1305 misit
759 1254 924 1306 Pater
966 1250 1079 1322 ipse
1109 1251 1487 1305 testimonium
1529 1245 1781 1319 perhibet

115 1337 178 1393 de
208 1355 287 1394 me
324 1338 509 1409 (lbid.,
549 1340 663 1410 36).
705 1339 994 1412 Spiritum
1045 1356 1278 1410 quoque
1320 1342 1592 1393 sanctum
1651 1351 1779 1407 per-

111 1426 1052 1484 sonaliteraliumostenditdicens
1078 1446 1090 1484 :
1123 1427 1190 1483 Si
1210 1422 1464 1498 diligitis
1490 1441 1595 1490 me,
1625 1442 1782 1480 man-

111 1517 225 1570 data
251 1533 369 1572 mea
397 1523 631 1583 servate,
661 1527 716 1574 et
743 1531 836 1590 ego
860 1519 1061 1586 rcgabo
1084 1519 1330 1581 Patrem,
1380 1520 1431 1571 et
1459 1514 1638 1570 alium
1673 1519 1784 1569 Pa-

107 1609 362 1664 ractetum
380 1608 535 1664 dabit
560 1610 727 1679 vobis,
759 1618 820 1664 ut
842 1618 1062 1665 maneat
1095 1609 1372 1665 vobiscum
1403 1609 1460 1662 in
1484 1613 1781 1664 atomum,

105 1696 359 1769 Spiritum
385 1701 641 1754 veritatis
669 1699 686 1770 (
710 1700 867 1754 Joan.
900 1715 1010 1765 xxv,
1042 1698 1147 1767 i5)
1173 1717 1185 1754 :
1212 1699 1281 1754 de
1313 1715 1428 1769 quo
1461 1696 1638 1752 etiam
1665 1695 1778 1750 alio

2018 529 2296 586 Dominus
2323 537 2557 608 mansit,
2590 544 2646 593 et
2671 545 2731 594 ut
2757 543 2827 596 ad
2857 559 3056 602 servos
3077 548 3318 619 veniret,
3343 552 3413 608 de
3437 570 3542 612 an-

1889 613 2024 670 cilla
2053 619 2354 678 veritatem
2389 624 2586 682 formae
2617 630 2846 686 servilis
2876 637 3122 708 accepit.

1967 706 2056 801 22.
2087 710 2198 766 Sed
2222 711 2398 782 hujus
2422 715 2623 773 formas
2659 720 2906 779 servillis
2925 706 3173 798 acceptae
3197 732 3536 801 mysterium

1889 799 2128 871 quidam
2161 801 2357 858 minus
2399 804 2810 880 intelligentes,
2842 828 2975 868 cum
3007 831 3040 868 a
3073 799 3542 878 nobis—audiunt

1891 906 2067 944 unam
2094 893 2397 961 praedicari
2429 899 2646 952 sanctae
2657 897 2961 956 Trinitatis
2976 905 3316 974 essentiam,
3332 909 3418 966 vel
3436 928 3537 968 ne-

1887 983 2048 1050 gant,
2064 979 2436 1039 vcldubitant
2457 986 2715 1056 potuisse
2738 987 2860 1042 fieri
2885 997 2947 1045 ut
2969 991 3171 1063 Filius,
3204 997 3304 1067 qui
3328 1015 3540 1056 secun-

1889 1069 2028 1160 dum
2049 1071 2412 1127 divinitatem
2438 1089 2472 1127 a
2493 1077 2660 1130 Patre
2683 1081 2739 1130 et
2765 1076 2984 1149 Spiritu
3008 1089 3210 1140 sancto
3244 1087 3516 1160 insepara

1889 1158 2024 1215 bilis
2058 1161 2409 1230 praedicatur
2430 1180 2463 1216 a
2494 1164 2684 1234 nobis,
2717 1169 2774 1221 et
2805 1168 2966 1225 solus
2991 1187 3092 1241 pro
3121 1174 3291 1231 nobis
3323 1158 3533 1235 verita-

1889 1251 2002 1303 tem
2037 1251 2234 1305 formae
2268 1252 2496 1307 servilis
2539 1255 2847 1326 acciperet,
2879 1263 2946 1314 et
2977 1261 3364 1323 nihilominus
3397 1284 3531 1326 cum

1891 1343 2052 1396 Patre
2067 1347 2120 1394 et
2137 1339 2348 1412 Spiritu
2365 1346 2564 1398 sancto
2581 1343 2994 1415 inseparabilis
3011 1362 3399 1421 permaneret.
3423 1360 3534 1414 Sed

1886 1427 2006 1483 illis
2042 1429 2145 1485 hoc
2177 1430 2470 1486 videretur
2499 1431 2630 1487 sino
2653 1433 2832 1492 dubio
2861 1436 3242 1510 impossibile,
3267 1445 3368 1516 qui
3396 1445 3542 1502 invi-

1889 1517 2083 1573 sibilia
2113 1519 2216 1574 Dei
2247 1535 2348 1591 per
2377 1537 2444 1575 ea
2475 1537 2603 1592 quae
2635 1521 2786 1578 facta
2817 1530 2974 1594 sunt,
3007 1528 3146 1599 quia
3177 1547 3292 1587 non
3330 1533 3540 1592 intelli-

1888 1611 2054 1678 gunt,
2095 1625 2205 1662 non
2238 1609 2618 1680 conspiciunt.
2656 1612 2762 1675 Qui
2810 1613 2857 1667 si
2895 1631 3269 1675 communem
3310 1626 3532 1680 naturas

1890 1696 2163 1752 humanae
2180 1715 2285 1752 usu
2298 1715 2350 1752 m
2367 1701 2756 1769 attenderent,
2770 1703 2948 1759 etiam
2975 1705 3033 1760 in
3061 1706 3158 1763 illo
3179 1727 3390 1783 magno
3408 1714 3499 1785 pie
3515 1745 3539 1758 -

105 1779 217 1841 loco
258 1786 434 1844 dicit:
463 1788 606 1844 Cum
652 1790 862 1842 venerit
891 1788 1218 1844 Puractetus
1247 1804 1408 1861 quem
1437 1801 1530 1857 ego
1561 1784 1778 1840 mittam
1807 1801 1855 1868 Β
1887 1786 2020 1841 tatis
2052 1793 2416 1843 sacramento
2441 1793 2624 1843 rectas
2659 1790 3061 1864 intelligentia
3088 1779 3528 1857 lineas‘inveni-

108 1875 241 1930 vobis
267 1893 299 1930 a
327 1877 511 1940 Patre,
541 1876 817 1945 Spiritum
843 1878 1098 1932 veritatis
1118 1880 1214 1948 qui
1248 1893 1280 1930 a
1312 1877 1485 1930 Patre
1509 1873 1774 1946 procedit:

110 1964 191 2019 itte
210 1965 581 2021 testimonium
607 1966 915 2038 perhi’tebit
929 1967 995 2022 de
1009 1981 1102 2020 me
1121 1966 1305 2036 (Joan.
1340 1981 1434 2029 xv,
1483 1965 1599 2032 16).
1624 1964 1773 2033 Maje

114 2059 214 2108 stas
251 2061 442 2110 autem
477 2054 667 2110 Patris
699 2061 754 2110 et
804 2054 931 2110 Filii
992 2071 1108 2110 una
1191 2059 1304 2122 est,
1335 2055 1484 2109 417
1523 2069 1649 2124 quas
1700 2052 1772 2106 de

115 2142 236 2197 ccelo
250 2160 356 2199 non
372 2145 680 2200 descendit
699 2145 771 2200 ad
797 2143 1012 2200 locum.
1037 2145 1279 2199 Summa
1299 2144 1533 2216 quique
1557 2159 1623 2199 ac
1641 2158 1772 2198 vera

114 2229 364 2289 divinitas
389 2235 458 2290 de
490 2233 617 2289 loco
652 2234 719 2288 ad
746 2233 936 2289 locum
962 2235 1210 2289 transire
1239 2251 1353 2288 non
1398 2237 1608 2302 potest,
1631 2232 1772 2303 quia

121 2335 332 2392 semper
358 2323 575 2394 ubique
606 2329 727 2378 tota
755 2331 863 2379 est.
891 2323 1102 2378 Eadem
1119 2323 1335 2393 quippe
1355 2322 1660 2378 Trinitatis
1683 2325 1772 2375 est

119 2424 220 2465 una
241 2414 538 2485 majestas,
559 2429 636 2484 qu
653 2429 698 2466 a3
722 2411 1064 2468 naturaliter
1091 2428 1205 2467 una
1219 2417 1309 2468 est
1328 2410 1772 2467 immonsadivi-

115 2498 272 2556 nitas.
292 2503 421 2568 Sed,
451 2507 513 2556 ut
537 2502 812 2574 superius
834 2501 976 2569 dixi,
994 2501 1079 2557 sic
1101 2512 1187 2556 est
1204 2501 1511 2556 Trinitatis
1537 2517 1654 2555 una
1677 2517 1772 2554 na-

115 2595 251 2650 tura.
274 2596 337 2646 ut
356 2608 473 2646 non
495 2591 700 2646 situna
719 2607 988 2663 persona.
1013 2590 1266 2646 Proinde
1281 2589 1480 2655 Filius,
1499 2595 1768 2643 manente

112 2681 490 2738 immensitate
517 2679 841 2751 majestatis
872 2696 1013 2743 suae,
1039 2695 1218 2751 quam
1248 2678 1578 2732 habetcum
1602 2680 1766 2732 Patre

110 2773 153 2823 et
182 2769 394 2840 Spiritu
413 2774 617 2826 sancto
635 2786 1036 2838 communem,
1061 2768 1226 2826 solus
1249 2768 1570 2823 humanam
1596 2772 1767 2822 natu-

109 2871 218 2912 ram
253 2860 306 2913 in
340 2861 563 2916 unitate
594 2875 854 2930 persona:
888 2876 1006 2914 suae
1055 2859 1299 2930 accepit.
1334 2857 1437 2912 Cui
1461 2862 1766 2928 propterea

108 2961 210 3003 non
231 2955 318 3004 est
343 2965 477 3005 cum
511 2950 682 3004 Patre
705 2953 761 3004 et
787 2949 1010 3020 Spiritu
1036 2954 1238 3004 sancto
1270 2945 1606 3004 communio
1627 2963 1762 3002 sus-

109 3042 269 3106 ceptae
298 3038 516 3106 carnis,
554 3036 694 3109 quia
732 3037 890 3092 Patri
919 3042 976 3092 et
1008 3037 1156 3093 Filio
1185 3039 1242 3092 et
1279 3035 1521 3108 Spiritui
1557 3039 1760 3092 sancto

111 3139 208 3178 non
241 3131 328 3182 est
359 3143 605 3199 persona
635 3126 995 3182 communis.

163 3218 249 3270 21.
283 3217 446 3272 [llam
473 3217 674 3289 itaque
710 3216 860 3273 servi
901 3218 1150 3272 formam
1170 3219 1292 3271 tota
1327 3215 1584 3270 Trinitas
1622 3215 1756 3270 fecit

35 3341 56 3364 ι
111 3320 272 3374 quam
297 3311 493 3362 tamen
516 3306 576 3361 in
605 3321 915 3378 personam
937 3322 1106 3361 suam
1131 3304 1306 3360 Filius
1331 3304 1495 3360 solus
1517 3304 1761 3374 accepit.

111 3408 222 3463 [pse
244 3396 400 3453 enim
423 3396 690 3452 solusest
710 3396 994 3463 Verbum,
1012 3401 1071 3451 et
1094 3393 1467 3466 Evangelista
1482 3394 1763 3450 veraciter

111 3484 256 3552 dicit,
292 3487 532 3542 Verbum
552 3501 681 3540 caro
700 3489 914 3556 factum
935 3490 1014 3540 est
1034 3487 1208 3549 (Joan.
1238 3502 1278 3554 ι,
1301 3485 1366 3538 14
1390 3488 1426 3554 ),
1447 3484 1538 3540 cui
1561 3487 1758 3540 tamen

110 3579 158 3628 ut
187 3591 317 3631 caro
347 3575 512 3632 ﬂeret
534 3591 648 3630 non
668 3574 867 3647 aliquo
889 3574 1002 3629 alio
1027 3574 1214 3630 Verbo
1235 3573 1534 3629 mandavit
1553 3572 1753 3629 Pater:

111 3677 276 3720 unum
294 3665 450 3720 enim
465 3663 723 3719 Verbum
739 3663 914 3719 habet
935 3665 1238 3735 Pater,per
1253 3663 1400 3735 quod
1416 3663 1610 3718 omnia
1625 3664 1760 3719 fecit

110 3761 150 3804 et
174 3753 304 3809 facit
331 3771 432 3826 per
454 3755 611 3825 quod
637 3754 838 3809 omnia
868 3754 1014 3808 dixit
1043 3758 1100 3809 et
1128 3753 1289 3809 dicit.
1311 3753 1429 3808 Hoc
1446 3753 1701 3810 Verbum
1725 3771 1758 3809 a

112 3837 261 3898 Patre
283 3847 530 3900 missum
555 3842 907 3914 est,quando
929 3841 1184 3898 Verbum
1207 3858 1340 3899 curo
1383 3843 1598 3898 factum
1625 3847 1714 3898 est
1740 3860 1752 3898 :

113 3940 714 3997 sedutmittereturnon
732 3938 1544 4011 eialiquibustranseuntibus
1565 3940 1758 3996 verbis

114 4016 326 4078 locutus
342 4029 431 4078 est
443 4023 632 4078 Pater.
652 4022 950 4078 lEternum
971 4021 1189 4093 quippe
1204 4020 1463 4076 Verbum
1482 4023 1553 4076 de
1591 4021 1757 4077 Patre

118 4112 442 4178 natum,hoc
460 4115 551 4167 est
563 4117 908 4178 aeternum,a
921 4109 1756 4182 Patremandatum,quiaaater-

118 4210 178 4252 na
201 4199 317 4255 Filii
341 4199 800 4272 generatio,ipsa
825 4203 915 4254 est
940 4198 1125 4254 Patris
1147 4202 1360 4255 aeterna
1381 4197 1615 4256 locutio.
1640 4199 1758 4255 Hoc

118 4285 351 4345 Verbum
376 4295 517 4345 tunc
536 4288 608 4344 ab
634 4303 991 4360 unoquoque
1011 4287 1265 4356 auditur,
1289 4289 1523 4360 quando
1545 4289 1759 4346 veritas

117 4372 424 4434 divinitatis
447 4383 544 4449 atq
556 4393 626 4432 ue
639 4376 1062 4433 incarnationis
1076 4377 1431 4449 agnoscitur.
1447 4377 1594 4434 Nam
1609 4378 1762 4442 sicut

121 4468 506 4539 unusquisque
527 4467 701 4522 homo
724 4467 965 4522 verbum
991 4467 1168 4522 habet
1195 4465 1255 4521 in
1286 4468 1482 4534 corde,
1506 4469 1646 4524 dum
1671 4485 1760 4524 co-

1886 1879 2032 1930 rent.
2065 1875 2350 1940 Quoniam
2382 1877 2564 1948 igitur
2586 1895 2701 1933 una
2731 1884 2820 1934 est
2851 1897 2980 1937 vera
3002 1883 3277 1943 divinitas
3319 1905 3446 1960 quae
3470 1893 3525 1946 in

1885 1965 2078 2037 seipse.
2123 1968 2239 2020 tres
2281 1965 2449 2021 habet
2490 1967 2912 2038 inscparabiles
2955 1973 3195 2028 omnino
3226 1991 3533 2048 personas,

1883 2059 2118 2127 propter
2141 2056 2294 2126 quod
2319 2056 2445 2126 ipsa
2460 2055 2716 2112 Trinitas
2751 2075 2904 2115 unus
2927 2066 3018 2116 est
3049 2065 3361 2134 Deus,etin
3377 2083 3531 2125 crea~

1882 2143 2030 2198 turis
2049 2142 2208 2199 nulla
2221 2149 2428 2200 natura
2441 2144 2499 2199 in
2515 2145 2702 2201 tribus
2717 2148 2980 2218 personis
3002 2149 3414 2222 inseparabilis
3437 2159 3525 2213 in-

1881 2234 2128 2303 venitur,
2154 2234 2531 2289 attendamus
2561 2235 2701 2306 quid
2734 2242 2941 2308 agatur
2965 2238 3023 2292 in
3059 2256 3411 2315 unoquoque
3434 2245 3532 2302 bo-

1881 2322 2122 2389 mine,in
2155 2338 2270 2394 quo
2301 2339 2417 2377 non
2450 2327 2569 2378 tres
2600 2339 2879 2395 personas
2911 2325 2966 2380 in
2989 2343 3105 2383 una
3135 2334 3522 2400 natura,4l8

1881 2415 1980 2466 sed
2015 2413 2163 2468 duas
2195 2416 2436 2467 naturas
2469 2413 2799 2469 invenimus
2832 2415 2888 2469 in
2921 2432 3033 2472 una
3066 2433 3332 2488 persona.
3373 2424 3522 2480 Deus

1880 2501 2096 2573 quippe
2128 2501 2379 2556 mirabili
2411 2503 2646 2558 virtutis
2679 2520 2871 2574 opere,
2918 2521 2986 2560 ex
3016 2506 3249 2564 duabus
3276 2512 3525 2582 naturis,

1879 2589 1987 2645 hoc
2018 2596 2106 2645 est
2128 2590 2327 2646 anima
2349 2591 2620 2647 rationali
2644 2597 2700 2648 et
2722 2609 3105 2662 carno,unam
3130 2605 3395 2656 naturam
3429 2601 3532 2658 ho-

1878 2679 2055 2734 minis
2087 2682 2500 2752 composuit,et
2523 2683 2580 2736 in
2604 2683 2802 2738 anima
2830 2688 2886 2738 et
2915 2701 3088 2742 carne
3124 2705 3296 2744 unam
3326 2707 3524 2763 perso-

1878 2785 2014 2824 nam
2050 2769 2304 2825 hominis
2329 2787 2562 2825 manere
2579 2773 3098 2844 praecepitEccein
3136 2777 3524 2840 hominesunt

1877 2858 2004 2912 dote
2037 2863 2256 2913 natura:
2286 2857 2344 2912 in
2361 2875 2479 2914 una
2509 2861 3235 2931 personazsicTrinitatem
3265 2868 3518 2928 dicimus

1871 2952 1992 3004 tres
2027 2965 2304 3020 personas
2329 2947 2388 3002 in
2432 2965 2549 3004 una
2577 2955 2806 3005 natura.

1941 3038 2425 3107 23,Attendamus
2448 3053 2585 3110 ergo
2627 3038 2766 3094 hica
2795 3039 3026 3096 duabus
3056 3041 3190 3097 istis
3211 3047 3512 3104 naturisin

1789 3169 1833 3242 Ο
1873 3143 1989 3182 una
2023 3127 2658 3199 personamanentibus
2680 3128 2948 3198 quaedam
2964 3132 3353 3188 communiter
3369 3137 3515 3206 ﬁeri,

1876 3233 1974 3242 ...ιη
2018 3217 2406 3242 ,ΑΜ-...ηειλκ
2442 3215 2524 3242 ..λι
2568 3215 2748 3242 ..ι-,εκζ
2805 3216 2886 3242 ..-Ι
2935 3217 3132 3242 ι.-ι.-..ξ
3201 3221 3335 3242 x?___
3366 3241 3409 3242 ,,
3453 3225 3463 3237 ο

1874 3233 1975 3271 nec
2015 3217 2406 3272 communiter
2442 3215 2529 3271 vel
2567 3215 2774 3286 accipi,
2805 3216 2889 3272 vel
2935 3217 3158 3275 haberi.
3199 3221 3418 3296 Nempe
3449 3225 3508 3282 in

1872 3307 2041 3361 nobis
2070 3305 2216 3378 ipsis
2247 3304 2468 3376 aliquid
2495 3321 2608 3360 uno
2633 3305 2755 3361 ﬁeri
2777 3307 2970 3363 carnis
2999 3313 3058 3364 et
3080 3309 3291 3367 animae
3319 3312 3512 3372 ofﬁcio

1867 3394 2222 3460 invenimus,
2255 3394 2406 3464 quod
2443 3398 2634 3448 tamen
2665 3399 2770 3449 aut
2789 3395 2980 3451 carnis
3005 3401 3362 3468 tantum,aut
3393 3405 3513 3460 ani-

1869 3501 1980 3540 mae
2010 3481 2718 3555 deputamusﬂertissime
2751 3500 3002 3557 namque
3044 3489 3199 3544 sicut
3227 3506 3362 3549 caro
3393 3493 3518 3552 sola

1869 3575 2014 3630 cibis
2033 3570 2434 3643 corporalibus
2457 3571 2823 3644 paseitur,sic
2845 3575 3044 3632 anima
3072 3580 3245 3637 verbo
3274 3581 3376 3638 Dei
3401 3583 3520 3653 spi-

1869 3664 2114 3720 ritaliter
2145 3661 2453 3718 enutritur.
2490 3662 2558 3717 Et
2587 3667 2783 3718 tamen
2817 3669 2882 3720 ut
2913 3682 3046 3723 caro
3091 3684 3218 3740 quae
3258 3672 3331 3727 de
3360 3676 3515 3730 terra

1867 3756 2020 3810 facta
2050 3757 2128 3809 est
2155 3753 2403 3808 terrenis
2435 3755 2709 3823 pascatur
2736 3753 2902 3822 cibis,
2937 3764 3282 3830 coeperante
3311 3763 3511 3819 anima

1867 3842 2139 3910 comedit,
2173 3842 2642 3913 quandoquidem
2675 3860 2744 3899 ex
2773 3845 2968 3901 anima
2998 3846 3156 3918 vivit,
3180 3853 3236 3904 et
3265 3849 3394 3907 ideo
3425 3868 3520 3908 co-

1870 3933 2050 3988 medit
2079 3931 2218 4005 quia
2245 3932 2386 3986 vivit
2406 3932 2624 3988 utiliter
2645 3931 2868 3990 habens
2902 3935 2959 3991 in
2993 3937 3251 4010 seipsum
3275 3956 3519 4012 operan-

1868 4025 1940 4080 tis
1973 4023 2220 4079 alterum
2253 4039 2453 4078 secum
2477 4023 2687 4080 animae
2711 4028 3078 4096 cooperantis
3099 4029 3384 4100 ofﬁcium,
3418 4033 3513 4089 cui

1866 4112 2043 4170 simul
2069 4113 2222 4168 inest
2249 4117 2306 4168 et
2335 4128 2404 4168 ex
2433 4113 2551 4169 vita
2581 4119 2646 4168 ut
2671 4115 3020 4182 comedat,et
3049 4132 3116 4171 ex
3145 4118 3292 4174 cibis
3333 4124 3395 4176 ut
3422 4122 3507 4176 vi-

1866 4209 1978 4261 vat.
2013 4204 2156 4259 Cum
2189 4219 2325 4275 ergo
2357 4204 2526 4258 cibus
2556 4206 3169 4270 sumitur,communis
3199 4213 3288 4264 est
3317 4225 3512 4282 opera-

1867 4294 1948 4349 tio
1973 4292 2166 4348 carnis
2188 4303 2245 4348 et
2269 4291 2476 4347 animae
2510 4309 2524 4346 :
2553 4292 2654 4362 qui
2691 4297 2886 4348 tamen
2917 4293 3086 4350 cibus
3109 4296 3180 4350 ad
3199 4295 3391 4354 solum
3415 4298 3510 4354 in-

1866 4382 2099 4437 venitur
2122 4396 2356 4436 carnem
2407 4381 2638 4451 proprie
2683 4381 2992 4452 pertinere.
3028 4384 3090 4437 In
3137 4386 3512 4458 percipiendo

1871 4487 2103 4542 quoque
2128 4469 2301 4525 verbo
2320 4467 2436 4534 Dei,
2463 4484 2577 4538 quo
2590 4467 2842 4540 spiritali
2873 4469 3003 4524 cibo
3027 4470 3218 4526 anima
3243 4471 3369 4528 sola
3389 4490 3522 4546 pas-

121 4551 265 4623 gitat,
302 4556 460 4628 quod
500 4555 748 4610 verbum
797 4556 950 4610 foras
997 4570 1113 4609 non
1163 4553 1434 4610 educitur
1472 4555 1586 4612 nisi
1615 4572 1752 4612 voce
1785 4546 1830 4611 D
1862 4560 2032 4625 citur,
2057 4564 2123 4614 ut
2145 4558 2216 4613 ad
2247 4557 2519 4613 eumdem
2554 4556 2852 4627 perveniat
2884 4557 3296 4629 cibum,utitur
3326 4562 3520 4621 ofﬁcio

122 4655 370 4713 corporea
399 4645 703 4710 vestiatur,
737 4645 877 4715 quia
895 4660 995 4716 per
1017 4660 1214 4700 vocem
1237 4649 1536 4718 acceptam
1562 4651 1750 4718 potest

123 4727 168 4785 in
193 4733 436 4790 aliorum
465 4733 662 4789 venire
687 4733 954 4788 notitiam
986 4749 1154 4801 ;cum
1186 4749 1319 4789 vero
1351 4733 1494 4789 illud
1515 4737 1757 4793 verbum

124 4833 237 4878 voce
267 4823 564 4897 loquentis
587 4823 936 4893 ostenditur,
973 4821 1307 4879 nullatenus
1355 4824 1426 4880 de
1457 4825 1649 4882 cordis
1672 4827 1760 4882 in-

127 4902 250 4961 timo
278 4911 606 4979 separatur,
639 4905 742 4961 sed
777 4905 883 4960 hoc
913 4904 1265 4962 mirabiliter
1290 4906 1356 4962 ﬁt
1389 4913 1452 4963 ut
1481 4913 1538 4966 et
1575 4915 1760 4968 totum

124 4995 177 5049 ad
207 4995 350 5052 alios
380 5011 662 5067 corporea
692 4993 984 5050 locutione
1008 4995 1324 5065 perveniat,
1350 4999 1405 5052 et
1427 5000 1616 5055 totum
1640 5001 1759 5072 spi-

122 5085 349 5141 ritaliter
394 5085 455 5140 in
505 5084 681 5140 corde
721 5084 1014 5154 loquentis
1053 5089 1430 5156 permaneat;
1463 5087 1547 5143 sic
1586 5091 1759 5146 etiam

121 5171 355 5231 Verbum
403 5173 508 5229 Dei
561 5173 751 5228 Patris
784 5178 988 5227 natum
1020 5171 1292 5228 de-Patre
1324 5176 1652 5246 permansit
1703 5179 1762 5234 in

117 5258 311 5318 Patre:
349 5262 506 5336 quod
542 5279 574 5316 a
605 5260 775 5316 nobis
808 5259 1140 5316 nullatenus
1175 5267 1614 5334 agnosceretur,
1648 5268 1761 5323 nisi

115 5351 302 5407 carnis
331 5351 690 5421 substantia,
722 5356 1003 5421 tanquam
1035 5366 1173 5406 voce
1211 5369 1489 5425 corporea
1521 5359 1764 5413 vestire-

113 5443 220 5497 tor.
249 5441 328 5494 lta
353 5445 543 5496 totum
568 5440 640 5496 ad
667 5439 1057 5505 nosVerbum,
1085 5441 1324 5509 quando
1349 5441 1604 5501 Verbum
1633 5463 1766 5503 caro

111 5529 324 5588 factum
345 5534 457 5600 est,
484 5531 671 5595 venit,
695 5532 885 5583 totum
909 5527 1065 5599 apud
1087 5527 1312 5585 Patrem
1339 5530 1605 5602 spiritale
1634 5551 1764 5606 per-

111 5619 354 5678 mansit:
400 5618 626 5693 mquale
656 5616 812 5673 Patri
838 5617 908 5672 de
934 5633 1052 5688 quo
1073 5632 1307 5689 semper
1334 5623 1425 5675 est
1453 5625 1677 5691 natum,
1711 5628 1771 5681 et

111 5716 171 5768 ut
197 5726 236 5767 ι
270 5709 434 5766 nobis
457 5706 677 5782 percipi
699 5711 918 5779 posset,
940 5705 1135 5762 carnis
1156 5703 1412 5779 accepta
1438 5713 1626 5780 gratia
1659 5715 1768 5771 mi'

440 5824 714 5891 ΡΑτισι..
761 5826 939 5890 LXV.

1860 4648 2276 4707 autoculorum
2292 4652 2392 4703 aut
2409 4647 2666 4703 aurium.
2693 4653 2772 4702 Ac
2797 4663 2898 4719 per
2918 4647 3028 4704 hoc
3043 4653 3107 4705 ut
3128 4649 3519 4727 interiusipsa

1871 4743 2166 4814 pascatur,
2184 4753 2297 4793 non
2331 4735 2458 4792 sine
2488 4736 2682 4792 carnis
2712 4737 3046 4810 operatione
3077 4741 3522 4814 perﬁcitur.Sic-

1872 4834 1938 4885 ut
1966 4843 2103 4899 ergo
2134 4827 2228 4880 hic
2281 4825 2586 4896 utriusque
2644 4829 2866 4883 naturae
2914 4828 3211 4886 invenitur
3240 4833 3523 4904 operatio,

1871 4935 2004 4976 cum
2029 4917 2103 4972 sit
2136 4915 2310 4970 unius
2341 4916 2706 4986 acceptio,ita
2728 4917 3040 4976 credamus
3060 4919 3382 4976 humanam
3419 4938 3521 4977 na-

1875 5013 2065 5064 turam
2095 5005 2384 5076 Unigeniti
2414 5004 2515 5061 Dei
2547 5005 2722 5061 simul
2755 5023 2788 5061 a
2819 5006 3003 5073 Patre,
3035 5013 3093 5063 et
3124 5009 3287 5073 Filio,
3306 5015 3364 5065 et
3389 5009 3517 5081 Spi-

1872 5097 1985 5152 ritu
2008 5100 2209 5152 sancto
2239 5095 2576 5160 factam,sed
2610 5111 2642 5150 a
2671 5093 2794 5150 solo
2827 5094 2967 5150 Filio
3000 5111 3103 5166 pro
3119 5100 3320 5153 nostra
3339 5095 3521 5153 mise-

1875 5184 2180 5245 ricorditer
2209 5183 2401 5240 salute
2445 5188 2800 5254 susceptam.

1943 5275 2222 5332 24.Addis
2252 5275 2470 5329 interea
2503 5274 2814 5344 quemdam
2845 5288 2912 5328 ex
2945 5273 3109 5329 vobis
3139 5275 3194 5329 in
3231 5273 3327 5330 illo
3361 5278 3524 5347 post-

1878 5365 2116 5422 modum
2149 5363 2364 5419 dixisse
2396 5360 2826 5432 convivio,quod
2855 5377 3093 5427 muscas,
3117 5365 3345 5434 putices,
3375 5380 3529 5420 scor-

1877 5458 2062 5528 piones
2090 5458 2142 5508 et
2167 5451 2389 5507 cimices
2417 5452 2555 5505 Deus
2589 5465 2700 5505 non
2727 5449 2879 5519 lecit,
2909 5451 3001 5506 sed
3025 5457 3142 5524 post
3178 5452 3530 5522 deiectionem

1878 5541 2074 5612 angeli
2104 5541 2262 5596 illius
2291 5538 2516 5607 indigni
2559 5537 2786 5604 diaboli,
2812 5538 2928 5594 hac
2947 5543 3137 5596 omnia
3165 5543 3234 5598 ab
3263 5543 3381 5614 ipso
3409 5542 3528 5600 dia-

1880 5635 2000 5690 bolo
2021 5632 2168 5704 {acta
2196 5631 2326 5686 sint.
2363 5633 2429 5685 Et
2449 5628 2582 5684 dum
2625 5626 2878 5685 diceretis
2904 5633 3037 5702 quia
3068 5634 3254 5688 omnia
3285 5635 3424 5691 Deus
3453 5635 3532 5705 fe-

1879 5723 1974 5792 cit,
1993 5719 2043 5780 et
2064 5712 2177 5778 hac
2197 5721 2338 5778 bona
2354 5717 2540 5788 valde,
2566 5718 2738 5776 discit.
2755 5719 2898 5793 quod
2925 5737 3014 5778 me
3025 5720 3092 5778 de
3109 5721 3214 5780 hoc
3231 5724 3535 5782 consulere-

3181 5845 3254 5902 i9
