3878 6324
168 366 254 428 589

981 369 1084 428 DE
1123 367 1739 429 INCARNATIONE
1789 371 1975 432 FlLII
2025 375 2153 438 DEI
2203 385 2434 446 LIBER
2485 390 2730 453 UNUS.

3452 407 3572 470 590

173 505 259 557 tate
282 504 452 616 ιι)θῖ
488 499 726 573 aliquis
751 518 867 602 0?“
899 501 1019 557 V0"
1039 503 1273 616 "ﬁdem
1302 509 1528 616 ξτεζδίδξδ
1562 505 1616 560 in
1649 507 1803 560 terra
1832 505 1886 572 Α
1917 533 2252 601 nutissima,
2273 539 2690 607 qmel‘acillime
2717 553 2962 616 possunt
2984 550 3212 608 duobus
3236 559 3461 613 tantum
3479 557 3572 615 di-

175 607 363 647 muscas
392 595 583 663 atque
618 591 980 662 scorpiones,
1015 591 1236 662 pulices
1268 597 1325 648 et
1355 592 1608 660 cimices,
1634 612 1665 649 a
1697 612 1807 666 quo

183 697 345 752 negare
371 697 492 736 non
530 684 730 752 potest
760 686 984 737 creatos
1007 697 1137 736 esse
1167 682 1223 737 in
1250 683 1584 738 cmlestibus
1633 684 1810 740 Thro-

183 787 276 838 ηομ,
290 769 754 839 Dominationes,
773 769 1139 840 Principatus
1161 775 1219 826 et
1249 772 1572 828 Potestates
1591 773 1618 826 ?
1634 775 1806 846 Ergo-

186 877 236 916 ne
257 866 391 916 Deus
425 859 524 914 ille
557 860 662 931 qui
697 876 875 932 super
900 860 1110 916 caelum
1144 877 1346 916 creans
1371 863 1676 918 constituit
1706 880 1806 918 an-

183 951 357 1024 gelicas
382 953 672 1025 legiones,
709 953 1011 1023 negandus
1041 958 1131 1009 est
1161 952 1217 1008 in
1250 958 1406 1009 terra
1435 955 1622 1011 facere
1650 972 1808 1010 scor-

184 1042 370 1113 piones,
397 1043 455 1096 in
479 1059 599 1113 qua
620 1042 758 1097 fecit
782 1043 1069 1110 homines,
1100 1042 1233 1098 fecit
1255 1043 1474 1100 bestias
1497 1050 1555 1100 et
1578 1061 1808 1116 pecora,

178 1132 286 1186 fecit
309 1148 442 1186 aves
473 1137 533 1186 et
564 1132 759 1202 pisces
778 1131 806 1186 ?

229 1224 307 1276 28.
336 1220 514 1288 Quid,
549 1237 776 1292 quaeso,
807 1221 863 1275 in
899 1220 968 1274 iis
1000 1222 1410 1292 scorpionibus
1443 1224 1812 1295 displicet,ut

174 1325 253 1366 eos
281 1311 600 1382 quisquam
625 1310 922 1366 existimet
943 1328 976 1365 a
1007 1311 1121 1366 Deo
1147 1328 1259 1367 non
1286 1315 1468 1368 factos
1488 1313 1515 1368 ?
1545 1314 1700 1369 Nihil
1723 1321 1814 1371 est

168 1400 302 1455 enim
333 1399 392 1454 in
428 1415 675 1470 corpore
705 1400 1032 1470 scorpionis
1060 1402 1211 1470 quod
1239 1419 1352 1457 non
1382 1402 1616 1458 laudem
1668 1404 1811 1459 insi-

167 1495 286 1545 nuet
312 1488 630 1546 Creatoris.
660 1489 937 1546 Primitus
966 1491 1094 1562 ipsa
1114 1508 1425 1564 compages
1473 1495 1728 1550 adunata
1757 1500 1816 1550 et

167 1579 484 1635 modiﬁcata
501 1579 1388 1652 membrorum,congruentiaet
1406 1583 1671 1653 parilitas
1690 1602 1814 1656 par-

166 1668 540 1735 tinm,deinde
559 1667 756 1724 anima
775 1669 1100 1739 viviﬁcans,
1121 1675 1176 1725 et
1202 1671 1552 1729 sensiﬁcans
1571 1691 1812 1746 corpus;

173 1772 274 1827 qua
303 1758 507 1812 omnia
548 1755 700 1812 bona
731 1771 860 1811 esse
891 1757 1026 1828 quis
1075 1757 1382 1830 ambigat?
1414 1760 1523 1815 Sed
1559 1761 1814 1832 profecto

74 1899 80 1916 __
172 1847 238 1901 vis
259 1844 360 1901 illa
387 1845 600 1901 veneni
635 1862 762 1917 qua:
785 1845 1082 1901 invenitur
1103 1846 1442 1904 hominibus
1466 1851 1809 1921 perniciosa,

72 1919 76 1952 ⁷
171 1941 218 1990 ut
239 1940 482 2006 putatur
519 1934 580 1990 in
605 1951 847 2006 corpore
875 1935 1204 2007 scorpionis
1236 1919 1552 2004 horrenda,
1588 1940 1685 1995 ubi
1713 1942 1820 1996 uti-

70 2033 72 2042 '
171 2041 285 2079 nam
315 2025 615 2080 discerent
640 2024 910 2080 homines
931 2041 1163 2096 penam
1188 2041 1308 2081 suae
1330 2029 1817 2100 transgressionis

168 2113 472 2182 attendere,
487 2120 548 2169 et
569 2114 1185 2170 desinerentbonaDei
1207 2132 1381 2188 opera
1403 2117 1632 2174 diabolo
1652 2136 1816 2176 men-

167 2204 370 2258 daciter
390 2202 735 2275 assignare!
773 2203 966 2259 Minus
990 2203 1144 2258 enim
1179 2206 1488 2262 attendunt
1527 2213 1817 2278 quantum

164 2298 315 2347 anter
339 2308 516 2364 opera
549 2291 646 2348 Dei
676 2291 861 2347 valeat
892 2294 1271 2364 congruentia
1302 2295 1606 2365 naturalis,
1630 2315 1818 2369 quan-

165 2386 396 2454 tumque
428 2382 613 2453 prosit
640 2381 815 2437 rebus
853 2381 1104 2454 singulis
1137 2384 1365 2454 modus,
1399 2385 1486 2441 vel
1531 2391 1819 2458 quantum

165 2478 359 2526 noceat
392 2471 904 2526 immoderationis
925 2487 1203 2528 excessus
1230 2476 1446 2542 :(textus
1461 2472 1818 2546 deprauatus)

164 2576 290 2631 quae
321 2577 447 2616 cum
479 2561 735 2616 multum
765 2577 880 2616 non
913 2560 1048 2616 sivit
1077 2578 1205 2618 esse
1238 2565 1608 2635 omnipotens
1646 2568 1816 2623 Deus,

167 2650 272 2719 qui
295 2667 404 2704 non
433 2651 606 2706 etiam
640 2649 853 2720 inipsis
875 2649 1104 2707 famulis
1136 2655 1297 2723 (forte
1318 2653 1586 2725 ﬂagellis)
1620 2654 1821 2712 laudet

173 2754 350 2808 opera
379 2739 488 2808 Dei,
520 2741 761 2810 quando
782 2740 942 2796 videt
973 2747 1330 2812 peccatorem
1363 2743 1557 2799 divino
1589 2747 1821 2803 verbere

166 2828 470 2898 castigari?
491 2828 812 2884 Fecitenim
837 2829 1010 2898 Deus,
1035 2831 1188 2886 sicut
1213 2831 1499 2903 scriptum
1518 2837 1607 2888 est
1620 2837 1820 2901 (Eccle.

163 2933 263 2982 vn,
312 2917 418 2989 30),
464 2917 744 2973 hominen
789 2924 1035 2988 rectum,
1077 2937 1250 2992 quem
1306 2937 1502 2977 rerum
1553 2925 1817 2980 omnium

163 3021 311 3076 quas
339 3007 396 3062 in
437 3014 591 3063 terra
621 3013 677 3064 et
708 3009 854 3063 mari
883 3015 1175 3065 creaverat
1203 3011 1281 3066 ita
1322 3011 1560 3068 domino
1601 3014 1815 3069 consti-

162 3097 296 3162 tnit,
311 3099 455 3154 421
476 3103 672 3153 utsuae
691 3103 918 3154 tantum
939 3098 1153 3155 faceret
1167 3101 1432 3170 potestati
1449 3118 1514 3157 su
1527 3102 1816 3173 bjectum;

160 3185 228 3238 ab
262 3186 385 3257 ipso
414 3188 657 3258 exigens
687 3187 1037 3259 obsequium
1065 3188 1330 3245 debitum
1357 3191 1676 3259 servitutis,
1719 3190 1814 3246 cui

158 3273 402 3332 liberum
435 3275 996 3332 donavitarbitrium
1019 3277 1482 3344 voluntatis.Qui
1509 3281 1692 3337 donec
1707 3299 1813 3337 suo

157 3362 398 3422 Domino
426 3382 690 3438 congrua
709 3367 1012 3423 devotione
1035 3368 1292 3433 servivit,
1317 3370 1494 3425 etiam
1511 3370 1568 3424 in
1590 3371 1822 3442 bisqui-

157 3452 268 3509 bus
299 3455 407 3511 fuit
435 3457 561 3527 ipse
583 3455 853 3526 superior
884 3461 1230 3528 potestatem
1253 3459 1619 3515 inconcusse
1635 3461 1822 3516 domi-

158 3543 410 3600 nationis
440 3545 740 3605 obtinuit;
773 3559 879 3601 nec
911 3544 1134 3616 aliquid
1164 3547 1422 3617 perdidit
1455 3564 1658 3604 eorum
1688 3567 1817 3621 quis

157 3640 480 3705 acceperat,
510 3634 694 3690 donec
723 3635 842 3704 ipse
874 3635 1044 3705 plene
1071 3636 1328 3692 reddidit
1358 3639 1511 3708 quod
1543 3639 1815 3695 debebat-

157 3722 470 3778 Oti'endens
492 3729 686 3780 autem
711 3725 1022 3780 Dominum
1043 3728 1509 3798 transgressione
1534 3729 1813 3795 mandati,

158 3813 578 3869 contumeliam
628 3831 803 3885 quam
853 3815 966 3869 Deo
1004 3815 1287 3884 exhibuit,
1334 3817 1393 3870 in
1425 3833 1532 3872 suo
1576 3835 1816 3889 corpore

153 3901 351 3958 statim
367 3908 741 3975 contemptor
758 3904 983 3959 invenit
1006 3921 1019 3959 :
1039 3906 1366 3961 utdisceret
1386 3923 1563 3978 quam
1590 3909 1813 3966 malum

142 3997 296 4045 esset
340 3994 478 4064 poni
512 3993 804 4048 Creatoris
831 4000 1114 4066 praecepta
1157 4001 1551 4063 contemnere,
1579 4001 1814 4070 quando

151 4076 293 4147 ipse,
306 4088 622 4154 postquam
639 4081 970 4139 malnsesse
983 4085 1272 4155 ccepisset,
1287 4090 1629 4155 potestatem
1648 4105 1813 4144 suam

157 4156 205 4250 in
236 4171 517 4226 membris
561 4172 924 4242 genitalibus
949 4173 1320 4245 perdidisset.
1343 4177 1644 4239 Quomodo
1676 4194 1814 4250 ergo

160 4245 383 4314 ῑιιοτυω
424 4261 693 4315 omnium
725 4279 853 4333 qua:
885 4280 918 4316 a
961 4261 1076 4317 Deo
1121 4269 1428 4335 acceperat
1471 4281 1816 4336 permanere

159 4341 423 4403 dominus
447 4355 670 4419 posset,
692 4352 789 4421 qui
817 4351 1131 4407 Dominum
1155 4357 1537 4410 contemnens
1556 4356 1818 4412 domina‘

163 4429 480 4514 tionisjura
511 4437 571 4493 in
605 4455 714 4495 suo
746 4440 932 4510 primo
971 4457 1213 4512 corpore
1246 4443 1638 4512 perdidisset?
1669 4445 1814 4502 Hinc

158 4519 270 4578 Jam
300 4525 492 4597 ipsum
518 4543 753 4599 quoque
783 4545 995 4602 corpus
1018 4531 1232 4587 habere
1259 4533 1431 4602 carpit
1455 4532 1808 4590 infirmitati-

1913 621 2051 692 gitis
2069 638 2408 695 compressa
2423 629 3048 700 interimi,nullatenus
3065 646 3395 709 possuntad
3412 645 3577 703 ωδε-

1914 711 2284 768 suetudinem
2317 719 2638 787 pervenire,
2677 720 2734 776 id
2780 731 2868 778 est
2901 730 3176 785 revocari.
3217 731 3336 788 Hoc
3374 719 3570 792 autem

1914 805 2218 870 propterea
2249 805 2447 860 divino
2482 809 2694 864 factum
2731 817 2957 870 constat
2980 833 3107 872 esse
3129 819 3379 889 judicio,
3408 828 3475 878 ut
3504 824 3573 880 ὣς

1913 889 1985 943 iis
2000 891 2222 981 quibus
2237 894 2784 968 dominaturhomo,
2800 912 3469 981 cognosceretquantam
3485 897 3572 970 d‘i-

1913 980 2194 1049 gnitatem
2227 987 2362 1040 ante
2393 990 2916 1057 transgressionem
2967 980 3218 1064 habuitt
3249 1005 3305 1054 et
3331 1017 3396 1055 ex
3429 1002 3574 1058 iis'h

1915 1069 2127 1159 quibus
2160 1073 2432 1128 turbatur
2458 1080 2514 1131 et
2545 1076 3145 1152 laeditur,agnosceret
3189 1089 3258 1143 ad
3293 1092 3572 1159 quantaih

1916 1158 2300 1228 dejectionem
2318 1167 2786 1238 transgressione
2798 1173 3061 1240 pervenit
3084 1191 3099 1242 ;
3123 1175 3181 1230 in
3200 1158 3368 1248 cujus
3384 1179 3578 1252 potes-

1914 1250 2032 1301 tate
2070 1249 2218 1304 Deus
2250 1253 2471 1322 majora
2501 1255 2748 1325 dimisit,
2781 1260 3010 1317 minora
3041 1249 3576 1325 subtraxitzvsimﬁl

1917 1339 2231 1395 ostendens
2255 1343 2395 1413 quid
2419 1345 2666 1401 contulit
2685 1347 2974 1407 Creatoris
3001 1352 3232 1412 bonitas
3255 1356 3504 1426 homini,
3522 1356 3580 1416 δι

1919 1427 2056 1498 quid
2090 1427 2286 1484 intulit
2313 1431 2590 1504 iniquitas
2621 1437 2856 1508 propria
2888 1444 3198 1512 peccatori.
3236 1446 3339 1501 Per
3374 1429 3577 1504 transi-

1917 1516 2280 1587 gressionem
2315 1520 2510 1593 itaque
2541 1526 2861 1595 primorum
2897 1530 3226 1604 hominum,
3261 1550 3331 1590 ex
3370 1534 3577 1595 merito

1918 1605 2060 1660 tanti
2092 1607 2357 1664 criminis
2380 1611 2594 1668 accidit
2624 1614 2884 1673 humano
2913 1622 3109 1689 generi
3145 1623 3455 1682 vehemens
3477 1626 3577 1682 in-

1921 1694 2170 1750 ﬁrmitas
2194 1699 2519 1769 naturalis;
2547 1708 2610 1757 ut
2641 1721 2754 1759 non
2775 1707 3130 1776 quibusdam
3154 1714 3383 1770 naturis
3407 1716 3580 1792 malis

1920 1783 2097 1839 homo
2123 1785 2373 1856 cederet,
2399 1790 2499 1844 sed
2523 1807 2591 1845 ex
2616 1791 2899 1849 bonarum
2927 1797 3395 1860 inconvenientia
3410 1783 3577 1900 natu-

1926 1890 2118 1900 ..η-...Μ
2149 1876 2430 1900 -....._I!_:_
2477 1883 2521 1900 ,Α
2555 1880 2703 1900 _-_!_
2760 1882 2773 1900 ι
2839 1883 2850 1894 ο
2906 1886 2936 1900 η
3041 1886 3075 1900 ο.
3175 1889 3188 1900 ι

1847 1873 1893 1938 Β
1926 1890 2121 1928 rarum
2148 1876 2438 1947 supplicia
2469 1883 2526 1934 et
2555 1880 2814 1951 periculo
2837 1883 3152 1942 infirmitas
3175 1889 3435 1948 humana
3457 1873 3586 1973 sep-

1928 1963 2081 2019 tiret.
2105 1965 2265 2027 Quod
2287 1983 2422 2040 ergo
2446 1969 2616 2040 pulex
2641 1971 2939 2029 hominem
2975 1977 3218 2048 cruciat,
3236 1985 3292 2034 et
3312 1963 3580 2062 scorpius

1930 2056 2117 2119 necat,
2143 2070 2255 2109 non
2289 2057 2504 2114 creatio
2521 2060 2806 2116 malorum
2825 2066 2933 2130 est,
2957 2065 3058 2119 sed
3077 2065 3357 2124 bonarum
3373 2056 3579 2150 incon-

1928 2142 2219 2199 venientia
2240 2151 2608 2217 naturarum,
2624 2167 2749 2222 quaa
2773 2152 3086 2211 subsecuta
3107 2161 3197 2213 est
3217 2174 3286 2214 ex
3306 2142 3583 2240 aequitate

1920 2231 2706 2308 judicis,quandoprzecessit
2723 2240 3002 2312 iniquitas
3017 2243 3272 2303 hominis
3285 2231 3588 2327 contum}:-

1929 2321 2031 2376 cis.
2069 2322 2218 2378 Deus
2249 2325 2429 2392 enim,
2457 2328 2627 2398 cujus
2644 2345 2777 2384 vera
2797 2347 2993 2403 opera,
3017 2339 3074 2389 et
3095 2339 3264 2392 rectae
3286 2339 3390 2393 via:
3409 2321 3572 2417 sunt,

1928 2415 3567 2498 sanctusZachariasinsuaorationerectissimeconﬁtetur,

1929 2447 3514 2485 nuuouuauuvuanualuauuuruuUUGI‘BCLlSSl[DOCOHHIBIU
3553 2473 3567 2498 ,

1929 2502 2180 2574 quiaqui
2198 2521 2412 2561 summe
2426 2508 3307 2586 bonusest,omniaquaecunque
3324 2447 3570 2598 facimus.

2001 2592 2088 2646 30.
2119 2592 2257 2648 Inde
2278 2599 2368 2650 est
2397 2597 2550 2666 quod
2585 2597 2838 2654 mirabili
2858 2617 3030 2674 opere
3055 2592 3575 2686 etiamipsaincop-

1929 2679 3574 2772 venientianaturarum,quapuniunturhumanapeccata,

1929 2770 2334 2826 convenienter
2353 2773 2706 2843 utitur,dum
2727 2776 2836 2833 hoc
2855 2779 3221 2850 agitjustitia
3241 2770 3571 2858 incommu-

1927 2857 2149 2924 tabilis,
2174 2876 2303 2930 qua:
2335 2878 2455 2916 suae
2477 2863 2688 2935 cuique
2711 2866 2938 2935 tribuit,
2963 2875 3025 2924 ut
3047 2870 3570 2931 inconvenientiam

1927 2947 2168 3004 alterius
2189 2951 2257 3004 ad
2276 2950 2524 3006 alterum
2543 2955 2833 3026 cujusque
2857 2962 3076 3012 naturai
3095 2959 3221 3016 suis
3245 2962 3418 3016 faciat
3439 2962 3573 3017 uni-

1923 3037 2230 3094 versaliter
2250 3040 2526 3110 operibus
2540 3043 2865 3098 convenire.
2883 3045 3105 3102 Natura
3122 3064 3256 3104 vero
3274 3049 3566 3119 quaelibet,

1923 3126 2064 3182 dum
2082 3123 2310 3184 natura;
2331 3129 2495 3185 alteri
2520 3130 2717 3187 minus
2737 3135 3090 3190 convenitad
3113 3137 3266 3194 422
3293 3137 3564 3208 salutem,

1925 3233 2038 3272 non
2061 3216 2246 3272 exillo
2263 3218 2418 3275 mala
2439 3221 2700 3291 putanda
2719 3227 2809 3277 est
2833 3223 2973 3294 quia
2996 3229 3163 3280 nocet
3183 3226 3396 3298 (omnis
3409 3227 3564 3285 enim

1924 3311 2136 3362 natura
2156 3309 2479 3364 secundum
2505 3311 2660 3382 quod
2691 3316 2904 3367 natura
2935 3318 3025 3369 est
3055 3314 3208 3371 bona
3235 3319 3277 3385 ),
3308 3318 3411 3373 sed
3444 3317 3565 3390 ple-

1923 3412 2169 3467 rumque
2198 3395 2326 3452 ideo
2355 3413 2423 3452 ex
2453 3399 3112 3471 naturaqualibetalteri
3138 3409 3360 3461 natura
3387 3406 3564 3464 infer-

1922 3489 2019 3538 tur
2048 3484 2393 3548 adversitas,
2414 3486 3022 3560 quiaincongruentize
3051 3493 3277 3549 ceditet
3292 3511 3566 3552 succum-

1921 3570 2006 3626 bit
2025 3571 2360 3628 inlirmitas.
2381 3573 2524 3628 Nam
2545 3572 2894 3648 plerumque
2912 3579 3083 3634 etiam
3108 3596 3200 3637 res
3219 3581 3380 3654 ipsa),
3402 3582 3460 3638 id
3480 3587 3569 3638 est

1920 3661 2058 3731 ipsae
2071 3665 2293 3715 naturae
2312 3661 2368 3715 id
2389 3661 2605 3732 quibus
2621 3663 2762 3720 solis
2781 3666 3109 3724 indubitata
3126 3669 3273 3726 solet
3286 3671 3567 3743 pernicies

1918 3748 2187 3814 inveniri,
2207 3749 2257 3803 si
2290 3750 2683 3808 moderatione
2708 3770 2969 3826 congrua
3014 3772 3082 3812 ex
3111 3759 3244 3816 aliis
3282 3765 3568 3832 tempere-

1918 3844 2032 3904 tur,
2065 3855 2132 3893 ex
2164 3839 2418 3908 periculo
2452 3842 2656 3896 mortis
2689 3843 2746 3898 in
2771 3845 2980 3901 salutis
3021 3849 3280 3905 remedia
3328 3865 3567 3905 conver-

1918 3933 1976 3982 tu
1989 3932 2155 3983 ntur:
2183 3929 2339 3998 quod
2356 3930 2412 3984 in
2434 3929 2581 4002 ipsis
2600 3930 2872 4002 primitus
2891 3937 3196 3992 venenosis
3210 3938 3567 3995 animalibus

1918 4018 2267 4074 invenimus.
2305 4019 2517 4074 Dicunt
2554 4021 2709 4076 enim
2743 4024 2984 4094 quidam
3035 4027 3189 4096 quod
3235 4029 3390 4100 ignis
3435 4045 3568 4085 acer

1918 4105 2188 4177 quotiens
2218 4106 2274 4160 in
2299 4123 2536 4178 corpore
2555 4111 2838 4180 nascitur,
2861 4114 3270 4183 scorpionibus
3299 4118 3493 4174 tunsis
3511 4129 3564 4175 et

1919 4195 2206 4265 appositis
2223 4195 2486 4250 celeriter
2502 4197 2928 4269 exstinguatur.
2969 4201 3080 4255 Sed
3105 4203 3215 4257 etsi
3249 4203 3356 4258 hoc
3394 4207 3566 4261 forei-

1918 4289 2016 4338 tan
2040 4285 2110 4338 ab
2126 4283 2420 4355 aliquibus
2435 4290 2535 4338 aut
2556 4286 2898 4356 ambiguum
2929 4293 3188 4358 putetur,
3211 4291 3565 4362 autfalsum,

1919 4371 2063 4427 illud
2083 4377 2234 4428 certe
2250 4389 2420 4427 nemo
2436 4387 2646 4442 negare
2665 4373 3203 4447 permittitur,quod
3222 4379 3568 4438 admirabile

1919 4461 1978 4515 in
2003 4461 2373 4532 serpentibus
2403 4461 2956 4532 invenitur.Viperas
2979 4464 3192 4536 quippe
3222 4468 3572 4526 naturaliter

1919 4566 2241 4605 venenosae
2269 4565 2398 4604 esse
2417 4548 2616 4603 nullus
2646 4549 2897 4620 ignorat,
2931 4567 3106 4623 quam
3144 4560 3578 4616 venenosoacd-

169 4608 267 4668 bus
300 4616 594 4688 mortique
625 4600 956 4686 subjectum
983 4638 996 4676 ε
1025 4623 1181 4677 unde
1203 4600 1370 4693 justti
1419 4631 1814 4696 consequente
1846 4600 1888 4664 Β
1925 4600 2011 4694 leo
2040 4637 2376 4709 scorpiones
2405 4600 2897 4707 occidantU(/orte,
2917 4600 3123 4699 ajum...
3157 4647 3486 4722 occidant);
3519 4651 3578 4707 et

172 4701 419 4760 vindicta
447 4706 668 4762 factum
711 4713 801 4763 est
829 4713 893 4763 ut
924 4709 1021 4778 qui
1055 4715 1298 4765 mortem
1332 4713 1545 4768 animm
1586 4730 1698 4769 non
1748 4715 1818 4769 ti-

174 4793 312 4848 muit
343 4795 399 4850 in
433 4802 694 4867 peccato,
715 4802 958 4853 mortem
983 4799 1243 4869 corporis
1279 4806 1564 4858 metueret
1584 4804 1639 4858 in
1670 4821 1813 4876 sup-

175 4881 332 4946 plicio
355 4901 368 4940 :
391 4891 448 4942 et
464 4887 686 4944 amissa
704 4889 903 4960 requie
923 4905 1040 4961 qua
1061 4890 1269 4946 beatus
1284 4892 1631 4963 potiebatur,
1655 4912 1688 4949 a
1704 4896 1813 4951 mi-

177 4971 491 5032 nutissimis
514 4977 875 5033 animalibus
897 4979 1636 5039 miserrimusturbaretur.

232 5060 316 5118 29.
351 5064 496 5120 Hinc
518 5075 606 5120 est
637 5066 793 5138 quod
829 5071 958 5136 post
991 5073 1291 5138 peccatum
1330 5071 1503 5141 primi
1539 5072 1819 5144 hominis,

185 5161 277 5215 quo
300 5159 389 5208 est
411 5153 678 5210 humana
706 5163 917 5210 natura
950 5155 1359 5214 universaliter
1390 5176 1564 5231 regno
1598 5165 1819 5234 peccati

190 5243 488 5316 mortisque
510 5244 795 5315 subjecta,
820 5245 1078 5314 camelis,
1103 5247 1290 5320 equis,
1314 5250 1520 5320 bobus,
1542 5252 1824 5323 elephan-

191 5325 266 5391 tis,
294 5334 635 5406 ceterisque
665 5335 993 5406 grandibus
1017 5337 1502 5408 quadrupedibus
1529 5340 1707 5397 homo
1731 5343 1830 5399 do-

193 5419 441 5490 minatur,
473 5428 533 5480 et
572 5439 772 5479 morsu
817 5423 1042 5480 cimicis
1078 5424 1408 5499 pulicisque
1451 5431 1824 5504 concutitur;

190 5518 414 5593 Eumque
441 5513 648 5569 omnia
677 5512 780 5568 illa
811 5529 940 5585 quis
969 5519 1111 5570 sunt
1146 5517 1458 5588 grandiora
1495 5535 1736 5593 corpore
1768 5527 1833 5578 et

189 5579 404 5660 fartiora
433 5605 657 5661 virtute
687 5610 996 5663 mansueta
1024 5607 1282 5664 serviant
1312 5608 1559 5679 homini,
1586 5613 1705 5669 haec
1730 5615 1834 5669 mi-

245 5731 834 5808 (a)$upplendumhic
849 5733 985 5791 bona
1002 5735 1500 5810 ’acit,eutaliquid
1526 5741 1840 5812 ejusmodi.

1924 4733 2122 4783 tamen
2157 4730 2224 4780 ut
2247 4726 2592 4781 ostendatur
2625 4729 2780 4799 quod
2814 4747 2926 4786 non
2962 4731 3293 4792 niturarum
3328 4738 3574 4810 malitia,

1927 4818 2025 4873 sed
2049 4815 2496 4886 incongruentia
2515 4821 3016 4887 noreat,novimus
3035 4824 3365 4896 viperarum
3388 4815 3578 4884 carni-

1931 4908 2063 4972 bus,
2081 4905 2325 4960 aliarum
2348 4920 2544 4959 rerum
2579 4910 2964 4979 congruentia
2995 4915 3356 4985 temperatis,
3377 4921 3578 4973 contra

1932 4997 2262 5068 viperarum
2297 5010 2531 5050 morsus
2556 4995 2947 5054 medicamina
2980 5002 3181 5056 confici
3210 5020 3223 5069 ;
3257 5020 3361 5058 nec
3384 4987 3574 5061 solum

1931 5086 2024 5141 his
2055 5085 2155 5157 qui
2189 5102 2223 5139 a
2253 5083 2664 5154 scorpionibus
2696 5088 3130 5156 percutiuntur,
3163 5106 3363 5146 verum
3395 5091 3573 5150 etiam

1932 5175 2167 5246 illisqui
2215 5174 2561 5229 mordentur
2599 5191 2633 5229 a
2675 5175 2891 5246 viperis
2936 5176 3251 5234 salubriter
3288 5179 3574 5238 adhiberi.

1935 5264 2071 5329 Quis
2105 5263 2198 5318 hic
2229 5263 2328 5318 Dei
2367 5262 2716 5332 sapientiam
2775 5281 2888 5318 non
2945 5265 3232 5320 miretur?
3289 5269 3428 5334 Quis
3462 5269 3578 5327 noh

1937 5355 2066 5424 ejus
2114 5352 2433 5407 bonitatem
2497 5349 2850 5420 magnificet,
2909 5352 3398 5427 prudentiamque
3453 5346 3580 5416 col.

1937 5438 2287 5509 laudet?qui
2322 5453 2434 5492 non
2454 5436 2832 5492 continensin
2851 5439 2932 5494 ira
2967 5440 3398 5502 misericordias
3419 5450 3585 5520 suas,

1943 5529 2097 5583 unde
2129 5523 2385 5596 pericula
2417 5523 2549 5578 fecit
2579 5527 2982 5596 peccatoribus
3017 5531 3359 5602 nasci,inde
3377 5538 3585 5597 statuit

1942 5613 2156 5671 auxilia
2177 5611 2646 5686 periclitantibus
2661 5615 2993 5690 subrogari:
3021 5625 3084 5676 ut
3099 5623 3199 5694 qui
3213 5622 3404 5683 incom
3417 5631 3589 5750 modia

3539 5891 3553 5942 i
