3878 6336
406 404 517 464 591

1400 378 1463 437 S.
1511 362 1933 434 FULGENTII
1977 352 2331 417 EPISCOPI
2379 350 2832 415 RUSPENSIS.

3622 351 3709 409 59!

406 552 505 608 pro
521 522 1045 596 nostrainiquitate
1067 516 1373 573 sentimus,
1390 527 1455 565 ex
1471 509 1596 577 ejus
1620 503 1877 558 bonitati;
1894 511 2044 547 (-0111-

1274 604 1285 608 “
1410 600 1442 608 ’“
1556 603 1563 608 ”
1792 583 2025 608 ιηΑει-ιε

2165 522 2271 576 quo
2307 506 2574 571 tenebrze,
2601 521 2749 573 quas
2778 501 2888 556 luci
2919 505 3055 555 natu
3070 500 3253 553 rilitcr
3279 498 3460 554 dicunt
3478 516 3586 555 esse
3611 518 3714 555 con-

407 583 617 608 I""""
638 583 669 585 "
839 583 855 596 ι

407 625 580 682 mode
607 617 960 676 sentiremus
1000 609 1138 675 Quis
1158 604 1386 659 laudem
1404 600 1693 653 Creatoris
1714 583 2055 646 sufﬁcienti-

406 717 517 770 bus
540 701 1011 781 explicetverbis,
1039 694 1274 768 quando
1299 704 1474 744 unam
1502 683 1886 747 eamdemque
1905 678 2057 744 vipe-

404 819 529 859 ram
563 801 646 855 sic
678 793 917 857 creavit,
953 793 1017 843 ut
1047 782 1225 841 simul
1256 782 1313 835 in
1347 797 1408 833 se
1438 782 1494 831 et
1517 773 1763 830 exitium
1798 777 1855 821 et
1878 778 2058 819 reme-

408 893 570 947 dium
604 891 805 959 gerat:
838 886 897 936 et
926 894 1052 949 qua:
1079 874 1280 929 vivens
1303 867 1515 939 ingerit
1549 858 2057 923 mortem,mortua

408 984 638 1052 reparet
671 974 1025 1035 sanitatem;
1061 962 1495 1037 perniciemque
1540 954 1667 1006 vitae
1699 954 1755 1005 et
1786 947 1969 1001 infera
1998 945 2055 996 et

408 1033 1195 1142 repellat;etvenenumquod
1214 1052 1384 1105 dente
1399 1033 2056 1115 serpentisini‘unditur,

413 1122 677 1230 ejusdem
699 1149 989 1223 serpentis
1012 1122 1287 1201 carnibus
1318 1127 1759 1205 exstinguatur?
1782 1141 1895 1197 quo
1919 1122 1979 1175 ﬁt
1995 1123 2058 1174 ut

409 1264 610 1320 Vipera
642 1260 769 1315 quae
800 1240 998 1295 vivens
1027 1226 1356 1289 inﬁrmitati
1388 1224 1656 1278 humanas
1692 1213 1963 1272 militavit
1993 1225 2058 1263 ac

413 1308 611 1401 morti,
646 1308 890 1388 mortua
918 1326 1048 1380 vitae
1081 1319 1289 1376 militet
1322 1320 1379 1369 et
1409 1311 1605 1368 saluti.
1637 1308 1798 1372 Quis,
1840 1316 2056 1373 quaso,

412 1427 527 1482 ista
554 1424 714 1491 facit,
740 1418 856 1475 nisi
886 1416 979 1471 cui
1005 1405 1470 1467 misericordiam
1492 1406 1549 1455 et
1570 1395 1855 1469 judicium
1883 1388 2055 1461 (Ρεαι.

413 1532 469 1584 c,
505 1516 555 1583 1)
587 1514 786 1567 cantat
812 1501 1132 1561 Ecclesium
1152 1498 1180 1552 ‘I

480 1649 570 1703 3t.
594 1643 824 1715 Species
856 1655 983 1711 quae
1013 1634 1226 1690 dicitur
1257 1623 1642 1690 scammonia,
1673 1617 1807 1690 quis
1829 1616 2060 1684 ignorat

423 1742 714 1809 quantum
748 1710 902 1787 obsit
926 1726 1111 1789 sanis,
1149 1721 1195 1776 si
1229 1720 1350 1773 sola
1375 1719 1681 1775 sumatur;
1714 1719 1761 1762 et
1783 1710 2061 1776 quantum

414 1826 598 1899 prosit
621 1820 872 1877 inﬁrmis
895 1817 942 1872 si
964 1811 1269 1885 speciebus
1289 1806 1417 1860 aliis
1442 1814 1698 1871 congrue
1718 1794 2064 1851 misceatur?

414 1886 479 1971 Et
512 1922 576 1969 ut
607 1914 677 1967 de
711 1911 802 1965 his
826 1908 1036 1977 loquar
1066 1917 1193 1973 quae
1227 1910 1457 1967 semper
1480 1892 1551 1945 ab
1581 1886 1854 1945 omnibus
1885 1898 2061 1953 appe-

412 2006 701 2071 tunlur,et
718 2012 966 2071 quorum
987 1988 1326 2063 quotidiano
1347 2000 1453 2038 usu
1476 1995 1591 2035 non
1610 1977 1799 2033 solum
1827 1971 2065 2027 inﬁrmi-

415 2101 528 2157 tas.
560 2093 659 2148 sed
689 2090 864 2144 etiam
898 2086 1027 2157 ipsa
1059 2081 1353 2135 invenitur
1380 2073 1508 2125 vitae
1536 2069 1807 2122 humanae
1838 2061 2061 2117 sanitas

416 2184 917 2253 indigere,panem
943 2169 1319 2227 attendamus
1342 2166 1397 2215 et
1414 2160 1636 2221 vinum,
1656 2168 1900 2223 quorum
1928 2165 2065 2203 neu-

416 2278 574 2328 trum
602 2266 872 2323 convenit
895 2254 1272 2316 febricitanti.
1296 2256 1439 2305 Nam
1477 2246 1745 2301 videmus
1764 2258 1797 2295 a
1819 2238 2062 2293 medicis

417 2362 571 2433 quod
593 2372 821 2428 semper
837 2352 1074 2425 quidem
1093 2350 1717 2419 potus,nonnunquam
1739 2347 1868 2386 vero
1886 2329 2061 2384 etiam

416 2419 584 2522 panis
602 2419 769 2502 cibus
793 2419 1177 2497 interdicatur
1198 2430 1451 2503 aegrotis.
1478 2428 1611 2483 Ideo
1632 2428 1824 2477 autem
1857 2420 1960 2473 hoc
1978 2419 2061 2487 ﬁt,

416 2536 680 2608 nonquia
699 2533 978 2605 panisaut
999 2528 1199 2581 vinum
1226 2519 1377 2576 mala
1399 2514 1644 2581 sint,sed
1666 2513 1808 2583 quia
1831 2508 2063 2564 inﬁrmo

418 2644 533 2683 non
566 2626 875 2696 congruat.
909 2618 1055 2674 Nam
1098 2612 1529 2681 consequenter
1562 2619 1697 2659 cum
1744 2612 2064 2669 congruere

417 2688 715 2787 cmperint,
748 2716 806 2766 et
842 2707 1112 2763 nutriunt
1142 2697 1576 2757 fortitudinem,
1617 2696 1672 2746 et
1721 2688 2064 2745 custodiunt

420 2803 723 2860 srnitatem
747 2816 765 2853 :
797 2811 1047 2870 quorum
1073 2798 1269 2846 tamen
1304 2783 1730 2841 inmmoderata
1774 2774 2063 2849 perceptio

422 2893 670 2948 fortibus
692 2888 965 2944 virtutem
992 2879 1220 2947 adimit,
1244 2879 1385 2932 dum
1410 2889 1583 2929 sanos
1608 2866 1888 2925 inﬁrmari
1905 2880 2061 2920 com-

422 2981 605 3054 pellit.
630 2984 777 3036 Ecce
800 2978 1090 3048 quantum
1115 2966 1343 3023 valetin
1366 2964 1465 3018 Dei
1490 2958 1772 3016 creaturis
1788 2956 1997 3011 modus
2010 2956 2067 3007 et

423 3067 806 3142 congruentia
862 3059 1300 3127 rerum,quiiius
1331 3048 1736 3108 immoderatio
1767 3051 1939 3116 atque
1974 3043 2065 3096 in-

423 3156 801 3231 congruentia
826 3139 1655 3208 inveniunturessecontraria
1674 3154 1686 3192 :
1708 3132 2070 3206 quibusdum

421 3248 689 3305 naturale
721 3246 1080 3307 dicitur,non
1111 3232 1397 3293 naturalis
1420 3226 1772 3292 malitia,sed
1796 3223 2066 3278 accidens
2096 3225 2139 3291 ρ

420 3338 738 3392 infirmitas
771 3329 1084 3394 invenitur,
1118 3325 1271 3396 quod
1295 3320 1569 3377 omnibus
1593 3313 1876 3371 creaturis
1900 3308 2063 3364 facile

418 3426 648 3499 reponit
669 3422 942 3497 quisquis
965 3436 997 3473 a
1019 3430 1253 3472 summo
1279 3414 1426 3466 bono
1443 3412 1638 3463 creata
1656 3405 1809 3459 bona
1830 3400 1913 3455 sic
1935 3416 2066 3453 con-

417 3488 654 3581 siderat,
670 3488 737 3568 ut
760 3488 920 3566 ineis
937 3500 1400 3577 inexplicabilem
1417 3501 1592 3567 atque
1611 3488 2060 3548 inenarrabilem

417 3576 651 3661 laudem
683 3599 973 3658 Creatoris
996 3576 1279 3667 agnoscat
1302 3588 1476 3657 :423
1510 3600 1576 3640 ac
1598 3599 1700 3655 per
1724 3582 1831 3635 boc
1852 3576 2066 3648 sitipse

420 3712 534 3766 prae
566 3692 845 3748 omnibus
876 3685 1230 3756 diligendus,
1265 3678 1364 3750 qui
1396 3677 1571 3731 etiam
1601 3675 1658 3727 in
1684 3671 1773 3725 bis
1805 3684 1930 3740 quae
1956 3682 2069 3736 pce-

422 3782 575 3839 nalia
608 3797 709 3851 pro
742 3782 940 3833 nostra
968 3772 1280 3842 iniquitate
1330 3766 1621 3821 sentimus
1652 3765 1709 3815 et
1740 3758 2065 3812 misericors

424 3846 721 3924 invenitur
740 3860 1180 3933 etjustus,dum
1206 3857 1340 3909 inde
1362 3853 1627 3909 sublevat
1649 3846 2066 3919 fragiles,unde

426 3954 1154 4028 comprimitcontumaces
1172 3943 1409 4013 ;etquia
1425 3938 1778 4011 praecedente
1792 3933 2067 4005 superbia

425 4046 702 4103 continuo
715 4040 875 4097 estin
892 4036 1128 4092 homine
1141 4036 1454 4089 consecuta
1469 4024 2065 4092 miseria,misericors

426 4134 714 4193 Dominus
736 4139 793 4188 et
814 4132 1038 4201 justus,
1064 4124 1217 4179 unde
1233 4120 1519 4191 superbiae
1542 4117 1774 4189 pondus
1791 4113 2063 4184 imponit,

417 4226 554 4282 inde
589 4217 1001 4279 misericordias
1035 4215 1302 4270 levamen
1330 4206 1601 4281 apponit.

481 4362 570 4417 32.
603 4358 1024 4415 Verumtamen
1058 4348 1310 4421 quisque
1345 4347 1435 4401 est
1456 4339 1724 4397 Ecclesiae
1758 4336 1916 4391 ﬁlius
1939 4334 2064 4406 qui,

408 4456 473 4507 ut
487 4450 655 4515 dicis,
673 4447 773 4503 illa
788 4440 1110 4518 proposuit,
1129 4451 1406 4494 asserens
1431 4450 1484 4488 m
1496 4446 1690 4492 uscas,
1706 4426 2064 4497 scorpiones,

405 4539 630 4612 pulices
659 4545 717 4592 et
755 4515 1019 4596 cimices,
1051 4545 1165 4584 non
1197 4544 1230 4582 a
1268 4525 1407 4591 Deo,
1434 4521 1536 4577 sed
1569 4538 1598 4575 a
1629 4515 1860 4573 diabolo
1892 4515 2059 4569 facta:

405 4627 691 4682 cautelam
727 4629 890 4695 gerat
917 4637 988 4675 ne
1010 4616 1461 4674 Manichaeorum
1489 4609 1785 4666 mortifera
1810 4604 2045 4659 fallatur

406 4732 471 4769 ac
496 4713 823 4783 decipiatur
854 4708 1094 4772 astutia,
1124 4699 1846 4778 quideumlucis,etdeum
1878 4701 2042 4748 tene-

405 4798 787 4870 brarum,ipsi
805 4798 860 4850 in
880 4796 1136 4851 tenebris
1149 4792 1447 4848 constituti
1466 4792 1733 4845 nituntur
1750 4785 2047 4850 inducere,

402 4896 461 4948 et
491 4894 606 4946 duo
626 4886 965 4944 naturaliter
978 4882 1089 4939 sibi
1103 4882 1393 4936 contraria
1409 4879 1691 4949 principia
1711 4876 2039 4944 prazdicare.

400 4981 564 5038 Unde
594 4977 732 5051 quia
764 4980 1033 5030 naturam
1060 4969 1210 5024 lucis
1254 4970 1459 5023 dicunt
1504 4969 1736 5030 bonum,
1771 4969 2039 5019 naturam

397 5088 530 5128 vero
565 5069 937 5126 tenebrarum
972 5059 1210 5125 malam,
1241 5056 1379 5111 illuc
1396 5056 1626 5125 proprio
1648 5055 2043 5107 ducunturer—

396 5165 621 5228 rore,ut
650 5159 709 5212 in
734 5146 1415 5218 omnibusrebusquasin
1449 5142 1667 5197 mundo
1697 5148 2037 5210 sunt,quas-

396 5446 525 5484 rum
551 5420 1090 5485 otl'enduntur.illas
1112 5420 1287 5473 bonas
1302 5408 1872 5487 quarumdilectione
1892 5410 2040 5463 mul-

396 5522 604 5572 centur
635 5533 649 5571 :
680 5531 791 5570 non
822 5510 1213 5581 intelligentes,
1242 5506 1395 5560 sicut
1416 5499 1729 5571 Apostolus
1759 5497 2039 5569 ait,neque

394 5621 513 5676 qua
544 5606 1049 5675 loquunturmequc
1078 5598 1141 5653 de
1160 5594 1357 5667 quibus
1378 5592 1674 5662 afﬁrmant
1700 5590 1742 5659 (Ι
1773 5590 2034 5659 Tim.1,7).

393 5693 468 5750 Ut
498 5691 649 5748 enim
684 5694 754 5748 de
788 5692 916 5745 luce
946 5705 1013 5743 ac
1042 5683 1320 5751 tenebris,
1348 5696 1595 5753 quarum
1640 5678 2039 5751 principaliter

392 5785 637 5838 naturas
661 5782 867 5849 putant
888 5792 1017 5829 esse
1035 5768 1613 5840 contrarias,aliquid
1627 5767 2037 5835 dicam,nonne

399 5865 657 5936 primum
677 5864 738 5918 in
763 5869 830 5916 eu
856 5856 1105 5916 mendax
1127 5856 1363 5912 illarum
1387 5855 1689 5912 invenitur
1709 5858 2032 5917 assurtimln

2159 594 2386 660 trarias,
2415 594 2632 647 nullam
2661 592 3038 646 inveniuntur
3059 589 3261 644 habere
3279 595 3519 643 naturam
3535 590 3715 660 ‘lNeque

2160 683 2316 736 enim
2351 684 2481 738 duae
2513 689 2740 737 naturas
2771 685 2907 735 sunt
2929 679 3026 734 lux
3056 686 3111 732 et
3136 679 3369 733 tenebras
3393 696 3408 746 ;
3432 679 3517 732 sed
3545 678 3624 732 ubi
3643 680 3718 734 lux

2164 787 2277 824 non
2309 777 2415 838 est,
2448 772 2527 825 ibi
2562 772 2690 839 ipsa
2721 770 2869 824 lucis
2889 768 3152 823 absentia
3169 766 3506 822 tenebrarum
3532 769 3717 822 nomine

2164 866 2577 932 nuncupatur;
2601 862 2754 914 sicut
2776 858 2935 912 vocis
2961 857 3221 912 absentia
3242 855 3510 910 silentium
3531 856 3719 923 dicitur,

2163 951 2659 1007 sicutvestimenti
2686 950 2953 1006 absentia
2988 948 3220 1003 nuditas
3251 946 3573 1018 appellatur,
3608 948 3724 1001 sicut

2164 1042 2336 1097 inane
2353 1060 2450 1097 vas
2467 1042 2690 1097 dicitur
2719 1040 2813 1095 cui
2851 1038 3013 1093 nulla
3046 1038 3365 1093 substantia
3396 1038 3504 1091 sive
3530 1035 3723 1107 liquoris

2164 1140 2283 1195 sive
2316 1140 2396 1195 rei
2426 1139 2675 1210 alicujus
2708 1138 3073 1193 infunditur:
3119 1136 3202 1191 sic
3226 1134 3283 1190 in
3322 1134 3474 1190 nobis
3507 1134 3629 1205 ipsis
3658 1136 3720 1187 fa-

2164 1246 2290 1285 mes
2320 1229 2668 1301 appellatur,
2706 1227 2805 1283 ubi
2838 1227 3007 1282 cibus
3059 1241 3173 1280 non
3213 1228 3339 1292 est;
3379 1222 3497 1278 sitis
3534 1224 3719 1287 dicitur,

2166 1318 2264 1372 ubi
2302 1324 2472 1389 potus
2510 1316 2710 1371 nullus
2740 1320 2849 1372 est.

2235 1408 2323 1463 33.
2358 1407 2485 1462 Haec
2516 1407 2710 1477 itaque
2741 1406 2938 1460 omnia
2965 1420 3093 1476 quas
3123 1401 3558 1466 commemoravi,
3592 1400 3719 1455 ethis

2166 1496 2383 1551 similia
2414 1512 2539 1567 quas
2573 1512 2674 1567 pro
2702 1493 3090 1550 custodienda
3122 1490 3722 1563 disputationismodera-

2164 1586 2323 1641 tione
2337 1602 2491 1640 nunc
2508 1585 2685 1650 tacui,
2702 1588 2841 1637 sunt
2870 1583 3110 1653 quidem
3138 1582 3260 1635 sine
3280 1579 3599 1634 dubitatione
3617 1593 3720 1632 con-

2166 1675 2364 1743 traria,
2399 1692 2513 1729 non
2547 1681 2742 1728 tamen
2777 1689 2879 1743 per
2913 1673 3181 1743 proprias
3200 1666 3721 1737 naturas,sedperha-

2170 1765 2291 1820 bitu
2304 1781 2355 1818 m
2390 1771 2447 1818 et
2479 1762 2858 1835 privationem
2872 1804 2885 1827 ,
2900 1761 2955 1815 id
2973 1766 3066 1815 est
3080 1775 3181 1831 per
3206 1774 3323 1814 eam
3341 1756 3720 1812 contrarietatem

2092 1865 2137 1929 Β
2170 1871 2286 1924 qua
2315 1853 2405 1908 vel
2436 1853 2689 1908 habetur
2720 1850 2964 1922 aliquid,
3000 1848 3087 1904 vel
3128 1848 3338 1918 aliquid
3386 1863 3484 1901 non
3515 1845 3721 1900 habetur.

2171 1944 2420 1998 Proinde
2450 1943 2581 1997 licet
2605 1942 2725 1997 sint
2756 1939 3071 2005 contraria,
3113 1955 3225 1992 non
3248 1945 3427 1991 tamen
3449 1949 3612 1989 eorum
3629 1948 3725 1986 con-

2168 2033 2332 2089 trarii
2365 2048 2597 2103 semper
2625 2031 3003 2085 inveniuntur
3061 2029 3335 2083 effectus:
3368 2041 3483 2079 nam
3523 2022 3601 2077 lux
3639 2021 3723 2075 ista

2170 2124 2629 2193 corporis,quam
2646 2118 2948 2175 Manichaei
2966 2118 3091 2190 prin
3105 2116 3285 2189 cipale
3300 2117 3483 2169 bonum
3497 2110 3723 2167 estimant

2170 2230 2237 2268 cu
2250 2230 2302 2267 m
2334 2214 2483 2268 bona
2497 2211 2843 2281 sitquidem,
2870 2210 3152 2276 quoniam
3169 2224 3203 2263 a
3220 2220 3430 2262 summo
3442 2204 3721 2258 bonocreata

2169 2307 2278 2371 est,
2312 2302 2369 2356 in
2403 2306 2629 2354 tantum
2654 2305 2848 2353 tamen
2885 2298 2952 2351 ﬁt
2982 2296 3295 2359 bona,utei
3325 2288 3719 2349 naturalitervitaa

2168 2392 2243 2445 sit
2276 2389 2631 2460 prmferenda
2660 2387 3029 2454 substantia;
3062 2385 3206 2440 licet
3229 2400 3357 2455 ergo
3378 2384 3445 2437 sit
3463 2382 3601 2444 bona,
3620 2393 3724 2431 non-

2170 2495 2473 2549 nunquam
2509 2484 2706 2532 tamen
2740 2475 2858 2530 illis
2882 2476 2976 2545 qui
3000 2491 3068 2529 ea
3089 2476 3402 2544 incongrue
3430 2474 3721 2524 utunturnon

2171 2568 2428 2622 salubris
2448 2566 2719 2632 efﬁcitur,
2743 2564 2844 2619 sed
2874 2563 3129 2635 pmnalis
3155 2579 3167 2617 :
3194 2577 3360 2616 sanos
3381 2553 3721 2631 quippeoculos

2169 2662 2419 2727 vegetat,
2454 2656 2717 2710 inﬁrmos
2748 2653 3039 2709 excruciat
3068 2670 3088 2721 ;
3127 2651 3436 2707 incolumes
3463 2647 3629 2709 reﬁcit,
3648 2646 3721 2696 do-

2170 2745 2355 2801 lentes
2386 2745 2675 2800 obtundit.
2712 2743 3046 2799 Econtrario
3076 2750 3273 2797 autem
3323 2737 3457 2795 oculi
3495 2737 3546 2790 in
3580 2734 3722 2787 dolore

2170 2835 2342 2906 positi
2362 2852 2430 2889 ex
2450 2833 2709 2889 tenebris
2724 2833 2982 2903 aliquam
2998 2834 3440 2901 consequuntur
3460 2824 3725 2895 requiem,et

2171 2923 2255 2979 cla
2268 2924 2391 2978 usis
2407 2927 2508 2994 jan
2520 2923 2609 2978 uis
2631 2939 2696 2979 ac
2720 2921 2989 2977 fenestris
3004 2938 3066 2976 se
3079 2921 3209 2976 ntiu
3221 2925 3279 2975 nt
3300 2916 3509 2986 aliquod
3530 2913 3723 2968 levamen

2170 3012 2332 3068 illius
2352 3013 2570 3068 doloris
2592 3028 2766 3083 quem
2780 3028 2847 3067 ex
2869 3010 3104 3065 lumine
3120 3010 3426 3083 patiuntur,
3448 3003 3564 3060 etad
3584 3000 3725 3053 vidca-

2173 3104 2306 3157 dam
2324 3102 2511 3157 lucem
2540 3102 2793 3172 quadam
2819 3102 3204 3156 tenebrarum
3227 3094 3574 3169 congruentia
3590 3088 3724 3144 nutri-

2176 3201 2371 3246 untur.
2399 3192 2540 3246 Ecce
2569 3191 2666 3245 lux
2693 3195 2909 3261 quanto
2925 3189 3132 3244 minus
3146 3188 3419 3259 congruit,
3439 3186 3575 3238 tanto
3593 3176 3725 3247 magis

2177 3279 2330 3334 laedit
2357 3298 2372 3347 ;
2396 3285 2451 3333 et
2481 3280 2730 3333 tenebras
2763 3282 2983 3349 quanto
3017 3277 3214 3349 magis
3258 3274 3575 3345 congruunt,
3611 3272 3724 3320 tacto

2172 3370 2360 3439 magis
2388 3374 2675 3440 prosunt;
2710 3373 2767 3422 et
2798 3368 2952 3422 sicut
2982 3366 3193 3422 oculos
3219 3381 3383 3421 sanos
3406 3362 3535 3417 lucis
3557 3357 3729 3426 adjuvat

2169 3456 2429 3526 claritas,
2449 3459 2530 3512 ita
2542 3456 2808 3512 dolentes
2827 3456 3117 3523 adjuvare
3133 3457 3483 3511 tenebrarum
3505 3440 3727 3501 consuevit

2172 3547 2508 3602 obscuritas
2530 3562 2624 3612 ;ac
2647 3562 2748 3617 per
2771 3546 2875 3600 hoc
2898 3547 3039 3599 dum
3070 3561 3326 3617 congrue
3350 3531 3729 3608 utrumqueacci-

2141 3672 2147 3679 ι
2172 3637 2292 3707 pitu
2306 3636 2505 3706 r,lucis
2519 3653 2585 3690 ac
2596 3636 2974 3690 tenebrarum
2990 3635 3242 3691 effectus
3265 3636 3317 3689 in
3333 3629 3577 3703 juvandis
3594 3620 3726 3679 oculis

2170 3726 2485 3781 invenitur.
2505 3725 2833 3779 Sicutenim
2852 3724 3083 3780 lumine
3105 3725 3523 3795 424juvantur
3538 3712 3658 3772 sani.
3677 3710 3732 3764 sic

2170 3815 2429 3869 tenebris
2481 3813 2825 3869 reﬁciuntur
2857 3813 3107 3870 infirmi.
3144 3794 3287 3869 Nam
3329 3814 3383 3867 et
3422 3823 3534 3864 cum
3571 3794 3730 3861 fatigati

2172 3903 2600 3960 claudunturin
2627 3896 3590 3974 sumnum,quodammodotenebris
3606 3888 3730 3959 adju-

2170 4000 2383 4049 vantur
2412 4000 2477 4049 ut
2506 3992 2768 4048 videnda
2795 3991 2910 4047 luci
2942 3992 3143 4048 denuo
3175 3993 3345 4047 validi
3377 3991 3622 4053 fortesque
3642 3976 3731 4031 red-

2170 4082 2553 4138 dantur.Tale
2582 4088 2671 4136 est
2699 4087 2893 4136 autem
2927 4081 3118 4137 oculis
3150 4080 3392 4137 inﬁrmis
3419 4092 3474 4132 ac
3499 4068 3730 4138 fatigatisa

2172 4173 2323 4227 bono
2356 4170 2580 4225 lumine
2610 4186 2707 4240 pro
2731 4170 3263 4240 reparandasalute
3285 4185 3348 4224 ac
3376 4157 3729 4221 fortitudinem-

2171 4261 2405 4328 moveri,
2437 4258 2608 4330 quale
2626 4264 2713 4313 est
2733 4264 2854 4314 toto
2876 4260 3128 4328 corpori,
3156 4262 3204 4314 si
3221 4245 3730 4330 quandoinﬁrmaturi

2173 4368 2206 4405 a
2237 4355 2514 4404 consueta
2542 4350 2806 4403 ciborum
2841 4350 3215 4420 perceptione
3234 4342 3522 4416 suspendi:
3551 4334 3629 4405 qui
3648 4344 3731 4384 non

2174 4444 2474 4509 propterea
2503 4439 2777 4493 contrarii
2809 4442 2947 4492 sunt
2969 4438 3225 4493 inﬁrmis
3248 4441 3305 4492 et
3324 4432 3463 4490 noxii
3483 4424 3597 4499 quia
3614 4422 3735 4475 natu-

2174 4527 2365 4582 raliter
2384 4526 2517 4581 mali
2542 4531 2697 4594 sunt,
2718 4526 2818 4581 sed
2842 4542 3198 4597 qmaeornm
3217 4519 3515 4580 inﬁrmitati
3528 4528 3621 4569 non
3640 4522 3735 4561 con-

2155 4621 2373 4687 gruunt
2401 4632 2533 4671 :non
2558 4616 2711 4670 enim
2734 4596 2933 4671 omnia
2954 4631 3085 4686 quas
3108 4615 3267 4686 capit
3285 4611 3488 4667 sanitas
3507 4596 3733 4658 sustentat

2161 4707 2493 4762 inﬁrmitas.
2523 4704 2687 4760 Unde
2714 4683 3142 4776 nonnunquam
3171 4683 3445 4760 iniisdem
3466 4694 3615 4750 rebus
3641 4683 3734 4756 φή·

2161 4795 2271 4849 bus
2294 4810 2503 4848 sanum
2533 4809 2744 4864 corpus
2766 4793 2988 4849 reﬁcitu
3000 4811 3044 4860 r,
3072 4791 3380 4848 inﬁrmitas
3400 4780 3621 4854 corporis
3634 4786 3732 4845 pra-

2148 4888 2424 4955 gravatur
2451 4899 2463 4935 :
2493 4883 2573 4936 ita
2599 4880 3201 4953 utaliquandoipsum
3221 4882 3629 4951 quoquesanum
3646 4876 3732 4917 cvr-

2150 4990 2260 5044 pus
2296 4987 2489 5025 rerum
2532 4974 3039 5042 quarumjuvatur
3064 4987 3176 5024 usu
3200 4954 3735 5024 lmdaturexcessuml'

2149 5063 2280 5117 dum
2296 5061 2514 5131 aliquid
2532 5062 2846 5132 incongrue
2867 5048 3736 5132 accipitur,ubicustodiendaquﬂ‘

2148 5155 2298 5207 ritur
2328 5151 2577 5216 sanitas,
2602 5150 2914 5205 inﬁrmitas
2944 5148 3259 5204 invenitur.
3280 5150 3405 5216 Ipse
3441 5140 3734 5213 quoque“?

2147 5244 2533 5297 timentorum
2567 5256 2714 5294 usus
2746 5241 2793 5294 si
2828 5240 3005 5295 fuerit
3050 5239 3431 5308 incongruus,
3476 5244 3576 5285 non
3617 5216 3732 5276 Balu'

2146 5331 2270 5386 bris
2289 5329 2586 5384 invenitur
2602 5344 2753 5395 esse,
2770 5329 2866 5384 sed
2887 5328 3116 5383 noxius.
3136 5326 3279 5389 Quis
3305 5301 3733 5389 enim,sivequali-

2144 5418 2483 5489 betinopia,
2518 5416 2637 5472 sive
2668 5417 3013 5473 inﬁrmitate
3060 5414 3277 5486 corpis,
3321 5428 3430 5469 non
3483 5396 3731 5480 perniciose

2144 5508 2231 5564 vel
2255 5478 2389 5563 cum
2424 5511 2633 5561 aestuat
2664 5505 3016 5561 hiemalibus
3045 5478 3429 5567 indumentis,
3450 5478 3527 5551 vel
3543 5502 3650 5547 cum
3670 5478 3729 5533 al-

2145 5602 2239 5669 get
2274 5602 2473 5650 utatur
2519 5594 2784 5650 aestivis?

2219 5685 2309 5739 34.
2329 5684 2597 5756 Longum
2614 5687 2915 5740 estautem
2938 5672 3600 5752 congruentiajudicium
3629 5652 3729 5716 ωυι·

2141 5770 2216 5830 tis
2241 5773 2521 5844 exemplis
2561 5774 2889 5842 ostendere,
2918 5785 3048 5828 cum
3082 5768 3452 5824 intuentibus
3470 5753 3723 5840 deessent?“

2141 5863 2393 5939 possint.
2412 5830 2673 5921 .Prbinde
2706 5830 2909 5921 Omnes
2940 5864 3113 5919 natur
3132 5874 3179 5915 is
3201 5872 3330 5930 qua
3356 5854 3510 5919 sunt,
3536 5852 3639 5919 qua
3661 5830 3721 5885 νί⁶
