3878 6380
202 405 293 463 593

1053 402 1153 460 DE
1196 398 1792 462 INCARNA'I‘IONE
1837 396 2023 455 FILII
2072 400 2198 459 DEI
2249 403 2481 464 LIBER
2524 405 2757 467 UNUS.

3500 407 3618 467 594

203 541 344 604 runt,
362 552 492 607 quae
516 534 831 601 sentiunt,
849 552 979 607 qua
998 535 1355 608 intelligunt,
1376 534 1652 607 quoniam
1679 552 1711 590 a
1729 534 1865 601 Deo,
1898 530 1951 597 Α
1983 530 2040 585 in
2075 536 2311 590 tenebris
2341 544 2421 593 est
2444 556 2616 610 usque
2642 539 2851 595 adhuc.
2884 538 3021 593 Nam
3053 540 3151 609 qui
3178 538 3367 609 diligit
3387 542 3620 610 fratrem

206 629 253 683 id
278 634 359 683 est
378 645 410 680 a
434 643 503 681 su
517 642 686 679 mmo
716 627 880 680 bono
905 626 1065 679 iaclaa
1092 632 1256 690 sunt,
1282 627 1443 680 bona;
1467 634 1639 680 sunt:
1666 640 1793 695 quas
1817 625 1867 677 si
1971 639 2154 690 suum,
2172 629 2229 679 in
2255 627 2462 683 lumine
2479 634 2786 699 permanet,
2808 634 2859 683 et
2879 628 3202 683 scandalum
3224 627 3284 681 in
3304 646 3367 683 eo
3387 645 3489 683 non
3513 634 3612 683 est.

212 734 239 771 a
262 731 480 771 summo
512 715 679 769 bono
715 731 837 769 non
875 714 1096 781 tierent,
1132 714 1295 770 bona:
1330 731 1442 769 non
1470 720 1700 777 essent;
1725 720 1781 767 et
1814 715 1863 769 si

214 808 351 861 bona:
382 821 497 861 non
532 809 770 873 essent,
804 804 866 858 in
900 804 1110 874 seipsis
1144 804 1278 859 boni
1305 804 1523 875 aliquid
1553 821 1666 859 non
1691 804 1865 858 babe"

1972 713 2079 780 Qui
2107 722 2287 771 autem
2315 720 2431 772 odit
2457 721 2692 785 fratrem
2720 735 2902 781 suum,
2936 735 2994 771 ιη
3025 716 3262 773 tenebris
3279 722 3435 779 est,et
3459 721 3513 771 in
3534 723 3617 772 te-

1968 803 2153 857 nebris
2168 806 2493 872 ambulat,et
2508 810 2679 862 nescit
2694 810 2789 862 ubi
2804 808 3072 870 ambulat,
3092 810 3350 878 quoniam
3375 806 3614 862 tenebrae

218 903 341 951 rent.
369 898 445 949 Ac
471 910 768 965 primum,
803 893 943 963 quia
972 893 1090 947 vita
1115 894 1399 948 bonorum
1426 893 1648 964 aliquid
1672 899 1780 961 est,
1804 899 1862 949 et
1967 892 2375 950 obcwcaverunt
2404 897 2583 951 oculos
2610 898 2727 966 eius
2758 899 2806 967 (I
2830 898 2987 953 Joan.
3021 913 3085 966 11,
3113 897 3169 966 9,
3202 896 3288 962 10,
3323 896 3433 966 11).

218 984 313 1040 tale
335 987 546 1039 bonum
570 982 737 1053 quod
760 982 835 1037 ab
855 981 1195 1037 hominibus
1217 982 1546 1037 viventibus
1571 982 1857 1053 diligitur,

221 1076 259 1130 si
286 1075 469 1145 aliqua
498 1082 721 1128 natura
750 1078 907 1127 esset
924 1089 1050 1143 qua:
1067 1088 1099 1125 a
1116 1087 1347 1127 summo
1367 1071 1516 1126 bono
1534 1088 1649 1127 non
1674 1071 1855 1137 ﬁeret,

222 1164 536 1219 nullatenns
552 1162 796 1217 viveret.
823 1162 934 1216 Hoc
954 1165 1145 1216 autem
1165 1161 1235 1215 de
1257 1159 1614 1216 animalibus
1632 1160 1780 1223 dico,
1797 1160 1854 1217 id

215 1253 364 1307 estde
378 1251 724 1307 substantia
737 1267 866 1322 quae
878 1249 1087 1305 vivitet
1099 1251 1273 1305 sentit
1289 1269 1303 1317 ;
1320 1252 1419 1305 sed
1439 1255 1496 1305 et
1509 1250 1622 1306 illae
1639 1255 1777 1305 natu
1787 1267 1856 1304 rte

213 1359 325 1412 qua
347 1358 449 1397 nec
466 1340 681 1395 vivunt
705 1357 810 1395 nec
828 1339 1227 1405 sentiunt,hoc
1251 1340 1445 1411 ipsum
1459 1340 1614 1410 quod
1632 1344 1771 1394 sunt
1786 1356 1855 1395 ex

208 1432 353 1487 illius
376 1430 677 1486 creatione
700 1430 919 1484 habent
941 1429 1039 1500 qui
1062 1444 1296 1484 summe
1322 1434 1439 1485 est:
1466 1430 1606 1500 quia
1625 1446 1735 1483 non
1758 1447 1854 1484 so-

209 1519 317 1573 lum
339 1520 553 1585 vivere,
579 1518 683 1573 sed
708 1517 882 1572 etiam
909 1532 1037 1571 esse
1060 1518 1279 1572 bonum
1304 1522 1413 1585 est,
1435 1522 1492 1571 et
1513 1518 1667 1588 quod
1689 1533 1850 1572 sum-

216 1626 295 1664 me
318 1615 425 1676 est,
457 1624 767 1663 summum
801 1610 1014 1662 bonum
1048 1610 1155 1661 est.

271 1701 354 1754 35.
388 1698 562 1753 Nulla
583 1703 673 1752 est
705 1697 906 1768 itaque
926 1704 1135 1751 natura
1164 1696 1314 1751 mala
1342 1696 1462 1752 sive
1483 1697 1706 1766 vivens,
1730 1697 1849 1753 sive

210 1804 311 1842 non
341 1790 569 1855 vivens;
602 1802 672 1841 ac
704 1803 806 1857 per
837 1786 944 1839 boc
975 1802 1180 1840 omnes
1216 1791 1436 1840 naturas
1470 1786 1528 1841 in
1575 1803 1641 1841 eo
1690 1787 1847 1857 quod

210 1884 417 1932 natura
442 1880 578 1931 sunt
597 1877 765 1931 bona:
781 1874 1059 1931 sunt.Sed
1081 1875 1348 1945 quaedam
1367 1891 1567 1930 earum
1596 1892 1729 1930 cum
1749 1876 1848 1930 bo—

215 1982 300 2020 na:
317 1964 810 2020 sintexcreatione
829 1963 950 2031 Dei,
970 1964 1229 2036 pmnales
1253 1964 1414 2019 facta:
1438 1970 1577 2019 sunt
1598 1962 1844 2031 homini,

219 2070 276 2109 ex
304 2054 602 2125 punitione
636 2053 889 2125 peccati;
920 2069 1031 2107 non
1068 2058 1304 2124 propter
1335 2069 1503 2108 suam
1548 2058 1842 2121 naturam,

219 2144 304 2199 sed
338 2149 572 2215 propter
604 2143 865 2198 hominis
888 2142 1143 2214 culpam.
1168 2141 1276 2197 Ubi
1304 2148 1606 2197 ostensum
1631 2147 1720 2197 est
1742 2140 1845 2196 bo-

219 2234 339 2288 mini
376 2234 521 2289 iacto
553 2234 625 2288 ad
659 2232 971 2301 imaginem
1006 2232 1106 2287 Dei
1132 2237 1417 2303 quantum
1451 2232 1561 2287 sibi
1584 2230 1847 2286 intulerit

216 2325 436 2391 malum,
471 2322 574 2394 qui
608 2322 679 2377 ad
714 2322 824 2377 hoc
856 2324 1174 2392 perductus
1204 2328 1316 2389 est,
1348 2327 1413 2375 ut
1442 2320 1491 2375 ei
1512 2340 1543 2374 a
1572 2320 1843 2375 brevibus

214 2412 461 2468 bestiolis
496 2412 785 2466 inleratur
819 2409 1023 2465 mortis
1055 2410 1318 2465 exitium.
1371 2412 1737 2480 Quapropter
1783 2408 1843 2462 in

212 2504 466 2557 omnibus
497 2499 878 2568 animalibus,
911 2498 970 2553 in
993 2499 1269 2554 omnibus
1292 2499 1509 2565 herbis,
1533 2506 1585 2553 et
1616 2498 1843 2553 cunctis

212 2590 598 2646 universaliter
625 2589 933 2658 creaturis,
966 2588 1251 2660 quidquid
1285 2590 1397 2645 sibi
1431 2588 1603 2643 homo
1657 2586 1843 2643 cernit

211 2682 842 2745 essentortil'erum,uon
864 2679 977 2733 illis
997 2678 1210 2733 malam
1237 2685 1508 2733 naturam
1534 2679 1727 2732 inesse
1751 2677 1843 2731 di-

211 2774 310 2835 cat,
343 2772 435 2826 sed
474 2771 757 2825 ultionem
793 2769 849 2823 in
882 2769 967 2823 eis
997 2785 1115 2823 suae
1165 2767 1493 2838 iniquitatis
1540 2769 1839 2837 agnoscat.

211 2858 356 2914 Facti
386 2859 537 2915 enim
573 2876 783 2915 sumus
814 2857 1104 2929 pulicibus
1135 2863 1192 2912 et
1234 2857 1544 2912 cimicibus
1592 2854 1837 2925 similes,

212 2956 503 3021 postquam
524 2949 644 3004 Deo
663 2949 998 3003 exstitimus
1019 2953 1390 3003 contumaces
1407 2965 1420 3014 ;
1437 2954 1493 3003 et
1513 2944 1839 3017 scorpionis

214 3039 433 3095 aculeus
448 3037 716 3095 mortalis
739 3038 926 3092 factus
944 3042 1033 3091 est
1051 3036 1293 3105 homini,
1313 3042 1617 3107 postquam
1632 3039 1839 3106 sponte

206 3128 394 3184 maluit
426 3128 634 3184 mortis
668 3126 870 3182 aculeo
894 3125 1365 3181 vulnerari.Acul(
1380 3142 1443 3180 us
1467 3126 1623 3181 enim
1647 3122 1839 3180 mortis

201 3226 466 3282 peceatum
492 3228 572 3273 est
604 3219 647 3287 (Ι
679 3218 799 3272 Cor.
833 3233 924 3283 xv,
950 3217 1067 3285 56):
1103 3232 1218 3287 quo
1251 3214 1449 3271 aculeo
1476 3216 1563 3270 sic
1584 3233 1646 3271 se
1670 3217 1831 3287 prius

202 3306 360 3362 homo
383 3306 764 3379 percussitad
792 3311 1061 3369 mortem,
1078 3311 1139 3360 ut
1156 3322 1288 3360 eum
1316 3306 1527 3360 laceret
1550 3323 1649 3375 per
1664 3323 1831 3361 suam

206 3413 424 3470 quoque
456 3399 815 3470 pertransire
847 3394 1211 3467 progeniem:
1247 3398 1327 3450 ita
1349 3401 1413 3450 ut
1433 3396 1606 3451 etiam
1639 3396 1753 3452 illis
1777 3398 1834 3453 in

201 3488 401 3555 quibus
431 3489 623 3560 gratia
660 3485 755 3541 Dei
789 3486 924 3540 facit
950 3502 1064 3540 non
1098 3500 1341 3555 regnare
1375 3493 1693 3557 peccatum,
1720 3503 1834 3542 non

200 3574 337 3631 desit
363 3579 636 3646 frequens
668 3580 725 3631 et
756 3574 1059 3646 multiplex
1090 3591 1156 3630 ex
1188 3591 1356 3645 pcena
1377 3576 1592 3646 peccati
1617 3576 1838 3647 pericu-

200 3666 753 3722 lum.Indeestenim
768 3665 924 3735 quod
944 3664 1276 3733 etiamjusti
1295 3663 1586 3730 homines,
1602 3671 1833 3721 sancte-

200 3771 299 3823 que
318 3756 661 3821 viventes,in
678 3752 788 3809 bac
810 3754 927 3807 vita
945 3752 1176 3808 mortali
1198 3752 1269 3806 ab
1292 3751 1696 3823 hujuscemodi
1718 3772 1831 3810 non

201 3852 326 3900 sunt
355 3845 641 3902 molestiis
664 3861 730 3900 ac
749 3842 1023 3915 periculis
1043 3842 1381 3915 alieni,quia
1400 3846 1658 3915 quandiu
1681 3862 1834 3900 mor-

202 3933 379 3991 taliter
408 3936 631 4001 vivunt,
664 3936 792 3989 sine
829 3937 1061 4004 peccato
1095 3949 1210 3987 non
1256 3932 1407 3989 425
1462 3938 1618 3989 sunt.
1672 3934 1833 3989 Unde

199 4022 324 4079 dicit
354 4025 554 4081 beatus
585 4024 882 4079 Joannes:
917 4022 978 4077 Si
1018 4021 1332 4077 dixerimus
1380 4023 1510 4093 quia
1557 4036 1832 4093 peccatum

204 4128 292 4166 non
314 4112 706 4183 habemus,ipsi
725 4128 822 4166 nos
837 4114 1226 4177 seducimus,et
1244 4112 1446 4167 veritas
1466 4114 1524 4167 in
1546 4114 1701 4168 nobis
1720 4130 1830 4168 non

201 4205 261 4254 est
288 4204 328 4258 tl
356 4205 511 4259 Joan.
550 4220 589 4271 1,
614 4203 688 4271 8).
721 4201 971 4256 Sanctus
994 4216 1229 4271 quoque
1252 4200 1555 4272 apostolus
1574 4201 1829 4257 Jacobus

203 4296 425 4347 testatur
455 4293 595 4363 quia
620 4290 679 4345 in
710 4289 901 4344 multis
931 4289 1263 4361 offendimus
1292 4305 1482 4345 omnes
1504 4292 1634 4359 (Jac.
1660 4291 1824 4361 111,2).

259 4380 340 4436 36.
373 4383 476 4437 Sed
507 4398 621 4437 non
651 4380 789 4435 talia
824 4384 964 4434 sunt
997 4385 1233 4449 peccata
1264 4384 1598 4433 sanctorum
1631 4378 1829 4447 qualia

203 4475 319 4523 sunt
336 4471 695 4541 iniquorum.
712 4468 951 4523 Peccata
973 4467 1128 4522 enim
1148 4473 1485 4521 sanctorum
1508 4466 1675 4532 levia,
1699 4484 1828 4538 pec-

208 4564 314 4610 cata
342 4558 671 4628 iniquorum
696 4556 897 4628 gravia
922 4560 1081 4611 sunt.
1106 4557 1167 4609 In
1189 4555 1444 4625 peccatis
1462 4554 1825 4625 iniquorum,

216 4652 292 4698 aut
317 4646 383 4701 de
408 4611 524 4702 D‘eo
544 4611 730 4701 mal;
743 4647 921 4700 sentit
939 4611 1697 4714 humanaperversitasZaut
1722 4611 1825 4699 bo;
1857 4624 1901 4688 Π

219 4736 402 4790 minem
433 4740 499 4791 ad
532 4736 631 4808 (al.
668 4735 788 4806 per)
820 4732 1109 4789 desideria
1138 4731 1332 4788 carnis
1364 4733 1524 4788 ducit
1564 4731 1825 4788 humana

220 4825 489 4893 cupiditas,
522 4830 625 4881 aut
658 4822 989 4895 proximum
1024 4820 1178 4875 laedit
1202 4820 1460 4876 humana
1482 4822 1819 4880 crudelitas.

221 4911 279 4966 De
305 4913 388 4970 bis
417 4916 566 4971 enim
596 4912 695 4985 qui
729 4913 788 4967 in
822 4916 1003 4967 Deum
1040 4917 1283 4982 peccant
1313 4911 1610 4982 Sapientia
1640 4913 1820 4969 dicit:

222 4998 301 5066 Qui
324 5016 496 5061 autem
527 5007 585 5059 in
612 5019 702 5059 me
728 5006 975 5074 peccant,
1028 5000 1199 5071 impie
1242 5003 1457 5071 faciunt
1499 5004 1559 5057 in
1605 5002 1824 5058 animas

217 5104 339 5161 tuas;
370 5106 417 5151 et
444 5094 544 5168 qui
576 5110 661 5150 me
687 5093 919 5148 oderunt
949 5090 1191 5161 diligant
1220 5096 1449 5148 mortem
1482 5094 1665 5163 (Prov.
1702 5110 1822 5162 v111,

214 5176 300 5251 36).
321 5184 391 5240 De
414 5186 503 5240 bis
523 5191 718 5239 autem
739 5182 839 5253 qui
860 5180 1160 5236 luxuriose
1187 5183 1394 5236 vivunt
1417 5182 1561 5237 dicit
1584 5191 1825 5255 Aposto-

212 5264 307 5330 lus:
336 5278 392 5331 Si
420 5278 544 5347 quis
573 5282 760 5330 autem
791 5273 1059 5343 templum
1090 5274 1196 5328 Dei
1226 5272 1535 5339 violaverit,
1558 5274 1825 5345 disperdet

209 5359 347 5419 illum
375 5367 533 5422 Deus.
571 5366 852 5435 Ternptum
894 5361 1045 5416 enim
1094 5362 1193 5416 Dei
1238 5373 1491 5419 sanctum
1537 5369 1636 5429 est,
1684 5364 1825 5434 quod

207 5457 312 5509 estis
336 5472 441 5512 vos.
475 5456 642 5511 Nemo
670 5469 761 5509 vos
790 5452 1013 5508 seducet
1042 5452 1091 5519 (I
1128 5451 1248 5506 Cor.
1306 5470 1391 5520 111,
1444 5454 1529 5519 17,
1582 5454 1692 5523 18).
1744 5454 1824 5510 De

208 5542 313 5598 odio
340 5560 567 5616 quoque
598 5541 796 5597 lratris
819 5540 1028 5595 beatus
1049 5539 1307 5595 Joannes
1331 5540 1576 5610 loquens
1597 5543 1678 5595 ait
1698 5541 1825 5609 :Qui

210 5632 318 5689 dicit
338 5650 387 5690 se
416 5636 477 5689 in
511 5631 725 5687 lurnine
756 5629 830 5701 (al
862 5630 1004 5700 luce)
1028 5644 1160 5700 esse,
1180 5638 1231 5684 et
1251 5633 1484 5699 fratrem
1505 5648 1669 5687 suum
1688 5630 1820 5702 odit,

2036 1027 2124 1081 37.
2154 1027 2399 1084 Peccata
2428 1045 2564 1102 ergo
2593 1029 2955 1101 iniquorum,
2975 1029 3163 1084 tribus
3192 1029 3293 1100 (at.
3313 1027 3612 1098 omnibus)

1965 1116 2157 1170 modis
2189 1117 2358 1173 ﬁunt.
2395 1124 2512 1173 Aut
2543 1118 2699 1174 enim
2732 1117 3080 1190 sacrilegiis,
3114 1124 3214 1173 aut
3234 1117 3613 1189 ﬁagitiis,aut

1961 1203 3610 1279 facinoribusimplicantur.8acrilegiaadmittuntquando

1960 1293 2031 1347 de
2063 1293 2178 1350 Deo
2211 1312 2325 1350 non
2358 1301 2511 1351 recte
2542 1298 2826 1364 sentiunt,
2844 1301 2902 1352 et
2920 1313 2954 1351 a
2978 1311 3112 1351 vera
3130 1295 3243 1350 ﬁde
3260 1295 3378 1351 sive
3399 1295 3609 1349 timore

1960 1384 2373 1454 temporalium
2392 1386 2833 1440 commodorum
2858 1386 3085 1455 (a),sive
3104 1383 3227 1439 sola
3240 1383 3431 1439 cordis
3449 1382 3611 1437 caeci-

1958 1476 2077 1528 tate
2111 1490 2177 1529 ac
2210 1476 2583 1547 perversitate
2616 1477 2945 1532 discedunt.
2977 1481 3040 1529 In
3064 1474 3301 1545 ﬂagitiis
3321 1490 3452 1529 vero
3476 1490 3607 1544 pec-

1960 1568 2095 1617 cant
2124 1567 2357 1633 quando
2389 1565 2448 1620 in
2480 1566 2693 1637 seipsis
2736 1565 3106 1620 immoderati
3151 1571 3328 1635 atque
3371 1562 3608 1617 obsceni

1959 1656 2210 1723 turpiter
2240 1656 2464 1710 vivunt.
2498 1657 2559 1709 In
2598 1655 2958 1710 facinoribus
2992 1671 3126 1710 vero
3181 1660 3315 1708 tunc
3366 1655 3607 1723 peccant

1957 1742 2189 1811 quando
2221 1742 2366 1798 alios
2395 1751 2496 1798 aut
2514 1745 2877 1812 damnis,aut
2895 1744 3258 1814 quibuslibet
3274 1742 3605 1814 oppressio-

1958 1830 2133 1885 nibus
2164 1831 2474 1887 crudeliter
2505 1832 2746 1890 laedunt.
2779 1838 3068 1901 Utrosque
3100 1838 3318 1897 autem,
3370 1833 3493 1887 sive
3546 1831 3604 1883 in

1878 1885 1926 1950 Β
1958 1919 2094 1984 ﬁde,
2119 1885 2246 1975 sive
2267 1885 2330 1975 in
2346 1885 3603 1992 operibusicapitaliterlpeccantes;rcvprobos

1954 2008 2210 2078 appellat
2244 2010 2449 2065 beatus
2478 2010 2805 2081 Apostolus,
2835 2009 3036 2063 dicens
3068 2007 3137 2063 de
3168 2007 3285 2062 illis
3318 2008 3417 2078 qui
3457 2022 3601 2060 verae

1954 2096 2087 2151 ﬁdei
2119 2098 2563 2153 contradicunt:
2597 2098 2749 2153 Sicut
2769 2106 2951 2153 autem
2979 2099 3200 2154 Jamnes
3227 2106 3278 2151 et
3328 2094 3599 2152 Mambres

1950 2188 2275 2241 restiterunt
2302 2189 2489 2259 Moysi,
2512 2194 2599 2243 ita
2629 2197 2679 2243 et
2699 2189 2761 2243 hi
2776 2187 2870 2258 qui
2884 2187 3150 2241 resistunt
3169 2184 3595 2254 veritati,homi-

1950 2292 2046 2331 nes
2076 2280 2325 2349 corrupti
2359 2287 2558 2347 mente,
2592 2278 2814 2348 reprobi
2844 2276 2989 2333 circa
3018 2276 3176 2345 ﬁdem
3209 2277 3280 2346 (Il
3316 2277 3449 2331 Tim.
3505 2290 3589 2341 111,

1949 2368 2027 2431 8.)
2061 2367 2199 2423 Illos
2226 2372 2418 2423 autem
2453 2368 2550 2439 qui
2584 2370 2694 2423 sub
2743 2365 3105 2439 professione
3152 2383 3299 2422 vera:
3348 2364 3479 2419 ﬁdei
3532 2363 3591 2417 in

1950 2456 2120 2511 malis
2138 2459 2413 2529 operibus
2437 2462 2493 2513 et
2513 2457 2862 2511 criminibus
2880 2457 3083 2510 vivunt
3103 2453 3375 2510 similiter
3396 2453 3595 2523 objur-

1949 2560 2119 2617 gans,
2153 2547 2262 2602 ait:
2294 2546 2493 2603 Omnia
2521 2550 2729 2601 niunda
2746 2544 3392 2617 mundis:coinquinatis
3409 2546 3596 2598 autem

1949 2641 2001 2688 et
2032 2636 2346 2705 inﬁdelibus
2374 2636 2521 2691 nihil
2550 2640 2629 2691 est
2650 2636 2947 2703 mundum;
2978 2636 3068 2691 sed
3087 2635 3293 2706 polluta
3322 2642 3451 2687 sunt
3499 2647 3596 2686 eo-

1947 2740 2071 2777 rum
2105 2729 2158 2780 et
2182 2741 2333 2780 mens
2362 2730 2410 2781 et
2431 2724 3138 2795 conscientiaﬁonﬁrentur
3154 2741 3212 2779 se
3233 2739 3388 2778 nosse
3405 2722 3591 2790 Deum,

1944 2812 2106 2882 [actis
2135 2817 2315 2867 autem
2344 2822 2575 2885 negant,
2608 2830 2731 2868 cum
2755 2813 2867 2868 sint
2896 2814 3222 2877 abominati,
3254 2814 3305 2865 et
3336 2810 3590 2865 incredi-

1949 2900 2101 2968 biles,
2133 2912 2184 2957 et
2213 2904 2286 2956 ad
2313 2919 2473 2958 omne
2503 2918 2635 2970 Opus
2667 2905 2867 2958 bonum
2896 2902 3118 2974 reprobi
3146 2904 3271 2970 (Tit.
3308 2919 3347 2968 1,
3384 2901 3587 2967 15,16).

1946 2991 2096 3047 Dum
2130 2998 2323 3047 autem
2360 2999 2600 3064 peccant
2628 2993 2838 3060 sancti,
2870 2993 2955 3047 sic
2982 2993 3039 3046 in
3072 2992 3334 3062 quolibet
3355 2996 3588 3061 peccato

1946 3083 2206 3137 humana
2236 3082 2574 3137 inﬁrmitate
2592 3087 2692 3136 aut
2710 3082 2969 3136 humana
2986 3081 3366 3135 delectatione
3386 3080 3479 3147 (at.
3499 3078 3588 3132 di-

1945 3173 2215 3245 lectione)
2243 3173 2661 3238 succumbunt,
2686 3177 2749 3227 ut
2771 3189 2875 3227 nec
2893 3188 3035 3226 verae
3060 3171 3190 3225 ﬁdei
3212 3170 3589 3241 pertinaciter

1864 3257 1907 3323 C
1946 3263 2371 3328 contradicunt,
2398 3279 2501 3317 nec
2521 3262 2747 3332 seipsos
2770 3261 3006 3333 ﬂagitiis
3025 3260 3309 3332 polluant,
3331 3274 3435 3314 nec
3454 3275 3586 3329 pro-

1942 3352 2131 3407 ximos
2149 3352 2503 3407 l'acinoribus
2522 3350 2752 3406 laedant:
2774 3353 2921 3421 quod
2944 3351 3202 3405 ostendit
3220 3350 3424 3404 beatus
3438 3357 3589 3419 Apo-

1943 3446 2127 3497 stolus
2156 3442 2385 3496 dicens:
2418 3440 2684 3512 Apparuit
2710 3440 2861 3495 enim
2906 3439 3091 3511 gratia
3139 3440 3236 3494 Dei
3281 3438 3584 3494 Saluatoris

1941 3533 2192 3587 omnibus
2223 3529 2539 3585 hominibus
2559 3529 2823 3585 erudiens
2844 3535 3027 3596 nos,ut
3044 3529 3371 3599 abnegantes
3388 3527 3587 3599 impie-

1942 3624 2128 3688 tatem,
2162 3623 2213 3674 et
2236 3621 2530 3675 sa’cutaria
2559 3619 2852 3688 desideria,
2887 3619 3089 3684 sobrie,
3121 3629 3171 3674 et
3199 3619 3368 3690 juste,
3399 3622 3449 3673 et
3496 3618 3590 3686 pie

1940 3709 2187 3766 vivamus
2220 3712 2277 3764 in
2307 3709 2405 3763 hoc
2430 3707 2638 3766 saeculo
2668 3710 2797 3777 (Tit.
2830 3726 2893 3774 11,
2919 3709 3005 3779 11,
3031 3708 3141 3779 12).
3168 3709 3455 3762 Admonet
3478 3722 3583 3763 nos

1939 3800 2178 3871 quidem
2216 3798 2329 3854 alio
2359 3798 2484 3853 loco
2518 3799 2673 3854 idem
2712 3798 2918 3853 beatus
2965 3797 3290 3869 apostolus,
3338 3798 3583 3851 dicens:

1940 3894 2058 3945 Non
2088 3890 2208 3959 plus
2238 3904 2431 3958 sapere
2454 3905 2629 3958 quam
2661 3891 2875 3959 oportet
2906 3904 3115 3959 sapere,
3147 3886 3240 3942 sed
3284 3902 3473 3958 sapere
3514 3885 3587 3941 ad

1935 3981 2287 4034 sobrietatem
2317 3982 2493 4048 (Rom.
2527 3978 2713 4046 x11,3).
2734 3981 3151 4033 Verumtamen
3172 3978 3230 4032 in
3252 3978 3361 4032 hac
3378 3980 3586 4049 tripar-

1936 4069 2039 4124 tita
2067 4068 2353 4124 divisione
2384 4068 2442 4122 in
2474 4084 2591 4139 qua
2620 4068 2761 4123 dicit
2786 4073 2849 4122 ut
2878 4068 3091 4137 sobrie,
3123 4068 3378 4137 etjuste,
3408 4074 3464 4122 et
3494 4068 3583 4138 pie

1934 4160 2201 4214 vivamus
2219 4158 2275 4212 in
2304 4159 2409 4213 hoc
2432 4158 2665 4224 saeculo,
2684 4159 2917 4212 videtur
2946 4158 3083 4210 mihi
3109 4156 3247 4226 quia
3271 4156 3363 4211 ille
3387 4157 3583 4212 sobrie

1935 4247 2075 4301 vivit
2106 4246 2207 4319 qui
2241 4263 2353 4302 non
2386 4247 2539 4301 426
2573 4246 2842 4315 sequitur
2863 4244 3283 4299 delectamenta
3306 4242 3584 4312 luxuria,-

1931 4338 2087 4407 juste
2118 4335 2256 4390 vivit
2290 4335 2385 4406 qui
2408 4336 2739 4405 proximum
2766 4332 3102 4387 nullatenus
3124 4330 3298 4395 laedit,
3329 4336 3385 4384 et
3405 4330 3456 4384 ei
3483 4331 3581 4385 be-

1934 4426 2141 4482 neﬁcia
2174 4426 2231 4480 in
2263 4430 2555 4495 quantum
2584 4424 2737 4477 valet
2766 4422 3087 4491 impendit;
3122 4422 3211 4490 pie
3244 4420 3515 4491 vivit,qui
3549 4439 3585 4479 a

1933 4515 2210 4571 societate
2223 4513 2625 4569 ecclesiastica:
2642 4512 2889 4565 unitatis
2904 4527 2934 4563 n
2947 4508 3063 4564 ulla
3078 4508 3301 4563 ratione
3314 4510 3580 4577 discedit,

2019 4606 2172 4657 intra
2202 4600 2517 4656 Ecclesium
2552 4600 2801 4670 positus,
2834 4614 2899 4653 ea
2930 4614 3060 4668 quae
3078 4598 3405 4654 certissime
3422 4606 3580 4656 novit

1936 4694 2007 4748 ad
2040 4692 2343 4747 scientiam
2378 4706 2521 4745 verte
2554 4688 2688 4743 ﬁdei
2721 4688 3013 4760 pertinere
3045 4688 3451 4744 indubitanter
3483 4695 3577 4746 te-

1935 4788 2062 4850 net;
2094 4797 2161 4835 ea
2190 4796 2321 4834 vero
2355 4795 2481 4850 qua:
2513 4779 2739 4850 ignorat
2756 4783 2857 4833 aut
2882 4780 2951 4833 de
2971 4779 3186 4851 quibus
3209 4778 3578 4845 dubitat,bu-

1935 4871 2154 4925 militer
2176 4886 2243 4924 ac
2273 4870 2558 4941 patienter
2588 4866 2869 4939 eXplorat,
2900 4868 3104 4934 donec,
3136 4869 3184 4924 si
3216 4870 3357 4940 quid
3408 4868 3578 4926 aliter

1931 4960 2107 5032 sapit,
2139 4958 2253 5015 Deo
2284 4958 2396 5014 sibi
2429 4958 2717 5014 revelante
2746 4962 3079 5029 cognoscat.

2003 5094 2091 5149 38.
2127 5094 2255 5149 Haec
2288 5098 2481 5149 autem
2514 5093 2821 5161 sobrietas,
2840 5091 3161 5165 justitia,et
3192 5091 3376 5164 pietas
3396 5092 3496 5165 (al.
3519 5098 3576 5150 et

1933 5186 2083 5257 pax),
2117 5201 2241 5255 quia
2273 5185 2503 5240 cunctis
2532 5184 2743 5239 debent
2772 5182 2965 5237 inesse
2997 5181 3289 5253 ﬁdelibus,
3334 5182 3414 5238 ita
3461 5183 3577 5239 sibi

1933 5291 2200 5331 connexa}
2233 5279 2393 5339 sunt,
2430 5279 2496 5327 ut
2525 5273 2567 5325 si
2605 5289 2723 5327 una
2752 5287 2952 5325 earum
2982 5271 3250 5339 defuerit,
3284 5272 3401 5328 alia
3447 5289 3576 5344 qua

1931 5366 2159 5419 videtur
2188 5364 2396 5431 inesse,
2424 5360 2761 5416 nullatenus
2785 5360 3192 5432 prosit.Neque
3214 5362 3369 5418 enim
3394 5364 3580 5419 salvat

1932 5455 2031 5525 (at.
2068 5452 2230 5507 salva
2257 5458 2367 5517 est)
2399 5452 2686 5506 sobrietas
2717 5465 2830 5518 qua
2862 5449 3113 5520 quisque
3157 5466 3191 5504 a
3238 5451 3471 5524 ﬂagitiis
3518 5454 3579 5509 in

1934 5542 2127 5612 seipse
2160 5540 2433 5603 abstinet,
2468 5537 2580 5592 nisi
2615 5554 2708 5609 pia
2737 5544 2794 5591 et
2816 5537 2982 5606 justa
3014 5537 3205 5605 fuerit,
3230 5538 3285 5593 id
3309 5551 3420 5610 est,
3444 5548 3507 5597 ut
3526 5550 3581 5598 et

1934 5632 1992 5685 in
2021 5635 2199 5685 Deum
2225 5633 2378 5683 recte
2401 5629 2681 5694 credat,et
2703 5627 2855 5697 quod
2880 5626 3093 5683 caritas
3115 5629 3301 5699 poscit
3318 5634 3578 5701 proxime

265 5792 323 5862 (α)
350 5790 449 5845 Hic
479 5788 643 5862 deest
672 5784 919 5862 aliquid,
947 5788 1005 5841 et
1036 5783 1349 5857 legendum
1382 5784 1630 5855 videtur,
1662 5788 1777 5843 sive
1794 5788 1992 5844 timore
2021 5784 2411 5854 temporalium
2439 5798 2745 5856 poenarum,
2770 5783 2882 5839 sive
2900 5798 2993 5855 spe
3021 5786 3418 5854 temporalium
3435 5802 3578 5843 eom-

208 5860 482 5931 modorum,
511 5861 623 5916 sive
648 5860 787 5929 sola,
820 5862 935 5928 etc,
