3894 6224
132 295 250 354 601

1027 306 1128 365 DE
1172 307 1768 369 lNCAilNATIONE
1813 308 2002 369 FILII
2048 307 2171 367 DEI
2218 305 2452 366 LIBER
2494 304 2726 367 UNUS.

3466 308 3586 368 602

150 441 317 482 cesso
351 430 453 482 est
485 443 625 485 eum
661 431 832 489 malis
863 437 1220 506 perennibus
1259 439 1551 512 deputari,
1608 441 1826 512 quibus
1855 443 1912 507 A
1939 439 2088 510 pluit
2113 455 2280 511 super
2299 438 2476 510 justas
2504 443 2556 492 et
2583 437 2821 508 injustas
2857 437 3066 508 (Matth.
3097 454 3150 492 v.
3184 437 3293 509 45),
3343 454 3459 493 non
3501 454 3589 493 so-

158 531 360 571 carere
401 533 516 572 non
555 522 762 591 possit.

220 603 316 658 53.
363 606 658 663 Cobibeat
680 609 861 682 igitur
883 616 1294 689 unusquisque
1323 619 1711 675 temeritatem
1745 637 1836 676 co-

1942 530 2063 585 lum
2095 529 2378 584 Herodem
2410 527 2780 582 incredulum
2823 529 3121 584 vermibus
3149 527 3419 583 consum-i
3452 528 3586 583 fecit

1940 619 2082 689 (Act.
2117 633 2214 686 xu,
2247 618 2359 684 23),
2391 618 2489 671 sed
2517 618 2692 672 etiam
2716 632 2951 672 servum
2987 632 3161 671 suum
3193 615 3302 671 Job
3335 617 3496 670 sanie
3515 633 3581 671 ac

157 692 474 792 gitationis
521 713 684 767 suis;
718 706 776 756 et
819 702 976 759 sicut
1023 723 1091 762 ea
1121 710 1338 778 quibus
1369 709 1713 777 delectatur,
1746 711 1832 766 sic
1937 707 2232 762 vermibus
2255 705 2498 762 ebullire
2521 704 2786 776 permisit
2814 705 2928 774 (Job
2951 721 3012 770 ιι,
3045 705 3094 773 8)
3130 724 3144 773 ;
3179 704 3361 760 sedin
3385 705 3580 760 futuro

151 788 338 838 etiam
387 801 456 840 ea
488 789 709 858 quibus
740 791 1052 849 offenditur
1090 797 1438 853 naturaliter
1467 816 1500 854 α
1529 805 1646 854 Deo
1679 800 1831 856 facta
1926 796 2224 867 justorum
2249 811 2492 867 corpora
2508 794 2729 850 nullam
2753 795 3006 849 sentient
3027 794 3582 864 corruptionismor—

145 888 267 926 non
304 874 552 932 dubitet
583 895 598 932 :
657 880 828 950 cujus
877 883 1166 954 sapientia
1195 886 1492 959 attingens
1519 906 1553 944 a
1582 889 1698 944 ﬁne
1729 906 1825 945 us-

145 977 261 1031 que
289 963 374 1018 ad
409 963 587 1022 ﬁnem
622 968 872 1039 fortiter,
921 985 979 1028 et
1015 975 1338 1047 disponens
1388 980 1586 1034 omnia
1635 977 1827 1034 suavi-

146 1053 253 1116 ter,
288 1051 482 1108 etiam
515 1055 590 1110 de
615 1057 708 1113 bis
739 1059 916 1116 rbeus
943 1078 1091 1134 quas
1123 1065 1276 1122 482
1308 1067 1604 1138 corruptio
1636 1072 1824 1124 exter-

145 1139 372 1208 minat,
408 1142 914 1214 pulchritudinem
947 1152 1040 1207 sui
1073 1154 1267 1224 operis
1293 1161 1578 1212 monstrat
1609 1177 1624 1224 ;
1657 1157 1716 1212 in
1742 1156 1826 1228 ip-

141 1228 225 1283 sis
289 1247 542 1304 quoque
605 1236 1030 1296 minutissimis
1094 1243 1453 1300 animalibus
1505 1247 1822 1303 ostendens

141 1318 232 1372 sui
282 1320 772 1396 uniuscujusque
815 1330 1048 1400 generis
1086 1334 1285 1401 decus,
1318 1335 1418 1402 qui
1455 1335 1591 1390 fecit
1623 1336 1819 1392 minu-

141 1406 424 1465 tissimas
457 1429 694 1469 muscas
727 1419 956 1489 magnis
983 1420 1311 1492 elephantis
1343 1435 1562 1494 quanto
1593 1425 1814 1482 brevio-

141 1512 258 1565 res,
303 1505 479 1557 tanto
511 1503 806 1574 agiliores,
853 1514 908 1563 et
939 1526 1072 1564 cum
1124 1513 1201 1566 sit
1233 1511 1289 1567 in
1324 1515 1589 1585 utrisque
1621 1515 1818 1585 dispar

143 1591 463 1656 quantitas
496 1597 922 1668 membrorum,
971 1616 1082 1655 non
1110 1606 1313 1657 tamen
1359 1603 1558 1675 dispar
1588 1609 1643 1659 et
1673 1621 1814 1676 ope-

142 1692 274 1731 rum
309 1677 1104 1754 laudatiodivinorum.Quis
1127 1691 1282 1745 enim
1309 1709 1520 1748 sanum
1553 1693 1810 1765 sapiens,

1933 886 2294 956 talitatisque
2336 885 2686 952 molestiam,
2738 883 3050 955 quandoin
3083 882 3165 937 eis
3197 882 3576 954 corruptibile

1933 975 2042 1030 hoc
2074 975 2278 1031 induet
2332 973 2834 1030 immortalitatem
2866 974 2913 1044 (ι
2944 973 3064 1028 Cor.
3106 991 3197 1042 xv,
3229 973 3342 1042 53).
3377 975 3438 1028 In
3473 971 3575 1027 illa

1931 1065 2219 1120 bonorum
2249 1063 2390 1129 vita,
2423 1063 2832 1134 malorumque
2864 1063 3103 1118 miseria
3123 1062 3240 1117 sive
3257 1061 3572 1130 bonis,sivc

1931 1154 2102 1210 malis
2135 1155 2270 1224 vita,
2322 1153 2732 1224 malorumque
2780 1151 3037 1215 miseria,
3078 1151 3196 1206 sive
3227 1151 3415 1216 bonis,
3448 1149 3571 1206 sive

1929 1243 2102 1299 malis
2115 1242 2401 1316 quidquid
2417 1241 2788 1313 erit,plenum
2803 1249 3192 1310 aeternumque
3210 1240 3338 1294 erit.
3351 1242 3470 1293 Non
3489 1235 3569 1294 ibi

1928 1331 2284 1388 cruciatibus
2305 1331 2516 1388 solatia
2530 1330 3150 1400 miscebuntur,neque
3171 1326 3465 1383 cruciatus
3480 1345 3568 1383 so-

1925 1422 2080 1478 latiis
2105 1421 2555 1477 inserentur.lbi
2579 1419 2871 1475 aeternitas
2889 1418 3235 1491 gaudiorum
3261 1435 3326 1473 ac
3349 1419 3571 1490 suppli-

1926 1511 2148 1567 ciorum
2176 1511 2302 1566 sine
2327 1512 2440 1566 ﬁne
2473 1510 2770 1577 manebit;
2822 1525 2925 1565 nec
2957 1507 3092 1564 mali
3126 1507 3336 1578 gaudia
3368 1525 3565 1580 spera-

1925 1603 2090 1670 bunt,
2125 1617 2230 1656 nec
2286 1601 2420 1655 boni
2477 1600 2782 1654 tristitiam
2826 1599 3226 1654 formidabunt
3257 1615 3270 1653 :
3306 1598 3360 1651 in
3397 1598 3566 1654 bonis

1921 1697 2135 1746 aeterna
2156 1689 2464 1745 exsultatio
2484 1705 2728 1744 manens
2751 1705 2984 1759 semper
3007 1687 3117 1741 erit
3151 1688 3210 1742 in
3256 1687 3427 1743 malis
3459 1706 3567 1742 au-

137 1769 193 1818 et
239 1765 582 1864 invisibilia
635 1773 730 1827 Dei
775 1791 884 1864 per
913 1792 982 1832 ea
1006 1793 1133 1848 quas
1169 1780 1320 1836 facta
1345 1787 1486 1837 sunt
1517 1782 1810 1840 intellecta
1838 1799 1886 1864 Β
1919 1785 2031 1835 tem
2093 1779 2262 1834 fletus
2301 1783 2357 1834 et
2405 1777 2621 1832 stridor
2667 1777 2928 1832 dentium
2979 1792 3213 1848 semper
3262 1777 3560 1847 manebit;

136 1855 550 1927 conspiciens,
600 1877 714 1917 non
770 1863 966 1935 ipsum
995 1866 1180 1923 Deum
1213 1869 1482 1940 opificem
1513 1870 1710 1926 laudet
1741 1871 1799 1926 in

138 1944 494 2012 vermiculo,
525 1950 721 2019 {quem
773 1951 978 2010 laudat
1034 1955 1092 2010 in
1143 1955 1500 2028 elephanto?
1556 1965 1655 2016 aut
1686 1977 1800 2016 non

140 2032 421 2089 eumdem
469 2035 672 2094 laudet
715 2038 774 2095 in
827 2042 1040 2114 pulice,
1073 2062 1246 2116 quem
1279 2045 1481 2104 laudat
1512 2049 1569 2104 in
1604 2051 1746 2106 bove
1775 2049 1802 2104 ?

140 2119 281 2177 Cum
345 2125 532 2182 etiam
593 2127 693 2184 illa
747 2131 919 2203 signa
975 2151 1102 2206 quae
1133 2135 1192 2191 in
1232 2139 1479 2208 gemmis
1510 2141 1800 2196 artificum

139 2209 402 2303 formare
461 2221 766 2276 consuevit
815 2223 1109 2280 industria
1145 2233 1311 2284 tanto
1343 2230 1531 2303 magis
1559 2230 1802 2290 laudare

133 2302 327 2442 soleat.
379 2307 641 2380 animus,
693 2317 915 2382 quanto
952 2314 1273 2374 minutiora
1312 2302 1575 2376 intuetur
1603 2339 1803 2394 aspec-

161 2406 250 2442 us-

204 2482 298 2573 54.
349 2488 564 2544 Omnia
605 2489 804 2564 itaque
843 2493 1025 2552 Deum
1061 2513 1291 2556 creasse
1333 2501 1630 2558 fatendum
1661 2507 1752 2558 est
1785 2521 1800 2573 ;

139 2572 238 2626 sed
273 2573 394 2630 ista
426 2579 644 2648 quibus
678 2591 822 2638 nutu
851 2583 1043 2642 divino
1067 2587 1301 2660 vapulat
1330 2589 1592 2647 humana
1616 2597 1803 2649 trans-

140 2664 395 2752 gressio,
428 2667 571 2723 dum
615 2673 895 2742 quaeritur
945 2681 1144 2733 utrum
1186 2684 1500 2752 antequam
1535 2687 1801 2752 peccaret

139 2751 355 2822 Adam,
391 2773 462 2811 an
515 2765 828 2832 postquam
872 2767 1150 2836 peccavit,
1186 2751 1405 2824 fuerint
1435 2787 1468 2826 a
1493 2751 1610 2826 Deo
1635 2788 1798 2828 crea-

141 2844 221 2909 ta,
252 2859 520 2918 congrue
551 2852 959 2921 respondetur,
994 2855 1094 2912 illa
1137 2874 1262 2929 quas
1297 2857 1382 2914 vel
1416 2877 1483 2914 ex
1513 2860 1680 2931 aquis
1711 2861 1798 2916 vel

144 2945 206 2986 ex
239 2937 398 3022 terra
427 2936 778 3010 gignuntur,
829 2942 945 3000 Deo
976 2950 1114 3002 tunc
1145 2953 1380 3004 creante
1411 2951 1800 3022 primordiali-

142 3022 222 3112 ter
250 3020 548 3094 instituta,
602 3029 673 3084 ab
704 3029 803 3087 illo
859 3034 1056 3106 utique
1103 3044 1362 3094 creatore
1413 3020 1520 3112 qui
1555 3058 1669 3096 non
1702 3059 1795 3098 so-

142 3105 258 3164 lum
294 3118 572 3171 naturam
609 3116 866 3176 hominis
899 3139 1074 3195 quam
1109 3126 1360 3182 faciebat
1391 3105 1652 3197 noverat,
1687 3132 1788 3186 sed

148 3199 312 3256 etiam
368 3204 566 3275 ipsum
628 3206 928 3266 hominem
1006 3221 1384 3286 peccaturum
1445 3219 1798 3277 mirabiliter

151 3292 505 3356 presciebat.
538 3295 656 3353 Nec
686 3298 771 3354 sic
799 3298 896 3355 illa
930 3301 1086 3369 fecit,
1130 3309 1190 3360 ut
1221 3322 1286 3361 ea
1319 3307 1494 3364 homo
1525 3319 1655 3364 ante
1678 3325 1805 3382 pec-

155 3383 362 3451 catum,
423 3383 514 3439 vel
562 3386 810 3444 sentiret
864 3392 1056 3459 noxia,
1107 3395 1188 3448 vel
1226 3394 1480 3453 timeret.
1525 3397 1616 3454 Sic
1645 3401 1799 3456 enim

52 3499 58 3560 :v
157 3481 279 3561 eum
304 3471 528 3530 nullius
561 3477 775 3532 terreni
811 3481 1131 3536 animantis
1155 3483 1360 3540 lazdere
1404 3491 1627 3558 poterat
1669 3490 1797 3561 qui-

1913 1868 2147 1940 iniquos
2178 1870 2232 1923 in
2256 1875 2536 1923 aeternum
2591 1866 2833 1922 miseros
2868 1865 3140 1921 retinebit
3170 1864 3415 1920 societas
3446 1866 3564 1920 daa-

1913 1959 2264 2026 moniorum,
2301 1960 2496 2029 justos
2526 1960 2719 2011 autem
2752 1955 2809 2009 in
2841 1959 3121 2010 aeternum
3153 1955 3351 2010 beatos
3370 1971 3563 2025 aequa-

1911 2049 2045 2104 litas
2068 2057 2406 2104 sanctorum
2433 2045 2712 2117 suscipiet
2743 2043 3107 2115 angelorum.

1982 2139 2135 2194 483
2157 2139 2328 2192 ~56.
2355 2137 2600 2193 Proinde
2623 2135 3084 2190 misericordiam
3113 2131 3563 2203 Deojudicium-

1909 2244 2022 2298 que
2044 2233 2606 2296 cantantes,tempus
2627 2223 3036 2280 misericordia
3060 2240 3173 2278 non
3212 2226 3559 2278 contemna-

1909 2333 2065 2384 mus,
2087 2320 2150 2371 ut
2164 2315 2530 2387 adjudicium
2557 2316 2684 2370 sine
2708 2313 3016 2368 formidine
3029 2314 3561 2382 veniamus.Spere-

1911 2406 2344 2476 musjudicem,
2377 2420 2552 2476 quem
2587 2403 2861 2460 novimus
2891 2402 3360 2473 Redemptorem.
3395 2401 3561 2459 Talia

1909 2495 2028 2550 sint
2049 2512 2224 2567 opera
2249 2499 2449 2550 nostra
2471 2493 2689 2564 quibus
2730 2493 3048 2548 reddantur
3076 2492 3316 2564 prmmia
3337 2508 3456 2548 sem
3468 2492 3557 2564 pi-

1908 2592 2090 2640 terna.
2125 2583 2186 2638 In
2220 2599 2284 2639 eo
2313 2583 2466 2655 quod
2486 2583 2784 2638 molestias
2813 2582 3112 2654 praesentis
3134 2582 3414 2655 temporis
3439 2599 3555 2638 me-

1909 2674 2130 2728 tuimus
2179 2677 2238 2728 et
2280 2673 2554 2742 vitamus,
2577 2673 2712 2728 inde
2744 2672 2914 2728 nobis
2946 2671 3435 2728 considerandum
3468 2676 3558 2729 est

1907 2771 2190 2834 quantum
2217 2780 2418 2834 poenas
2436 2768 2680 2818 aeternas
2703 2763 2901 2833 fugere
2920 2762 3258 2818 debeamus.
3295 2761 3552 2819 Decline-

1909 2870 2040 2907 mus
2057 2869 2191 2925 ergo
2213 2870 2246 2908 a
2271 2853 2521 2918 malis,ct
2567 2853 2854 2909 faciamus
2881 2854 3070 2908 bona:
3113 2853 3222 2908 hoc
3243 2853 3398 2908 enim
3423 2870 3546 2909 om-

1907 2942 1999 2997 nis
2025 2941 2200 2997 bomo
2235 2943 2489 2998 inveniet
2518 2942 2579 2998 in
2612 2950 2869 3013 tempore
2900 2942 3110 2997 divinae
3156 2943 3560 3001 retributionis

1908 3033 2060 3103 quod
2080 3033 2173 3087 hic
2189 3032 2530 3088 babueritin
2549 3031 2825 3104 operibus
2851 3031 3234 3094 suis,dicente
3250 3033 3287 3086 A
3302 3030 3555 3101 postolo:

1911 3126 2276 3194 Quaecunque
2329 3121 2482 3177 (nim
2530 3121 2886 3178 seminaverit
2915 3121 3093 3184 homo.
3120 3120 3236 3175 haze
3265 3129 3318 3176 et
3345 3127 3508 3176 metet
3542 3137 3557 3175 :

1909 3213 2168 3282 quoniam
2183 3213 2282 3282 qui
2300 3213 2534 3266 seminat
2555 3212 2615 3266 in
2635 3226 2804 3265 carne
2822 3225 2943 3272 sua,
2975 3213 3046 3265 de
3073 3225 3242 3264 carne
3255 3214 3417 3264 metet
3436 3225 3557 3264 eor-

1907 3300 2218 3371 ruplionem
2243 3326 2257 3366 ;
2273 3300 2370 3372 qui
2387 3305 2574 3354 autem
2593 3299 2955 3355 seminaverit
2969 3301 3025 3354 in
3039 3298 3264 3370 spiritu,
3279 3303 3346 3354 de
3355 3302 3560 3368 spiritu

1906 3397 2067 3445 metet
2096 3392 2270 3446 vitam
2296 3399 2564 3446 aeternam
2596 3387 2740 3460 (Gul.
2763 3405 2842 3457 Vl,
2872 3389 2942 3459 8).
2962 3389 3205 3460 Propter
3221 3389 3371 3460 quod
3400 3390 3556 3445 idem

1906 3493 2012 3532 nos
2025 3477 2328 3549 apostolus
2345 3481 2414 3534 ad
2427 3481 2850 3544 monet,dicens
2866 3495 2880 3533 :
2899 3478 2960 3534 Si
2971 3478 3420 3534 enim-secundum
3435 3493 3564 3533 ear-

157 3552 285 3650 l‘i‘bet
309 3570 494 3628 actus,
548 3565 705 3620 sicut
757 3566 884 3638 ipse
929 3574 1273 3628 cunctorum
1309 3552 1494 3630 fuerat
1524 3552 1798 3635 domibus
1903 3582 2030 3621 nem
2046 3567 2328 3638 viceritis,
2350 3571 3179 3643 moriemini;siautemspiritu
3198 3571 3347 3640 facta
3369 3568 3557 3624 carnis

155 3645 335 3706 divino
357 3667 601 3709 munere
635 3655 1014 3715 constitutus.
1053 3659 1184 3716 Haec
1215 3661 1414 3734 itaque
1445 3664 1669 3722 homini
1702 3685 1798 3725 no-

156 3735 238 3830 xia
265 3745 434 3812 atque
469 3742 797 3814 perniciosa
828 3751 1218 3821 transgressio
1242 3754 1376 3809 lecit
1402 3756 1589 3826 ipsius
1616 3757 1797 3814 homi-

160 3825 255 3895 nis,
286 3845 394 3885 non
446 3832 709 3888 conditio
757 3834 1066 3894 Creatoris.
1099 3839 1298 3912 Neque
1324 3845 1478 3899 enim
1515 3846 1622 3901 hoc
1653 3863 1792 3918 ope—

52 3923 56 3990 ῗ
159 3922 265 3971 rata
291 3921 726 3994 estbenignitas
748 3927 1020 3997 creantis,
1047 3930 1149 3984 sed
1181 3933 1786 4004 azquitasjudicantis.

1904 3659 2388 3727 mortiﬁcaveritis,
2440 3660 2634 3716 vivatis
2654 3660 2830 3733 (Rom.
2854 3677 2977 3731 vm,
3003 3661 3108 3733 13).
3143 3661 3247 3717 Hic
3271 3675 3409 3732 ergo
3431 3662 3557 3732 spi-

1903 3745 2014 3800 ritu
2049 3747 2201 3821 facta
2231 3749 2428 3805 carnis
2461 3750 2908 3818 mortificemus,
2941 3758 2999 3806 et
3026 3750 3240 3808 mortui
3294 3756 3554 3822 peccato,

1898 3833 2016 3892 Deo
2039 3835 2447 3897 vivamus.Nec
2475 3859 2582 3900 nos
2604 3842 2800 3900 seculi
2825 3845 3184 3914 prosperitas
3196 3845 3557 3914 corrumpat,

1898 3940 2001 3980 nec
2033 3929 2354 3989 adversitas
2380 3933 2824 4006 frangat.Corde
2848 3936 3172 4008 migremus
3215 3933 3287 3989 de
3332 3933 3560 3988 habita-

216 4007 404 4100 βδληβ
430 4026 565 4068 νθτο
591 4029 720 4084 qua3
744 4015 1205 4088 ἀθοοττυριίοηθ
1227 4023 1494 4079 carnium
1518 4024 1790 4084 videmus
1895 4013 2054 4072 tione
2076 4020 2499 4097 hujusmundi,
2518 4007 3227 4100 dequasumusiceleriter
3245 4024 3417 4078 etiam
3434 4039 3562 4098 cor‘

163 4095 276 4151 oriri
302 4099 383 4154 vel
419 4103 746 4171 fructuum,
779 4121 891 4161 non
918 4107 1156 4178 quidem
1187 4120 1320 4166 tunc
1350 4111 1791 4172 dicimusexsti-

1894 4122 2032 4176 POre
2055 4117 2361 4189 migraturi
2389 4141 2402 4178 :
2428 4129 2493 4178 ut
2513 4122 2614 4178 illa
2635 4138 2739 4176 nos
2757 4118 3009 4175 caelestis
3037 4117 3250 4170 domus
3279 4113 3557 4202 excipiat,

165 4184 279 4286 lisse
292 4191 727 4286 quando-iutilia
744 4197 1066 4252 sexdiebus
1086 4199 1218 4256 fecit
1247 4199 1402 4257 Deus
1415 4205 1612 4260 omnia
1639 4207 1788 4263 bona
1891 4214 1962 4269 de
1985 4231 2102 4286 qua
2123 4184 2258 4269 (ficii
2277 4213 2594 4286 Αροειοιυε
2617 4211 2775 4283 quod
2789 4207 3233 4264 aediﬁcationem
3264 4184 3552 4260 babemus’

164 4275 304 4332 valde
327 4296 340 4341 ;
363 4279 460 4335 sed
491 4279 577 4336 sic
598 4279 703 4337 illa
725 4286 1124 4355 temporaliter
1154 4289 1298 4345 facta
1321 4297 1551 4362 sunt,ut
1574 4296 1643 4352 de
1666 4295 1784 4352 illis

59 4445 64 4456 '
164 4369 258 4456 ista
269 4369 632 4438 postmodum
651 4377 1142 4432 nascerentur.Ad
1158 4394 1333 4449 quam
1352 4384 1783 4454 corruptionem

57 4454 62 4513 ί
164 4454 314 4510 etiam
334 4456 588 4514 humana
603 4459 876 4518 devoluta
890 4469 979 4518 est
993 4469 1387 4538 caro,quando
1403 4469 1486 4526 sic
1499 4473 1778 4546 scriptum

1891 4318 1959 4356 ex
1982 4303 2112 4371 Deo,
2138 4304 2380 4358 domum
2402 4319 2516 4358 non
2543 4302 2969 4364 manul'actam,
3001 4300 3279 4351 internam
3308 4293 3366 4347 in
3389 4292 3548 4349 caelis

1892 4390 1973 4462 (II
2001 4393 2134 4446 Cor.
2165 4408 2220 4462 ν,
2254 4392 2328 4462 1).
2361 4390 2438 4445 De
2472 4389 2582 4444 bac
2615 4387 2906 4459 scriptum
2937 4394 3020 4440 est
3057 4401 3070 4440 :
3103 4384 3264 4438 Beati
3313 4385 3410 4454 qui
3439 4382 3546 4438 htt-

1894 4481 2141 4536 bilantin
2165 4483 2465 4550 domatua,
2484 4477 2714 4534 Domine
2734 4496 2748 4546 ;
2771 4479 2830 4533 in
2844 4477 3054 4533 saecula
3083 4473 3410 4530 szeulorum
3431 4473 3548 4528 lau-

167 4549 276 4600 est:
299 4547 454 4604 Homo
482 4564 613 4604 cum
646 4549 707 4604 in
735 4549 938 4608 honore
960 4560 1118 4622 esset,
1144 4573 1252 4613 non
1284 4559 1564 4617 intellexit
1597 4579 1612 4630 ;
1641 4579 1784 4620 eom-
1817 4551 1865 4614 Ι)
1895 4570 2104 4625 dabunt
2132 4574 2185 4624 te
2220 4569 2391 4639 (Psal.
2425 4547 2624 4636 nxxxv,
2657 4567 2824 4638 5).lbi
2850 4567 2998 4621 sicut
3030 4569 3122 4621 est
3141 4571 3354 4619 zelerna
3372 4562 3543 4619 habi-

162 4639 354 4722 raratus
375 4643 444 4694 est
467 4639 751 4708 jumentis
783 4642 1196 4716 insipientibus,
1215 4657 1267 4703 el.
1285 4648 1492 4705 similis
1509 4654 1686 4722 factus
1706 4663 1789 4710 est

164 4721 267 4779 illis
283 4726 442 4796 (Psal.
462 4745 661 4794 xnvm,
702 4731 786 4790 l3)
820 4749 834 4800 ;
869 4739 930 4787 ut
953 4733 1081 4805 jam
1114 4752 1329 4810 corpus
1349 4721 1668 4810 peccatoris
1690 4744 1788 4800 bo‘

170 4813 316 4872 minis
336 4819 648 4875 necessitas
678 4819 967 4878 obtineret
987 4827 1385 4898 corruptionis
1404 4836 1461 4885 et
1479 4832 1684 4888 mortis
1711 4849 1724 4889 :
1749 4852 1784 4891 a

171 4904 346 4975 quibus
372 4909 607 4966 duobus
627 4907 798 4965 malis
823 4927 1064 4984 corpora
1095 4922 1236 4972 sunt
1267 4934 1370 4989 per
1397 4920 1500 4976 Dei
1529 4921 1779 4992 gratiam

169 4992 740 5070 liberandajustorum
762 5024 776 5066 ;
795 5017 906 5057 non
925 5002 980 5056 in
997 5002 1106 5060 hoc
1119 5009 1234 5062 tem
1245 5009 1467 5078 pore,in
1483 5012 1780 5081 quo,sicut

174 5089 290 5144 Deus
312 5090 469 5148 solem
499 5107 671 5146 suum
711 5091 850 5160 facit
878 5092 1021 5149 oriri
1043 5111 1204 5170 super
1234 5097 1395 5155 bonos
1423 5108 1474 5157 et
1500 5101 1695 5173 malos,
1725 5109 1776 5161 et

1898 4659 2064 4724 tatio,
2095 4658 2180 4714 sic
2211 4663 2299 4714 est
2317 4663 2534 4713 mterna
2555 4655 2927 4713 laudatio.lbi
2952 4657 3053 4729 qui
3078 4655 3362 4723 habitant,
3395 4670 3549 4711 sem-

1895 4765 1995 4819 per
2028 4753 2208 4804 Deum
2265 4747 2531 4816 laudant,
2577 4748 2716 4820 quia
2743 4748 2815 4804 de
2845 4747 3096 4803 Domino
3125 4755 3179 4803 et
3208 4746 3267 4800 in
3296 4745 3544 4802 Domino

1894 4837 2465 4910 semperexsultaut;
2488 4839 2713 4895 etsicut
2729 4838 3105 4895 laudantibus
3117 4836 3312 4892 suavis
3325 4839 3543 4891 sancte

1892 4926 2266 4984 habitationis
2286 4928 2594 4996 aeternitas,
2629 4929 2713 4984 sic
2746 4928 3140 4984 habitantium
3173 4930 3387 4980 aeterna
3419 4941 3544 4979 ma-

1891 5021 1987 5072 net
2015 5016 2292 5073 laudandi
2324 5019 2605 5074 suavitas.
