3848 6344
166 400 246 463 ϐω
323 400 385 460 S.
419 396 842 460 FULGENTII
874 397 1227 460 EPISCOPI
1260 395 1685 458 ltUSPENSIS
1719 395 1818 453 Ι)ιῦ
1856 394 2249 458 VEBl'l‘A'l‘E
2287 387 3072 460 PRAEDESTINATIONIS
3101 383 3252 446 LIB.
3289 382 3340 440 Ι.

3427 379 3545 441 606

170 536 356 608 peperit
378 539 626 590 mortem
659 537 754 600 ;et
786 532 1079 588 hominem
1098 530 1346 600 primum
1368 527 1507 600 quia
1531 527 1792 599 possedit
1819 530 1877 595 Α
1907 526 2112 595 Isaias,
2139 527 2278 600 quia
2329 536 2552 598 peccata
2608 529 2798 582 nostra
2825 523 2940 595 ipse
2984 518 3222 593 portavit
3240 516 3393 591 (Isai.
3426 530 3554 585 LIII,

172 643 296 682 mors
315 623 788 690 criminis,etiam
815 638 974 678 mors
1001 620 1156 676 illico
1178 621 1496 676 subsecuta
1519 615 1789 674 estultio-

169 715 390 771 nisJude
448 715 672 768 factum
709 716 798 767 est
833 716 898 766 ut
927 712 1060 781 ejus
1095 710 1422 766 universam
1451 708 1785 780 progeniem

170 822 250 860 non
272 808 455 859 solum
482 801 539 856 in
566 803 639 857 iis
664 801 761 872 qui
786 803 1021 872 proprio
1058 805 1298 871 possent
1331 797 1570 854 arbitrio
1596 795 1784 850 delin-

171 910 328 966 quere,
355 893 452 948 sed
486 890 740 947 etiamin
767 889 1025 960 parvulis
1051 889 1300 945 necdum
1321 887 1555 960 propria
1579 883 1789 940 utenli-

171 985 253 1038 bus
269 981 581 1048 voluntate,
625 985 827 1035 reatus
860 978 1282 1050 obstringeret,
1315 981 1392 1046 et,
1437 973 1788 1047 praevalente

168 1079 380 1143 peccato,
413 1068 702 1142 poenalem
732 1067 845 1125 sibi
894 1085 999 1140 per
1019 1083 1224 1124 omnes
1246 1065 1515 1121 homines
1542 1079 1700 1119 mors
1731 1077 1792 1131 et

171 1162 439 1216 transitum
501 1158 824 1214 vindicaret
862 1163 920 1213 et
971 1173 1241 1229 regnum.
1274 1159 1516 1227 Propter
1547 1152 1702 1224 quod
1737 1156 1794 1208 et

167 1249 435 1322 Apostolus
459 1248 608 1304 dicit
623 1265 636 1304 :
653 1252 766 1304 Per
779 1264 952 1302 unum
975 1246 1250 1302 hominem
1264 1253 1542 1318 peccatum
1558 1242 1790 1316 intravi,

168 1340 212 1394 in
239 1341 528 1404 mundum,
587 1345 641 1394 et
667 1353 768 1409 per
794 1347 1084 1409 peccatum
1112 1351 1263 1390 mors
1289 1351 1302 1388 :
1333 1344 1386 1389 et
1416 1336 1496 1389 ita
1524 1332 1585 1388 in
1606 1347 1792 1391 omnes

167 1430 375 1484 hamum
424 1444 574 1482 mors
613 1427 964 1498 pertransiit,
996 1428 1052 1481 in
1085 1440 1189 1496 quo
1219 1439 1405 1480 omnes
1435 1426 1794 1494 peccaverunt

164 1521 300 1587 (Rom.
333 1535 388 1586 v,
443 1518 553 1588 12).
591 1519 734 1572 Item
793 1515 978 1571 dicit:
1026 1515 1288 1584 Regnavit
1335 1528 1482 1567 mors
1522 1512 1591 1567 ab
1623 1511 1790 1565 Adam

161 1623 296 1678 usque
317 1607 386 1661 ad
407 1607 657 1678 Moysen.
683 1604 850 1660 etiam
879 1607 938 1659 in
969 1620 1056 1660 eos
1077 1606 1172 1675 qui
1194 1620 1307 1657 non
1335 1605 1701 1673 pecnaverunt
1733 1598 1792 1653 in

160 1695 500 1751 similitudine
526 1692 1020 1765 praevaricationis
1049 1691 1181 1750 Atlas
1203 1693 1395 1763 (lbid..
1424 1691 1794 1760 14).Peccans

158 1785 305 1858 igitur
327 1787 504 1841 homo
527 1790 708 1839 totam
739 1784 797 1839 in
815 1800 876 1838 se
898 1787 1130 1855 peccato
1163 1799 1272 1836 suo
1299 1780 1565 1836 subdidit
1587 1793 1793 1849 proge~

159 1877 314 1942 niem,
347 1873 588 1946 quando
611 1873 1010 1944 delinquendo
1038 1890 1229 1928 veram
1258 1871 1505 1945 perdidit
1550 1868 1788 1926 liberta-

156 1972 252 2022 tem
281 1968 352 2022 :A
385 1983 494 2038 quo
523 1965 678 2020 enim
710 1981 836 2038 quis
865 1965 1105 2021 devictus
1134 1971 1235 2034 est,
1265 1966 1394 2020 huic
1421 1972 1470 2019 et
1494 1978 1680 2018 servus
1703 1960 1795 2015 ad-

156 2057 306 2111 dictu:
333 2067 414 2112 est
446 2057 528 2125 (II
557 2061 706 2111 Petr.
757 2072 817 2119 ιι,
844 2054 964 2125 l9);
998 2059 1075 2121 et,
1109 2055 1294 2111 Omnis
1315 2052 1412 2125 qui
1439 2051 1574 2124 facit
1603 2067 1793 2123 pecca-

159 2153 283 2210 tum;
303 2162 496 2202 servus
525 2149 608 2200 est
629 2145 840 2217 peccati
873 2145 1056 2216 (Joan.
1086 2161 1210 2212 vm,
1233 2143 1346 2212 34).

212 2237 262 2291 5.
281 2237 364 2291 Ab
389 2235 500 2291 hac
515 2235 1338 2305 servitute,qua(a)nascentes
1355 2229 1576 2302 parvuli
1590 2235 1790 2285 tenen-

154 2331 233 2380 tur
249 2323 710 2393 obstricti,solus
726 2324 962 2396 unus(b)
982 2323 1266 2379 mediator
1287 2321 1387 2377 Dei
1411 2325 1466 2376 et
1488 2320 1792 2376 hominum

150 2414 308 2469 homo
322 2415 594 2470 Christus
611 2411 946 2469 Jesusliber
970 2420 1059 2468 est
1071 2411 1304 2484 genitus
1325 2429 1338 2478 ;
1355 2410 1453 2483 qui
1477 2410 1611 2465 licet
1623 2425 1795 2464 verus

147 2503 311 2558 homo
340 2509 517 2559 natus
549 2503 747 2573 fuerit,
780 2519 894 2558 non
921 2508 1117 2558 tamen
1142 2501 1558 2556 interveniente
1579 2515 1792 2554 concu-

140 2594 426 2665 piscentia
447 2593 664 2658 carnis,
697 2609 801 2648 nec
825 2609 894 2648 ex
920 2591 1233 2648 concubitu
1257 2592 1435 2646 maris
1459 2595 1513 2645 et
1540 2589 1788 2664 feminae,

140 2681 247 2736 sed
286 2681 358 2735 de
408 2681 619 2752 Spiritu
653 2687 857 2736 sancto
890 2685 1085 2747 natus,
1115 2680 1197 2736 ita
1228 2695 1423 2737 veram
1457 2694 1691 2734 carnem
1725 2677 1795 2731 de

143 2786 328 2824 carne
350 2770 548 2825 matris
569 2771 814 2841 accepit,
846 2778 910 2825 ut
932 2769 1270 2826 Deusverus
1285 2786 1398 2825 non
1421 2768 1654 2838 culpam
1683 2766 1794 2821 hu-

148 2876 342 2915 manas
369 2867 629 2916 sumeret
652 2859 919 2933 originis,
944 2859 1048 2915 sed
1064 2865 1330 2915 naturam
1352 2877 1368 2928 ;
1389 2863 1445 2914 et
1475 2863 1708 2929 peccata
1734 2856 1794 2911 in

140 2964 381 3020 corpore
399 2967 508 3006 suo
525 2967 641 3005 non
671 2949 935 3005 facienda
958 2949 1252 3019 reciperet,
1279 2952 1374 3004 sed
1401 2947 1644 3003 delenda
1665 2962 1795 3018 por-

144 3043 304 3094 taret.
365 3038 720 3112 Apostolicae
776 3056 1033 3111 namque
1064 3036 1486 3111 prazdicationis
1517 3036 1798 3092 veraciter

147 3131 470 3186 auctoritas
493 3131 666 3186 docet
690 3131 826 3201 quia
844 3134 1133 3201 peccatum
1162 3147 1272 3186 non
1300 3129 1452 3204 fecit,
1482 3144 1581 3184 nec
1608 3129 1795 3184 inven-

145 3221 226 3273 tus
249 3224 330 3274 est
363 3220 529 3275 dolus
561 3220 620 3275 in
663 3236 756 3275 ore
789 3221 908 3291 ejus
936 3223 984 3289 (1
1014 3222 1161 3276 Petr.
1196 3237 1254 3285 ιι,
1292 3220 1423 3292 12);
1455 3223 1531 3285 et,
1565 3219 1797 3272 Peccata

78 3355 80 3358 ,
150 3317 329 3366 nostra
361 3314 487 3384 ipse
509 3313 749 3385 pertulit
772 3315 829 3366 in
851 3328 1079 3384 corpore
1106 3328 1204 3368 suo
1228 3329 1396 3384 super
1423 3313 1660 3380 lignum,
1683 3315 1800 3364 uta

142 3405 373 3468 peccatis
404 3403 658 3474 separati
685 3417 810 3457 cum
842 3402 1059 3471 iustitia
1092 3402 1336 3458 vivamus
1364 3400 1547 3470 (lbid-,
1578 3400 1805 3472 210.80-

149 3487 255 3546 lius
279 3493 413 3562 ejus
439 3496 631 3546 mater
655 3491 809 3546 sicut
841 3491 1000 3561 virgo
1023 3493 1132 3548 t'uit
1159 3497 1292 3548 ante
1318 3496 1687 3563 conceptum,
1723 3489 1807 3544 sic

151 3579 303 3651 virgo
351 3581 686 3652 permansit
711 3579 992 3636 inviolata
1017 3586 1148 3651 post
1165 3587 1395 3652 partum
1425 3596 1438 3634 :
1465 3579 1600 3649 quia
1629 3595 1730 3634 nec
1748 3577 1788 3634 li

150 3668 399 3725 bidinem
449 3670 638 3726 sensit
685 3686 816 3726 cum
860 3670 1044 3726 Deum
1077 3671 1406 3743 conciperet
1437 3669 1496 3724 in
1527 3674 1691 3724 utero
1724 3669 1812 3723 fa"

153 3765 297 3814 etum
332 3759 690 3815 mirabiliter
719 3758 1162 3827 hominem,nec
1193 3758 1450 3831 aliquam
1483 3750 1812 3834 corruptio:

155 3862 275 3903 nem
294 3848 437 3904 dum
457 3848 516 3904 in
534 3865 670 3905 vera
692 3848 877 3904 nostri
892 3849 1124 3920 generis
1139 3866 1308 3904 carne
1325 3857 1549 3921 pareret
1563 3849 1810 3920 humani

161 3937 374 4007 generis
407 3938 1045 4012 Redemptorem.Deus
1060 3956 1314 4010 namque
1337 3955 1511 3994 verus
1536 3955 1724 3994 veram
1741 3953 1809 3992 ex

164 4025 370 4099 virgine
395 4028 735 4100 suscipiens
782 4045 1038 4092 carnem,
1073 4028 1484 4100 pertectioncm
1518 4043 1586 4082 ex
1607 4044 1674 4082 ea
1697 4025 1804 4081 hu-

112 4141 114 4144 ν
173 4117 304 4172 mani
334 4118 601 4190 corporis
635 4122 916 4190 sumpsit,
945 4118 1300 4188 virginitatis
1331 4116 1380 4172 ei
1412 4117 1655 4187 gratiam
1690 4133 1802 4170 non

118 4225 120 4228 ν
174 4205 603 4280 ademit.Neque
629 4207 784 4262 enim
811 4208 1054 4263 decebat
1075 4208 1541 4280 utintegritatem
1565 4205 1806 4278 virgini-

177 4295 290 4350 tatis
313 4303 539 4353 creator
561 4297 836 4352 humanae
879 4297 1040 4354 carni
1068 4297 1224 4353 Deus
1246 4298 1302 4352 in
1334 4297 1666 4352 conditione
1705 4297 1806 4352 tri-

173 4380 436 4453 bueret,et
456 4387 614 4443 idem
629 4387 822 4442 carnis
838 4387 1105 4442 humana:
1128 4393 1434 4459 susceptor
1448 4390 1617 4456 Deus,
1646 4388 1798 4459 quod

183 4469 366 4531 fecerat
388 4476 830 4548 redempturus,
861 4476 1250 4548 virginitatem
1278 4475 1437 4532 carni
1457 4477 1528 4532 de
1552 4493 1669 4548 qua
1698 4493 1799 4532 na-

182 4566 422 4621 scebatur
447 4568 730 4621 auferret.
766 4571 895 4638 ipse
915 4572 1003 4623 est
1028 4567 1327 4623 secundus
1359 4567 1529 4623 homo
1560 4568 1630 4622 de
1657 4568 1799 4623 cmlo

1896 619 2241 690 tl).Utergo
2266 619 2322 674 in
2345 618 2676 675 hominibus
2693 613 3052 689 quoque,ubi
3069 607 3390 666 abundavit
3417 620 3548 675 pec-

1894 716 2089 765 catum
2115 709 2621 780 superabundaret
2650 705 2853 776 gratia,
2887 721 3001 760 non
3031 702 3221 757 solum
3249 697 3388 752 illud
3415 708 3549 766 pec-

1893 805 2088 854 catum
2117 799 2428 870 diluitquo
2461 806 2728 854 terrenus
2764 797 2936 851 homo
2969 789 3410 848 universitatem
3432 799 3552 864 suis

1897 889 2238 961 propaginis
2258 887 2586 960 inquinavit
2607 907 2623 954 ;
2646 886 2746 941 sed
2770 885 2944 940 etiam
2979 882 3159 947 huius
3189 870 3550 949 gratiaomnl

1895 979 2150 1034 credenti
2177 978 2494 1034 dimittitur
2515 973 2801 1047 quidquid
2817 973 2898 1027 illi
2918 967 3188 1042 originali
3208 969 3442 1038 peccato
3456 961 3556 1018 ad-

1896 1067 2086 1122 ditum
2105 1067 2452 1124 voluntariis
2475 1068 2776 1121 hominum
2802 1061 3061 1118 motibus
3075 1056 3161 1113 vel
3181 1055 3453 1126 operibus
3471 1052 3556 1106 in-

1895 1157 2272 1212 venitur.Hoc
2315 1156 2520 1228 utique
2541 1156 2712 1210 docet
2735 1154 2940 1208 beatus
2962 1146 3276 1220 Apostolus
3299 1145 3498 1198 dicens
3534 1158 3546 1196 :

1895 1252 2040 1305 Nam
2069 1247 2342 1313 iudicium
2370 1261 2440 1300 ea:
2469 1261 2577 1300 uno
2605 1246 2663 1300 in
2685 1241 3212 1303 condemnationem,
3244 1232 3425 1306 gratia
3447 1247 3549 1286 au-

1901 1345 2008 1393 tem
2022 1353 2092 1393 ea:
2114 1337 2309 1392 multis
2343 1334 2561 1391 delictis
2588 1337 2648 1387 in
2661 1331 3121 1404 justtﬁcationem
3149 1327 3319 1395 (Rom.
3350 1339 3404 1388 v,
3440 1321 3546 1390 16).

1898 1427 2026 1483 Haec
2049 1433 2140 1483 est
2161 1428 2351 1499 gratia
2391 1425 2486 1482 Dei
2511 1443 2639 1497 quas
2663 1440 2769 1479 nos
2795 1422 3004 1477 liberat
3027 1434 3129 1490 per
3145 1416 3350 1472 Jesum
3381 1411 3551 1467 Chri-

1899 1519 2376 1573 stumDominum
2401 1523 2691 1578 nostrum,
2709 1514 2876 1582 cujus
2897 1503 3552 1582 gratianpusliberator

1901 1608 2026 1680 ipse
2053 1613 2222 1663 nobis
2244 1608 2580 1671 insinuans,
2608 1602 2961 1674 italoquitur
2986 1616 2999 1655 :
3026 1597 3086 1652 Si
3101 1613 3188 1653 vos
3218 1594 3392 1650 Filius
3415 1591 3553 1646 libe-

1899 1702 2135 1761 raverit,
2163 1712 2290 1752 vere
2339 1696 2505 1751 liberi
2553 1693 2710 1748 eritis
2753 1698 2849 1757 ;et
2878 1690 2992 1744 alio
3026 1687 3186 1742 loco:
3227 1686 3375 1739 Venit
3403 1682 3552 1736 enim

1902 1789 2077 1845 Filius
2107 1789 2347 1843 hominis
2377 1788 2682 1858 quwrereet
2703 1784 2919 1838 salvum
2936 1784 3127 1850 facere
3146 1776 3287 1848 quod
3311 1772 3552 1846 perierat

1826 1901 1872 1966 Β
1903 1881 2052 1950 (Luc.
2086 1895 2200 1932 xut.
2232 1878 2338 1947 10).

1973 1975 2022 2022 7.
2050 1969 2180 2024 Haec
2224 1966 2321 2022 Dei
2347 1963 2556 2037 gratia,
2589 1979 2706 2034 qua
2721 1960 3042 2024 salvamur,
3065 1972 3177 2012 non
3201 1952 3376 2009 alicui
3407 1967 3552 2023 prte-

1901 2059 2130 2116 cedenti
2179 2060 2329 2113 bono
2361 2055 2570 2111 merito
2602 2054 2792 2119 datur,
2829 2067 2931 2106 nec
2963 2053 3159 2104 tamen
3193 2046 3304 2100 nisi
3335 2058 3550 2116 praece-

1902 2150 2062 2206 denti
2121 2147 2275 2203 malo
2310 2147 2516 2201 merito
2547 2145 2889 2214 denegatur.
2924 2139 3155 2193 Primus
3185 2135 3341 2192 enim
3375 2144 3548 2188 nomo

1902 2237 2305 2296 transmisitin
2320 2252 2524 2293 omnes
2544 2233 2813 2289 homines
2837 2228 3056 2303 peccati
3073 2227 3162 2282 sui
3180 2224 3554 2292 merita.quo—

1903 2347 2034 2385 rum
2068 2345 2201 2385 caro
2231 2337 2321 2384 est
2348 2328 2419 2381 de
2453 2323 2672 2397 peccati
2703 2321 2828 2394 lege
2858 2319 3411 2390 concepta.Pr0pter
3443 2313 3551 2365 hoc

1902 2420 1959 2474 in
1983 2419 2238 2491 parvulis
2259 2435 2393 2473 cum
2419 2414 2647 2471 nullum
2667 2412 2745 2469 sit
2765 2429 2834 2467 ex
2851 2409 3086 2484 propria
3105 2405 3405 2461 voluntate
3424 2417 3552 2472 pec-

1903 2488 2282 2574 catum,inest
2296 2515 2486 2562 tamen
2509 2504 2650 2559 ﬁliis
2667 2503 2764 2558 irae
2779 2499 3088 2558 carnaliter
3102 2495 3314 2568 genitis
3330 2488 3558 2548 macula

1907 2598 2244 2671 parentalia,
2260 2614 2387 2668 qua).
2402 2596 2634 2667 quidem
2655 2594 2802 2649 bene
2818 2588 3171 2662 dispositum
3187 2584 3394 2639 divinae
3408 2595 3562 2635 crea-

1902 2689 2080 2745 tionis
2114 2705 2229 2744 non
2261 2687 2564 2761 perturbat
2606 2684 2908 2749 ordinem;
2973 2679 3072 2737 sed
3107 2693 3264 2732 naevo
3305 2678 3557 2745 paternae

1902 2776 2384 2848 transgressionis
2398 2774 2821 2847 inﬂigittetram
2835 2769 3213 2837 nascentibus
3229 2766 3565 2822 foeditatem.

1903 2871 1988 2925 Ab
2022 2869 2123 2924 illa
2151 2867 2330 2939 igitur
2348 2882 2545 2922 massa
2566 2866 2844 2920 damnata
2873 2877 3043 2918 nemo
3061 2860 3392 2914 futurorum
3414 2870 3558 2926 prte-

1905 2959 2152 3015 scientia
2180 2974 2420 3030 operum
2467 2954 2842 3017 discernitur,
2873 2951 2973 3006 sed
3008 2945 3341 3004 miserantis
3393 2941 3559 3014 ﬁguli

1906 3066 2014 3121 ope
2036 3053 2208 3121 atque
2228 3063 2400 3119 opere
2429 3049 2789 3118 segregatur.
2825 3041 3134 3111 Propterea
3170 3051 3307 3090 vasa
3330 3030 3562 3088 miseri-

1907 3139 2138 3207 cordiae,
2196 3154 2322 3209 quae
2383 3136 2454 3190 de
2511 3134 2712 3190 eadem
2748 3146 2947 3186 massa
2975 3125 3156 3200 gratis
3188 3124 3249 3178 in
3281 3122 3562 3176 honorem

1915 3229 1992 3284 tiu
2005 3233 2125 3293 nt,a
2140 3207 2295 3282 vasis
2309 3226 2405 3280 irae
2421 3226 2478 3280 in
2493 3220 2906 3280 contumeliam
2931 3207 3562 3286 factisgratuitmjusti-

1913 3317 2200 3374 ﬁcationis
2223 3331 2466 3371 munere
2488 3307 2985 3372 secornuntur.Ad
3003 3302 3424 3363 ostendendam
3457 3316 3559 3356 au-

1916 3413 2030 3463 tem
2057 3406 2326 3478 gratiam,
2356 3421 2479 3473 qua:
2512 3401 2692 3475 gratis
2717 3397 3004 3472 justiﬁcat
3034 3399 3386 3469 peccatores,
3419 3407 3556 3462 apo-

1916 3497 2122 3553 stolica
2146 3493 2474 3568 praedicatio
2506 3510 2620 3548 non
2651 3507 2790 3547 vasa
2810 3487 3076 3560 justitiar,
3101 3485 3202 3542 sed
3224 3498 3361 3538 vasa
3391 3479 3563 3534 mise-

1917 3585 2176 3642 ricorttios
2232 3589 2548 3654 nuncupat,
2611 3584 2778 3637 beato
2835 3575 3016 3634 Paulo
3047 3575 3274 3631 dicente
3304 3591 3317 3628 :
3345 3570 3496 3641 Quod
3516 3570 3568 3626 si

1915 3678 2100 3734 volens
2123 3677 2260 3732 Deus
2280 3676 2564 3731 extendere
2580 3675 2748 3738 iram,
2767 3675 2817 3726 et
2833 3679 3018 3724 notam
3047 3668 3232 3741 facere
3253 3663 3564 3735 potentiam

1915 3783 2095 3831 suam,
2126 3765 2390 3821 sustinuit
2422 3765 2481 3819 in
2505 3763 2678 3818 multa
2697 3757 2967 3832 patientia
2990 3773 3120 3812 vasa
3153 3756 3258 3811 irae
3283 3760 3472 3824 aptata
3503 3749 3563 3805 in

1917 3859 2214 3913 interitum
2235 3875 2248 3912 :
2264 3862 2323 3912 ut
2335 3856 2630 3914 ostenderet
2644 3853 2702 3908 di
2706 3853 2869 3908 vitia:
2883 3847 3079 3922 gloria:
3093 3861 3205 3902 suae
3220 3849 3280 3899 in
3292 3844 3434 3899 vasis
3462 3842 3566 3896 mi-

1913 3947 2253 4016 sericordiae,
2286 3963 2412 4020 qua?
2436 3945 2778 4019 prmparavit
2807 3944 2866 3997 in
2889 3938 3126 4010 gloriam
3157 3936 3330 4006 (Rom.
3363 3950 3440 4003 lx,
3471 3933 3562 3996 22,

1913 4037 2147 4109 23).Ista
2177 4037 2581 4094 misericordia
2609 4035 2899 4090 neminem
2926 4027 3426 4101 reperitdignum,
3460 4021 3561 4077 sed

1915 4142 2120 4182 omnes
2142 4126 2414 4196 indignos
2461 4125 2703 4193 invenit,
2733 4128 2791 4178 et
2820 4137 2888 4176 ex
2917 4119 3084 4190 ipsis,
3117 4131 3262 4186 quos
3291 4112 3561 4179 voluerit,

1911 4217 2118 4284 dignos
2150 4217 2307 4272 facit.

1981 4310 2120 4363 CAP.
2154 4323 2230 4363 IV.
2263 4337 2330 4347 —
2360 4307 2412 4361 8.
2450 4306 2562 4360 Hac
2589 4298 2988 4358 misericordia
3017 4290 3560 4368 praeventusJacob,

1912 4413 2028 4452 non
2058 4398 2382 4452 secundum
2418 4395 2692 4449 meritum
2727 4388 2996 4462 prateriti
3031 4403 3130 4441 seu
3165 4381 3559 4450 futuricujus-

1911 4502 2087 4557 quam
2108 4486 2350 4542 humani
2374 4483 2585 4554 operis,
2605 4481 2704 4538 sed
2734 4478 3056 4535 secundum
3082 4472 3441 4547 propositum
3459 4469 3560 4526 Dei

1919 4575 2407 4646 praedestinantis,
2456 4573 2796 4644 priusquam
2832 4575 3168 4622 nasceretur
3199 4561 3418 4617 electus
3449 4564 3557 4616 est.

184 4647 215 4717 (θ
234 4651 346 4712 Cor.
380 4672 476 4724 xv,
511 4655 623 4726 47),
656 4657 757 4726 qui
795 4636 915 4711 non
963 4655 1094 4711 ideo
1127 4656 1197 4711 de
1229 4656 1370 4712 coelo
1401 4656 1635 4725 dicitur,
1669 4657 1807 4728 quia
1839 4636 1884 4702 D
1917 4636 2064 4720 Dicit
2094 4665 2248 4720 enim
2275 4636 2589 4735 Apostolus
2609 4636 2768 4732 q-uia,
2791 4659 2920 4714 dum
2942 4655 3184 4713 nondum
3212 4654 3341 4710 nati
3360 4653 3558 4720 essent,

187 4735 284 4798 inde
305 4759 510 4800 secum
535 4743 719 4799 voluit
745 4744 1035 4817 deponere
1056 4746 1450 4802 substantiam
1475 4747 1567 4802 sui
1598 4757 1798 4816 corpo-‘

148 4901 150 4910 Ι
187 4826 390 4900 ris;sed
439 4833 584 4906 quia
608 4833 752 4888 nihil
782 4833 844 4889 in
888 4851 949 4890 se
980 4844 1218 4891 terrente
1250 4835 1589 4908 cupiditatis
1615 4837 1804 4893 forma

150 4919 291 5020 limi
353 4922 574 4978 habere
634 4923 846 5020 Ριξξυίι.
907 4940 1084 4996 quam
1132 4924 1188 4980 in
1223 4927 1504 4983 unitatem
1539 4943 1802 4999 personae

150 4999 158 5056 ξ
183 4999 297 5069 Deus
332 5019 567 5069 creator
597 5011 728 5068 coeli
757 5017 1038 5086 terraeque
1070 5016 1349 5087 suscepit.

150 5147 152 5150 μ
219 5107 344 5160 CAP.
384 5119 469 5158 ιιι.
507 5103 644 5159 -6.
671 5101 795 5160 Non
821 5119 956 5175 ergo
986 5103 1221 5161 cceleste
1253 5123 1465 5180 corpus
1491 5108 1560 5163 ad
1587 5111 1802 5163 terram

173 5181 440 5267 deposuit,
475 5192 576 5247 sed
612 5192 685 5248 ad
715 5191 927 5248 caelum
953 5193 1106 5250 Deus
1130 5195 1186 5249 in
1212 5212 1274 5252 se
1297 5204 1566 5253 naturam
1607 5215 1801 5254 veram

133 5269 357 5359 fleri-eui
381 5283 647 5353 corporis
672 5282 936 5338 elevavit.
959 5283 1120 5340 Hanc
1143 5287 1352 5342 terreni
1371 5288 1631 5359 corporis
1652 5291 1803 5344 veri-

110 5358 308 5448 ;“tem
339 5375 412 5429 de
446 5379 682 5429 terreno
704 5389 947 5445 corpore
971 5375 1178 5432 matris
1199 5358 1513 5450 accipiens,
1538 5381 1597 5434 in
1631 5396 1804 5436 carne

122 5453 232 5525 ‘ba
263 5470 479 5522 nostra
526 5463 678 5519 437
707 5475 944 5535 peccata
965 5466 1234 5536 portavit,
1266 5483 1399 5523 cum
1426 5485 1537 5524 non
1564 5468 1806 5525 haberet

111 5543 316 5616 {illam
353 5552 445 5610 vel
498 5552 774 5624 originis,
807 5552 895 5608 vel
954 5555 1146 5627 Operis
1177 5556 1430 5629 eulpam.
1472 5558 1617 5612 Dicit
1645 5558 1802 5614 enim

63 5779 154 5853 ἦ
189 5715 397 5848 (ﬁgi:
412 5731 564 5785 mss,
591 5718 767 5782 ;tres.
793 5714 1065 5772 edd.vero
1089 5719 1269 5774 totum
1285 5717 1800 5794 habentsingulari

163 5810 270 5853 um
393 5829 408 5845 ο

163 5810 408 5853 umero.

1911 4762 2008 4810 aut
2034 4753 2250 4825 aliquid
2279 4754 2511 4822 egissent
2540 4752 2668 4808 boni
2697 4759 2791 4807 aut
2814 4749 2976 4815 mali,
3008 4757 3069 4803 ut
3097 4745 3399 4803 secundum
3450 4743 3560 4799 ele-

1913 4844 2149 4901 ctionem
2196 4845 2540 4916 propositum
2586 4843 2685 4898 Dei
2720 4841 2990 4908 maneret,
3034 4855 3145 4894 non
3175 4853 3250 4892 ea:
3280 4836 3558 4906 operibus,

1911 4935 2003 4990 sed
2031 4952 2103 4990 ea:
2130 4941 2356 4990 vocante
2373 4931 2585 4989 dictum
2605 4937 2686 4990 est
2705 4933 2968 5000 Rebeccae,
3001 4930 3134 5001 quia
3155 4928 3337 4986 maior
3361 4925 3562 4981 serviet

1913 5023 2121 5080 minori
2152 5024 2331 5093 tlbid.,
2374 5027 2424 5078 11
2456 5033 2503 5080 et
2539 5040 2648 5095 seq.
2679 5023 2715 5094 ).
2749 5021 2822 5078 Ut
2851 5037 2987 5091 ergo
3018 5020 3206 5075 minor
3235 5017 3410 5071 frater
3432 5030 3558 5068 ma-

1907 5113 2024 5184 jori
2055 5112 2220 5168 fratri
2254 5113 2621 5185 praeferretur
2649 5129 2680 5165 a
2713 5110 2846 5174 Deo,
2907 5123 3095 5178 neque
3144 5101 3415 5175 praeteriti
3451 5100 3560 5155 t'uit

1913 5202 2263 5273 cujusquam
2300 5201 2596 5267 meritum,
2631 5215 2818 5270 neque
2849 5198 3024 5252 futuri
3057 5195 3266 5266 operis.
3295 5191 3558 5264 quando-

1913 5293 2149 5363 quidem
2184 5309 2252 5348 ex
2283 5310 2398 5349 uno
2428 5291 2691 5362 legitimo
2714 5289 2996 5358 justoque
3027 5283 3338 5339 concubitu
3362 5285 3558 5334 reatus

1913 5387 2326 5454 conceptorum
2348 5382 2614 5437 manebat
2632 5375 3096 5448 equalisﬂratia
3112 5373 3289 5444 igitur
3304 5372 3411 5426 hoc
3425 5369 3560 5424 fecit

1913 5471 2193 5527 bonitatis
2216 5471 2459 5525 divinae:
2507 5486 2634 5539 quas
2657 5482 2959 5536 nunquam
2985 5465 3068 5520 sic
3085 5463 3221 5518 data
3237 5466 3344 5528 est,
3369 5464 3435 5516 ut
3451 5458 3556 5514 ali-

1914 5575 2031 5630 qua
2061 5559 2120 5614 in
2175 5559 2413 5615 homine
2463 5558 2614 5612 bona
2647 5555 2852 5611 merita
2884 5552 3181 5626 reperiret,
3215 5551 3317 5607 sed
3351 5555 3410 5606 ut
3444 5565 3556 5606 non

1982 5719 2060 5792 (b)
2090 5720 2234 5776 Edd.
2270 5736 2386 5776 non
2417 5719 2634 5775 habent
2658 5734 2823 5776 unus.
2856 5723 2995 5775 Mss.
3031 5716 3270 5776 habent.
