  <div class='ocr_page' id='page_1' title='image "/cluster/home/n/w/nwhite01/storage/ocr_20150623/65-66/uva.x000827080/314.png"; bbox 0 0 3848 6338; ppageno 0'>
   <div class='ocr_carea' id='block_1_1' title="bbox 118 343 204 405">
    <p class='ocr_par' dir='ltr' id='par_1_1' title="bbox 118 343 204 405">
     <span class='ocr_line' id='line_1_1' title="bbox 118 343 204 405; baseline -0.012 0"><span class='ocrx_word' id='word_1_1' title='bbox 118 343 204 405; x_wconf 82' lang='grc'><strong>613</strong></span> 
     </span>
    </p>
   </div>
   <div class='ocr_carea' id='block_1_2' title="bbox 924 339 2602 411">
    <p class='ocr_par' dir='ltr' id='par_1_2' title="bbox 924 339 2602 411">
     <span class='ocr_line' id='line_1_2' title="bbox 924 339 2602 411; baseline -0.001 -4"><span class='ocrx_word' id='word_1_2' title='bbox 924 349 1028 410; x_wconf 87' lang='lat' dir='ltr'><strong>DE</strong></span> <span class='ocrx_word' id='word_1_3' title='bbox 1071 343 1483 411; x_wconf 78' lang='lat' dir='ltr'><strong>VERITA&#39;I‘E</strong></span> <span class='ocrx_word' id='word_1_4' title='bbox 1524 339 2312 406; x_wconf 65' lang='lat' dir='ltr'><strong>PREDESTINATIONIS</strong></span> <span class='ocrx_word' id='word_1_5' title='bbox 2355 346 2506 405; x_wconf 89' lang='lat' dir='ltr'><strong>LIB.</strong></span> <span class='ocrx_word' id='word_1_6' title='bbox 2551 344 2602 405; x_wconf 88' lang='lat' dir='ltr'><strong>I.</strong></span> 
     </span>
    </p>
   </div>
   <div class='ocr_carea' id='block_1_3' title="bbox 3347 342 3465 405">
    <p class='ocr_par' dir='ltr' id='par_1_3' title="bbox 3347 342 3465 405">
     <span class='ocr_line' id='line_1_3' title="bbox 3347 342 3465 405; baseline 0.008 -2"><span class='ocrx_word' id='word_1_7' title='bbox 3347 342 3465 405; x_wconf 76' lang='lat' dir='ltr'><strong>6N</strong></span> 
     </span>
    </p>
   </div>
   <div class='ocr_carea' id='block_1_4' title="bbox 119 475 3469 557">
    <p class='ocr_par' dir='ltr' id='par_1_4' title="bbox 119 475 3469 557">
     <span class='ocr_line' id='line_1_4' title="bbox 119 475 3469 557; baseline -0.002 -18"><span class='ocrx_word' id='word_1_8' title='bbox 119 481 530 556; x_wconf 76' lang='lat' dir='ltr'><strong>aolymisGazam</strong></span> <span class='ocrx_word' id='word_1_9' title='bbox 555 483 956 550; x_wconf 73' lang='lat' dir='ltr'><strong>descenderet,</strong></span> <span class='ocrx_word' id='word_1_10' title='bbox 982 482 1081 536; x_wconf 91' lang='lat' dir='ltr'><strong>ubi</strong></span> <span class='ocrx_word' id='word_1_11' title='bbox 1101 478 1425 557; x_wconf 80' lang='lat' dir='ltr'><strong>transeunti</strong></span> <span class='ocrx_word' id='word_1_12' title='bbox 1446 475 1716 549; x_wconf 81' lang='lat' dir='ltr'><strong>spadoni,</strong></span> <span class='ocrx_word' id='word_1_13' title='bbox 1750 477 1802 542; x_wconf 78' lang='grc' dir='ltr'><strong>Α</strong></span> <span class='ocrx_word' id='word_1_14' title='bbox 1831 478 2040 533; x_wconf 70' lang='grc' dir='ltr'><strong>θοι-ἀίω</strong></span> <span class='ocrx_word' id='word_1_15' title='bbox 2058 478 2117 534; x_wconf 92' lang='lat' dir='ltr'><strong>in</strong></span> <span class='ocrx_word' id='word_1_16' title='bbox 2139 480 2422 535; x_wconf 83' lang='lat' dir='ltr'><strong>honorem</strong></span> <span class='ocrx_word' id='word_1_17' title='bbox 2437 475 3469 548; x_wconf 81' lang='lat' dir='ltr'><strong>gloriamquediscernit,hominibus</strong></span> 
     </span>
    </p>
   </div>
   <div class='ocr_carea' id='block_1_5' title="bbox 117 564 1718 641">
    <p class='ocr_par' dir='ltr' id='par_1_5' title="bbox 117 564 1718 641">
     <span class='ocr_line' id='line_1_5' title="bbox 117 564 1718 641; baseline -0.005 -14"><span class='ocrx_word' id='word_1_18' title='bbox 117 579 377 628; x_wconf 82' lang='lat' dir='ltr'><strong>nectamen</strong></span> <span class='ocrx_word' id='word_1_19' title='bbox 395 571 747 627; x_wconf 85' lang='lat' dir='ltr'><strong>beneﬁcium</strong></span> <span class='ocrx_word' id='word_1_20' title='bbox 767 570 1223 641; x_wconf 70' lang='lat' dir='ltr'><strong>regenerationis</strong></span> <span class='ocrx_word' id='word_1_21' title='bbox 1242 568 1614 640; x_wconf 78' lang='lat' dir='ltr'><strong>aliquatenus</strong></span> <span class='ocrx_word' id='word_1_22' title='bbox 1636 564 1718 620; x_wconf 90' lang='lat' dir='ltr'><strong>in-</strong></span> 
     </span>
    </p>
   </div>
   <div class='ocr_carea' id='block_1_6' title="bbox 115 657 1722 734">
    <p class='ocr_par' dir='ltr' id='par_1_6' title="bbox 115 657 1722 734">
     <span class='ocr_line' id='line_1_6' title="bbox 115 657 1722 734; baseline -0.005 -17"><span class='ocrx_word' id='word_1_23' title='bbox 115 663 345 734; x_wconf 87' lang='lat' dir='ltr'><strong>quirenti,</strong></span> <span class='ocrx_word' id='word_1_24' title='bbox 366 678 484 716; x_wconf 90' lang='lat' dir='ltr'><strong>non</strong></span> <span class='ocrx_word' id='word_1_25' title='bbox 510 659 706 716; x_wconf 87' lang='lat' dir='ltr'><strong>solum</strong></span> <span class='ocrx_word' id='word_1_26' title='bbox 725 657 1575 732; x_wconf 70' lang='lat' dir='ltr'><strong>praedicaretﬁdeiChristianze</strong></span> <span class='ocrx_word' id='word_1_27' title='bbox 1597 671 1722 726; x_wconf 83' lang='lat' dir='ltr'><strong>my-</strong></span> 
     </span>
    </p>
   </div>
   <div class='ocr_carea' id='block_1_7' title="bbox 115 749 1722 822">
    <p class='ocr_par' dir='ltr' id='par_1_7' title="bbox 115 749 1722 822">
     <span class='ocr_line' id='line_1_7' title="bbox 115 749 1722 822; baseline -0.006 -14"><span class='ocrx_word' id='word_1_28' title='bbox 115 752 336 818; x_wconf 81' lang='lat' dir='ltr'><strong>sterium,</strong></span> <span class='ocrx_word' id='word_1_29' title='bbox 355 750 502 822; x_wconf 87' lang='lat' dir='ltr'><strong>quin</strong></span> <span class='ocrx_word' id='word_1_30' title='bbox 528 751 703 805; x_wconf 90' lang='lat' dir='ltr'><strong>etiam</strong></span> <span class='ocrx_word' id='word_1_31' title='bbox 726 749 1368 821; x_wconf 79' lang='lat' dir='ltr'><strong>haptismatistraderet</strong></span> <span class='ocrx_word' id='word_1_32' title='bbox 1389 760 1722 800; x_wconf 85' lang='lat' dir='ltr'><strong>sacramen-</strong></span> 
     </span>
    </p>
   </div>
   <div class='ocr_carea' id='block_1_8' title="bbox 116 836 1726 912">
    <p class='ocr_par' dir='ltr' id='par_1_8' title="bbox 116 836 1726 912">
     <span class='ocr_line' id='line_1_8' title="bbox 116 836 1726 912; baseline -0.007 -14"><span class='ocrx_word' id='word_1_33' title='bbox 116 851 229 898; x_wconf 81' lang='lat' dir='ltr'><strong>tum.</strong></span> <span class='ocrx_word' id='word_1_34' title='bbox 253 841 386 897; x_wconf 81' lang='lat' dir='ltr'><strong>Ecce</strong></span> <span class='ocrx_word' id='word_1_35' title='bbox 408 843 702 912; x_wconf 90' lang='lat' dir='ltr'><strong>quomodo</strong></span> <span class='ocrx_word' id='word_1_36' title='bbox 724 841 980 912; x_wconf 90' lang='lat' dir='ltr'><strong>Spiritus</strong></span> <span class='ocrx_word' id='word_1_37' title='bbox 995 845 1237 896; x_wconf 90' lang='lat' dir='ltr'><strong>sanctus</strong></span> <span class='ocrx_word' id='word_1_38' title='bbox 1254 836 1443 907; x_wconf 88' lang='lat' dir='ltr'><strong>gratia</strong></span> <span class='ocrx_word' id='word_1_39' title='bbox 1468 853 1576 891; x_wconf 90' lang='lat' dir='ltr'><strong>sua</strong></span> <span class='ocrx_word' id='word_1_40' title='bbox 1597 852 1726 906; x_wconf 86' lang='lat' dir='ltr'><strong>spa-</strong></span> 
     </span>
    </p>
   </div>
   <div class='ocr_carea' id='block_1_9' title="bbox 114 925 1725 1004">
    <p class='ocr_par' dir='ltr' id='par_1_9' title="bbox 114 925 1725 1004">
     <span class='ocr_line' id='line_1_9' title="bbox 114 925 1725 1004; baseline -0.004 -18"><span class='ocrx_word' id='word_1_41' title='bbox 114 934 282 986; x_wconf 89' lang='lat' dir='ltr'><strong>donem</strong></span> <span class='ocrx_word' id='word_1_42' title='bbox 314 933 692 1004; x_wconf 69' lang='lat' dir='ltr'><strong>praeveniens,</strong></span> <span class='ocrx_word' id='word_1_43' title='bbox 725 946 1035 1000; x_wconf 73' lang='lat' dir='ltr'><strong>personam</strong></span> <span class='ocrx_word' id='word_1_44' title='bbox 1062 928 1301 983; x_wconf 83' lang='lat' dir='ltr'><strong>veridici</strong></span> <span class='ocrx_word' id='word_1_45' title='bbox 1331 925 1725 997; x_wconf 71' lang='lat' dir='ltr'><strong>prmdicatoris</strong></span> 
     </span>
    </p>
   </div>
   <div class='ocr_carea' id='block_1_10' title="bbox 118 1013 1714 1090">
    <p class='ocr_par' dir='ltr' id='par_1_10' title="bbox 118 1013 1714 1090">
     <span class='ocr_line' id='line_1_10' title="bbox 118 1013 1714 1090; baseline -0.006 -14"><span class='ocrx_word' id='word_1_46' title='bbox 118 1022 339 1076; x_wconf 90' lang='lat' dir='ltr'><strong>indulsit.</strong></span> <span class='ocrx_word' id='word_1_47' title='bbox 368 1023 475 1086; x_wconf 67' lang='lat' dir='ltr'><strong>Qui</strong></span> <span class='ocrx_word' id='word_1_48' title='bbox 500 1021 671 1074; x_wconf 88' lang='lat' dir='ltr'><strong>etiam</strong></span> <span class='ocrx_word' id='word_1_49' title='bbox 699 1018 1194 1090; x_wconf 74' lang='lat' dir='ltr'><strong>opportunitatem</strong></span> <span class='ocrx_word' id='word_1_50' title='bbox 1229 1015 1564 1088; x_wconf 65' lang='lat' dir='ltr'><strong>prsedicanti</strong></span> <span class='ocrx_word' id='word_1_51' title='bbox 1590 1013 1714 1067; x_wconf 84' lang='lat' dir='ltr'><strong>Phi-</strong></span> 
     </span>
    </p>
   </div>
   <div class='ocr_carea' id='block_1_11' title="bbox 115 1103 1723 1183">
    <p class='ocr_par' dir='ltr' id='par_1_11' title="bbox 115 1103 1723 1183">
     <span class='ocr_line' id='line_1_11' title="bbox 115 1103 1723 1183; baseline -0.006 -17"><span class='ocrx_word' id='word_1_52' title='bbox 115 1113 240 1183; x_wconf 89' lang='lat' dir='ltr'><strong>lippe</strong></span> <span class='ocrx_word' id='word_1_53' title='bbox 260 1111 439 1168; x_wconf 82' lang='lat' dir='ltr'><strong>dedit.</strong></span> <span class='ocrx_word' id='word_1_54' title='bbox 463 1109 701 1180; x_wconf 78' lang='lat' dir='ltr'><strong>quando</strong></span> <span class='ocrx_word' id='word_1_55' title='bbox 725 1109 1005 1179; x_wconf 79' lang='lat' dir='ltr'><strong>spadonis</strong></span> <span class='ocrx_word' id='word_1_56' title='bbox 1029 1109 1295 1172; x_wconf 88' lang='lat' dir='ltr'><strong>animum</strong></span> <span class='ocrx_word' id='word_1_57' title='bbox 1319 1109 1388 1160; x_wconf 90' lang='lat' dir='ltr'><strong>ad</strong></span> <span class='ocrx_word' id='word_1_58' title='bbox 1414 1103 1723 1175; x_wconf 91' lang='lat' dir='ltr'><strong>legendum</strong></span> 
     </span>
    </p>
   </div>
   <div class='ocr_carea' id='block_1_12' title="bbox 118 1192 1726 1267">
    <p class='ocr_par' dir='ltr' id='par_1_12' title="bbox 118 1192 1726 1267">
     <span class='ocr_line' id='line_1_12' title="bbox 118 1192 1726 1267; baseline -0.006 -11"><span class='ocrx_word' id='word_1_59' title='bbox 118 1202 288 1256; x_wconf 82' lang='lat' dir='ltr'><strong>lsaiam</strong></span> <span class='ocrx_word' id='word_1_60' title='bbox 339 1199 802 1254; x_wconf 81' lang='lat' dir='ltr'><strong>misericorditer</strong></span> <span class='ocrx_word' id='word_1_61' title='bbox 832 1199 1130 1252; x_wconf 77' lang='lat' dir='ltr'><strong>excitavit.</strong></span> <span class='ocrx_word' id='word_1_62' title='bbox 1169 1197 1299 1267; x_wconf 88' lang='lat' dir='ltr'><strong>[pse</strong></span> <span class='ocrx_word' id='word_1_63' title='bbox 1331 1195 1505 1250; x_wconf 87' lang='lat' dir='ltr'><strong>etiam</strong></span> <span class='ocrx_word' id='word_1_64' title='bbox 1535 1192 1726 1247; x_wconf 87' lang='lat' dir='ltr'><strong>locum</strong></span> 
     </span>
    </p>
   </div>
   <div class='ocr_carea' id='block_1_13' title="bbox 115 1284 1729 1361">
    <p class='ocr_par' dir='ltr' id='par_1_13' title="bbox 115 1284 1729 1361">
     <span class='ocr_line' id='line_1_13' title="bbox 115 1284 1729 1361; baseline -0.007 -15"><span class='ocrx_word' id='word_1_65' title='bbox 115 1291 304 1354; x_wconf 84' lang='lat' dir='ltr'><strong>tribuit,</strong></span> <span class='ocrx_word' id='word_1_66' title='bbox 336 1291 438 1361; x_wconf 89' lang='lat' dir='ltr'><strong>qui</strong></span> <span class='ocrx_word' id='word_1_67' title='bbox 474 1304 574 1343; x_wconf 88' lang='lat' dir='ltr'><strong>eos</strong></span> <span class='ocrx_word' id='word_1_68' title='bbox 607 1287 678 1342; x_wconf 89' lang='lat' dir='ltr'><strong>ad</strong></span> <span class='ocrx_word' id='word_1_69' title='bbox 707 1292 987 1360; x_wconf 83' lang='lat' dir='ltr'><strong>stagnum</strong></span> <span class='ocrx_word' id='word_1_70' title='bbox 1016 1286 1286 1356; x_wconf 89' lang='lat' dir='ltr'><strong>gratuita</strong></span> <span class='ocrx_word' id='word_1_71' title='bbox 1317 1284 1578 1338; x_wconf 83' lang='lat' dir='ltr'><strong>bonitate</strong></span> <span class='ocrx_word' id='word_1_72' title='bbox 1603 1297 1729 1352; x_wconf 86' lang='lat' dir='ltr'><strong>per-</strong></span> 
     </span>
    </p>
   </div>
   <div class='ocr_carea' id='block_1_14' title="bbox 121 1368 1730 1451">
    <p class='ocr_par' dir='ltr' id='par_1_14' title="bbox 121 1368 1730 1451">
     <span class='ocr_line' id='line_1_14' title="bbox 121 1368 1730 1451; baseline -0.009 -16"><span class='ocrx_word' id='word_1_73' title='bbox 121 1381 265 1435; x_wconf 84' lang='lat' dir='ltr'><strong>duxit.</strong></span> <span class='ocrx_word' id='word_1_74' title='bbox 283 1379 407 1451; x_wconf 82' lang='lat' dir='ltr'><strong>ipse</strong></span> <span class='ocrx_word' id='word_1_75' title='bbox 429 1378 490 1432; x_wconf 90' lang='lat' dir='ltr'><strong>in</strong></span> <span class='ocrx_word' id='word_1_76' title='bbox 509 1379 769 1448; x_wconf 90' lang='lat' dir='ltr'><strong>spadone</strong></span> <span class='ocrx_word' id='word_1_77' title='bbox 782 1392 933 1447; x_wconf 80' lang='lat' dir='ltr'><strong>opus</strong></span> <span class='ocrx_word' id='word_1_78' title='bbox 951 1375 1152 1448; x_wconf 68' lang='lat' dir='ltr'><strong>gratia:</strong></span> <span class='ocrx_word' id='word_1_79' title='bbox 1172 1372 1453 1430; x_wconf 88' lang='lat' dir='ltr'><strong>salutaris</strong></span> <span class='ocrx_word' id='word_1_80' title='bbox 1471 1368 1730 1443; x_wconf 79' lang='lat' dir='ltr'><strong>perfecit,</strong></span> 
     </span>
    </p>
   </div>
   <div class='ocr_carea' id='block_1_15' title="bbox 126 1459 1731 1540">
    <p class='ocr_par' dir='ltr' id='par_1_15' title="bbox 126 1459 1731 1540">
     <span class='ocr_line' id='line_1_15' title="bbox 126 1459 1731 1540; baseline -0.006 -17"><span class='ocrx_word' id='word_1_81' title='bbox 126 1467 590 1540; x_wconf 84' lang='lat' dir='ltr'><strong>quoilluminante</strong></span> <span class='ocrx_word' id='word_1_82' title='bbox 622 1467 776 1520; x_wconf 90' lang='lat' dir='ltr'><strong>idem</strong></span> <span class='ocrx_word' id='word_1_83' title='bbox 807 1465 990 1538; x_wconf 87' lang='lat' dir='ltr'><strong>spado</strong></span> <span class='ocrx_word' id='word_1_84' title='bbox 1023 1464 1322 1520; x_wconf 85' lang='lat' dir='ltr'><strong>Christum</strong></span> <span class='ocrx_word' id='word_1_85' title='bbox 1354 1477 1484 1517; x_wconf 90' lang='lat' dir='ltr'><strong>esse</strong></span> <span class='ocrx_word' id='word_1_86' title='bbox 1520 1459 1731 1514; x_wconf 85' lang='lat' dir='ltr'><strong>Filium</strong></span> 
     </span>
    </p>
   </div>
   <div class='ocr_carea' id='block_1_16' title="bbox 129 1547 1733 1626">
    <p class='ocr_par' dir='ltr' id='par_1_16' title="bbox 129 1547 1733 1626">
     <span class='ocr_line' id='line_1_16' title="bbox 129 1547 1733 1626; baseline -0.006 -14"><span class='ocrx_word' id='word_1_87' title='bbox 129 1558 200 1612; x_wconf 85' lang='lat' dir='ltr'><strong>Dei</strong></span> <span class='ocrx_word' id='word_1_88' title='bbox 221 1557 482 1620; x_wconf 78' lang='lat' dir='ltr'><strong>credidit,</strong></span> <span class='ocrx_word' id='word_1_89' title='bbox 504 1561 563 1611; x_wconf 88' lang='lat' dir='ltr'><strong>et</strong></span> <span class='ocrx_word' id='word_1_90' title='bbox 585 1556 654 1611; x_wconf 88' lang='lat' dir='ltr'><strong>ad</strong></span> <span class='ocrx_word' id='word_1_91' title='bbox 679 1560 956 1626; x_wconf 83' lang='lat' dir='ltr'><strong>stagnum</strong></span> <span class='ocrx_word' id='word_1_92' title='bbox 979 1552 1218 1609; x_wconf 90' lang='lat' dir='ltr'><strong>veniens</strong></span> <span class='ocrx_word' id='word_1_93' title='bbox 1240 1567 1418 1607; x_wconf 70' lang='lat' dir='ltr'><strong>sacra:</strong></span> <span class='ocrx_word' id='word_1_94' title='bbox 1432 1547 1733 1604; x_wconf 88' lang='lat' dir='ltr'><strong>tinctionis</strong></span> 
     </span>
    </p>
   </div>
   <div class='ocr_carea' id='block_1_17' title="bbox 128 1636 1738 1718">
    <p class='ocr_par' dir='ltr' id='par_1_17' title="bbox 128 1636 1738 1718">
     <span class='ocr_line' id='line_1_17' title="bbox 128 1636 1738 1718; baseline -0.006 -18"><span class='ocrx_word' id='word_1_95' title='bbox 128 1645 348 1702; x_wconf 75' lang='lat' dir='ltr'><strong>effectum</strong></span> <span class='ocrx_word' id='word_1_96' title='bbox 367 1647 654 1718; x_wconf 88' lang='lat' dir='ltr'><strong>poposcit,</strong></span> <span class='ocrx_word' id='word_1_97' title='bbox 669 1659 772 1700; x_wconf 92' lang='lat' dir='ltr'><strong>nec</strong></span> <span class='ocrx_word' id='word_1_98' title='bbox 797 1643 1128 1715; x_wconf 86' lang='lat' dir='ltr'><strong>baptizatus</strong></span> <span class='ocrx_word' id='word_1_99' title='bbox 1148 1647 1395 1709; x_wconf 89' lang='lat' dir='ltr'><strong>tantum,</strong></span> <span class='ocrx_word' id='word_1_100' title='bbox 1419 1641 1518 1694; x_wconf 91' lang='lat' dir='ltr'><strong>sed</strong></span> <span class='ocrx_word' id='word_1_101' title='bbox 1539 1641 1597 1692; x_wconf 91' lang='lat' dir='ltr'><strong>et</strong></span> <span class='ocrx_word' id='word_1_102' title='bbox 1616 1636 1738 1708; x_wconf 90' lang='lat' dir='ltr'><strong>Spi-</strong></span> 
     </span>
    </p>
   </div>
   <div class='ocr_carea' id='block_1_18' title="bbox 127 1733 1058 1806">
    <p class='ocr_par' dir='ltr' id='par_1_18' title="bbox 127 1733 1058 1806">
     <span class='ocr_line' id='line_1_18' title="bbox 127 1733 1058 1806; baseline 0 -19"><span class='ocrx_word' id='word_1_103' title='bbox 127 1735 210 1788; x_wconf 84' lang='lat' dir='ltr'><strong>ritu</strong></span> <span class='ocrx_word' id='word_1_104' title='bbox 235 1741 435 1790; x_wconf 85' lang='lat' dir='ltr'><strong>sancto</strong></span> <span class='ocrx_word' id='word_1_105' title='bbox 468 1733 728 1806; x_wconf 90' lang='lat' dir='ltr'><strong>repletus</strong></span> <span class='ocrx_word' id='word_1_106' title='bbox 754 1733 1058 1788; x_wconf 83' lang='lat' dir='ltr'><strong>abscessit.</strong></span> 
     </span>
    </p>
   </div>
   <div class='ocr_carea' id='block_1_19' title="bbox 1832 565 3478 641">
    <p class='ocr_par' dir='ltr' id='par_1_19' title="bbox 1832 565 3478 641">
     <span class='ocr_line' id='line_1_19' title="bbox 1832 565 3478 641; baseline 0 -19"><span class='ocrx_word' id='word_1_107' title='bbox 1832 586 2067 641; x_wconf 90' lang='lat' dir='ltr'><strong>quoque</strong></span> <span class='ocrx_word' id='word_1_108' title='bbox 2091 571 2313 625; x_wconf 81' lang='lat' dir='ltr'><strong>ratione</strong></span> <span class='ocrx_word' id='word_1_109' title='bbox 2338 569 2637 626; x_wconf 88' lang='lat' dir='ltr'><strong>utentibus</strong></span> <span class='ocrx_word' id='word_1_110' title='bbox 2661 579 2952 639; x_wconf 85' lang='lat' dir='ltr'><strong>congruas</strong></span> <span class='ocrx_word' id='word_1_111' title='bbox 2976 565 3046 622; x_wconf 87' lang='lat' dir='ltr'><strong>ad</strong></span> <span class='ocrx_word' id='word_1_112' title='bbox 3073 567 3321 622; x_wconf 89' lang='lat' dir='ltr'><strong>salutem</strong></span> <span class='ocrx_word' id='word_1_113' title='bbox 3350 580 3478 638; x_wconf 81' lang='lat' dir='ltr'><strong>per-</strong></span> 
     </span>
    </p>
   </div>
   <div class='ocr_carea' id='block_1_20' title="bbox 1831 655 3477 730">
    <p class='ocr_par' dir='ltr' id='par_1_20' title="bbox 1831 655 3477 730">
     <span class='ocr_line' id='line_1_20' title="bbox 1831 655 3477 730; baseline -0.001 -18"><span class='ocrx_word' id='word_1_114' title='bbox 1831 674 2005 714; x_wconf 78' lang='lat' dir='ltr'><strong>sonas</strong></span> <span class='ocrx_word' id='word_1_115' title='bbox 2034 665 2135 714; x_wconf 90' lang='lat' dir='ltr'><strong>aut</strong></span> <span class='ocrx_word' id='word_1_116' title='bbox 2166 666 2454 730; x_wconf 85' lang='lat' dir='ltr'><strong>procuret,</strong></span> <span class='ocrx_word' id='word_1_117' title='bbox 2507 663 2609 713; x_wconf 88' lang='lat' dir='ltr'><strong>aut</strong></span> <span class='ocrx_word' id='word_1_118' title='bbox 2655 658 2920 725; x_wconf 75' lang='lat' dir='ltr'><strong>deneget,</strong></span> <span class='ocrx_word' id='word_1_119' title='bbox 2979 657 3036 710; x_wconf 93' lang='lat' dir='ltr'><strong>in</strong></span> <span class='ocrx_word' id='word_1_120' title='bbox 3073 655 3205 710; x_wconf 88' lang='lat' dir='ltr'><strong>aliis</strong></span> <span class='ocrx_word' id='word_1_121' title='bbox 3253 656 3477 712; x_wconf 86' lang='lat' dir='ltr'><strong>scilicet</strong></span> 
     </span>
    </p>
   </div>
   <div class='ocr_carea' id='block_1_21' title="bbox 1825 746 3478 820">
    <p class='ocr_par' dir='ltr' id='par_1_21' title="bbox 1825 746 3478 820">
     <span class='ocr_line' id='line_1_21' title="bbox 1825 746 3478 820; baseline 0.001 -19"><span class='ocrx_word' id='word_1_122' title='bbox 1825 748 2116 820; x_wconf 86' lang='lat' dir='ltr'><strong>justitiam</strong></span> <span class='ocrx_word' id='word_1_123' title='bbox 2148 756 2373 814; x_wconf 88' lang='lat' dir='ltr'><strong>tenens,</strong></span> <span class='ocrx_word' id='word_1_124' title='bbox 2406 748 2536 802; x_wconf 89' lang='lat' dir='ltr'><strong>aliis</strong></span> <span class='ocrx_word' id='word_1_125' title='bbox 2572 746 3030 802; x_wconf 78' lang='lat' dir='ltr'><strong>misericordiam</strong></span> <span class='ocrx_word' id='word_1_126' title='bbox 3064 746 3478 812; x_wconf 88' lang='lat' dir='ltr'><strong>tribuens;cur</strong></span> 
     </span>
    </p>
   </div>
   <div class='ocr_carea' id='block_1_22' title="bbox 1833 835 3475 911">
    <p class='ocr_par' dir='ltr' id='par_1_22' title="bbox 1833 835 3475 911">
     <span class='ocr_line' id='line_1_22' title="bbox 1833 835 3475 911; baseline -0.002 -19"><span class='ocrx_word' id='word_1_127' title='bbox 1833 854 1948 892; x_wconf 94' lang='lat' dir='ltr'><strong>non</strong></span> <span class='ocrx_word' id='word_1_128' title='bbox 1972 839 2142 893; x_wconf 68' lang='lat' dir='ltr'><strong>etiam</strong></span> <span class='ocrx_word' id='word_1_129' title='bbox 2182 840 2236 894; x_wconf 92' lang='lat' dir='ltr'><strong>in</strong></span> <span class='ocrx_word' id='word_1_130' title='bbox 2274 837 2638 911; x_wconf 82' lang='lat' dir='ltr'><strong>baptizandis</strong></span> <span class='ocrx_word' id='word_1_131' title='bbox 2663 835 2984 892; x_wconf 81' lang='lat' dir='ltr'><strong>infantibus</strong></span> <span class='ocrx_word' id='word_1_132' title='bbox 3003 836 3329 891; x_wconf 88' lang='lat' dir='ltr'><strong>certissime</strong></span> <span class='ocrx_word' id='word_1_133' title='bbox 3349 851 3475 890; x_wconf 88' lang='lat' dir='ltr'><strong>cre-</strong></span> 
     </span>
    </p>
   </div>
   <div class='ocr_carea' id='block_1_23' title="bbox 1834 925 3475 998">
    <p class='ocr_par' dir='ltr' id='par_1_23' title="bbox 1834 925 3475 998">
     <span class='ocr_line' id='line_1_23' title="bbox 1834 925 3475 998; baseline 0 -18"><span class='ocrx_word' id='word_1_134' title='bbox 1834 927 2045 982; x_wconf 89' lang='lat' dir='ltr'><strong>damus</strong></span> <span class='ocrx_word' id='word_1_135' title='bbox 2065 947 2129 982; x_wconf 74' lang='lat' dir='ltr'><strong>at:</strong></span> <span class='ocrx_word' id='word_1_136' title='bbox 2153 929 2328 983; x_wconf 86' lang='lat' dir='ltr'><strong>libere</strong></span> <span class='ocrx_word' id='word_1_137' title='bbox 2349 926 2770 997; x_wconf 82' lang='lat' dir='ltr'><strong>proclamemus</strong></span> <span class='ocrx_word' id='word_1_138' title='bbox 2789 925 3149 997; x_wconf 81' lang='lat' dir='ltr'><strong>diligentiam</strong></span> <span class='ocrx_word' id='word_1_139' title='bbox 3169 932 3475 998; x_wconf 88' lang='lat' dir='ltr'><strong>parentum</strong></span> 
     </span>
    </p>
   </div>
   <div class='ocr_carea' id='block_1_24' title="bbox 1835 1015 3479 1088">
    <p class='ocr_par' dir='ltr' id='par_1_24' title="bbox 1835 1015 3479 1088">
     <span class='ocr_line' id='line_1_24' title="bbox 1835 1015 3479 1088; baseline -0.001 -16"><span class='ocrx_word' id='word_1_140' title='bbox 1835 1019 1904 1072; x_wconf 86' lang='lat' dir='ltr'><strong>ad</strong></span> <span class='ocrx_word' id='word_1_141' title='bbox 1940 1019 2186 1088; x_wconf 86' lang='lat' dir='ltr'><strong>gratiam</strong></span> <span class='ocrx_word' id='word_1_142' title='bbox 2224 1017 2589 1082; x_wconf 87' lang='lat' dir='ltr'><strong>redimentis,</strong></span> <span class='ocrx_word' id='word_1_143' title='bbox 2626 1015 3040 1086; x_wconf 81' lang='lat' dir='ltr'><strong>negligentiam</strong></span> <span class='ocrx_word' id='word_1_144' title='bbox 3074 1032 3207 1070; x_wconf 90' lang='lat' dir='ltr'><strong>vero</strong></span> <span class='ocrx_word' id='word_1_145' title='bbox 3228 1017 3479 1086; x_wconf 87' lang='lat' dir='ltr'><strong>adjudt—</strong></span> 
     </span>
    </p>
   </div>
   <div class='ocr_carea' id='block_1_25' title="bbox 1836 1105 3484 1177">
    <p class='ocr_par' dir='ltr' id='par_1_25' title="bbox 1836 1105 3484 1177">
     <span class='ocr_line' id='line_1_25' title="bbox 1836 1105 3484 1177; baseline 0 -15"><span class='ocrx_word' id='word_1_146' title='bbox 1836 1108 2026 1162; x_wconf 89' lang='lat' dir='ltr'><strong>cantis</strong></span> <span class='ocrx_word' id='word_1_147' title='bbox 2053 1108 2146 1162; x_wconf 86' lang='lat' dir='ltr'><strong>Dei</strong></span> <span class='ocrx_word' id='word_1_148' title='bbox 2165 1108 2460 1177; x_wconf 83' lang='lat' dir='ltr'><strong>justitiam</strong></span> <span class='ocrx_word' id='word_1_149' title='bbox 2495 1106 2779 1177; x_wconf 84' lang='lat' dir='ltr'><strong>pertinere</strong></span> <span class='ocrx_word' id='word_1_150' title='bbox 2800 1105 2827 1160; x_wconf 78' lang='lat'><strong>‘2</strong></span> <span class='ocrx_word' id='word_1_151' title='bbox 2846 1105 2970 1160; x_wconf 84' lang='lat' dir='ltr'><strong>Non</strong></span> <span class='ocrx_word' id='word_1_152' title='bbox 2999 1106 3139 1175; x_wconf 89' lang='lat' dir='ltr'><strong>quia</strong></span> <span class='ocrx_word' id='word_1_153' title='bbox 3167 1121 3235 1159; x_wconf 81' lang='lat' dir='ltr'><strong>ex</strong></span> <span class='ocrx_word' id='word_1_154' title='bbox 3259 1110 3369 1161; x_wconf 83' lang='lat' dir='ltr'><strong>Deu</strong></span> <span class='ocrx_word' id='word_1_155' title='bbox 3392 1110 3484 1162; x_wconf 86' lang='lat' dir='ltr'><strong>est</strong></span> 
     </span>
    </p>
   </div>
   <div class='ocr_carea' id='block_1_26' title="bbox 1839 1189 3484 1268">
    <p class='ocr_par' dir='ltr' id='par_1_26' title="bbox 1839 1189 3484 1268">
     <span class='ocr_line' id='line_1_26' title="bbox 1839 1189 3484 1268; baseline 0 -18"><span class='ocrx_word' id='word_1_156' title='bbox 1839 1196 1976 1250; x_wconf 92' lang='lat' dir='ltr'><strong>boni</strong></span> <span class='ocrx_word' id='word_1_157' title='bbox 2008 1197 2200 1267; x_wconf 89' lang='lat' dir='ltr'><strong>operis</strong></span> <span class='ocrx_word' id='word_1_158' title='bbox 2233 1195 2611 1268; x_wconf 74' lang='lat' dir='ltr'><strong>negligentia,</strong></span> <span class='ocrx_word' id='word_1_159' title='bbox 2639 1213 2672 1250; x_wconf 89' lang='lat' dir='ltr'><strong>a</strong></span> <span class='ocrx_word' id='word_1_160' title='bbox 2693 1211 2804 1265; x_wconf 85' lang='lat' dir='ltr'><strong>quo</strong></span> <span class='ocrx_word' id='word_1_161' title='bbox 2833 1189 2993 1249; x_wconf 89' lang='lat' dir='ltr'><strong>nulla</strong></span> <span class='ocrx_word' id='word_1_162' title='bbox 3017 1211 3275 1266; x_wconf 89' lang='lat' dir='ltr'><strong>unquam</strong></span> <span class='ocrx_word' id='word_1_163' title='bbox 3296 1191 3484 1266; x_wconf 89' lang='lat' dir='ltr'><strong>potuit</strong></span> 
     </span>
    </p>
   </div>
   <div class='ocr_carea' id='block_1_27' title="bbox 1840 1281 3480 1356">
    <p class='ocr_par' dir='ltr' id='par_1_27' title="bbox 1840 1281 3480 1356">
     <span class='ocr_line' id='line_1_27' title="bbox 1840 1281 3480 1356; baseline 0.001 -17"><span class='ocrx_word' id='word_1_164' title='bbox 1840 1301 1970 1339; x_wconf 89' lang='lat' dir='ltr'><strong>esse</strong></span> <span class='ocrx_word' id='word_1_165' title='bbox 1995 1285 2130 1340; x_wconf 90' lang='lat' dir='ltr'><strong>mali</strong></span> <span class='ocrx_word' id='word_1_166' title='bbox 2152 1287 2346 1356; x_wconf 89' lang='lat' dir='ltr'><strong>operis</strong></span> <span class='ocrx_word' id='word_1_167' title='bbox 2368 1302 2547 1340; x_wconf 90' lang='lat' dir='ltr'><strong>causa</strong></span> <span class='ocrx_word' id='word_1_168' title='bbox 2571 1285 2701 1339; x_wconf 88' lang='lat' dir='ltr'><strong>:sed</strong></span> <span class='ocrx_word' id='word_1_169' title='bbox 2726 1284 2864 1354; x_wconf 87' lang='lat' dir='ltr'><strong>quia</strong></span> <span class='ocrx_word' id='word_1_170' title='bbox 2885 1284 3035 1339; x_wconf 92' lang='lat' dir='ltr'><strong>bona</strong></span> <span class='ocrx_word' id='word_1_171' title='bbox 3051 1281 3480 1356; x_wconf 69' lang='lat' dir='ltr'><strong>voluntas,qua</strong></span> 
     </span>
    </p>
   </div>
   <div class='ocr_carea' id='block_1_28' title="bbox 1839 1373 3481 1447">
    <p class='ocr_par' dir='ltr' id='par_1_28' title="bbox 1839 1373 3481 1447">
     <span class='ocr_line' id='line_1_28' title="bbox 1839 1373 3481 1447; baseline -0.001 -16"><span class='ocrx_word' id='word_1_172' title='bbox 1839 1393 1872 1431; x_wconf 90' lang='lat' dir='ltr'><strong>a</strong></span> <span class='ocrx_word' id='word_1_173' title='bbox 1893 1377 2612 1447; x_wconf 87' lang='lat' dir='ltr'><strong>Deotribuitur,quantum</strong></span> <span class='ocrx_word' id='word_1_174' title='bbox 2629 1374 2684 1428; x_wconf 93' lang='lat' dir='ltr'><strong>in</strong></span> <span class='ocrx_word' id='word_1_175' title='bbox 2702 1375 2943 1428; x_wconf 88' lang='lat' dir='ltr'><strong>caritate</strong></span> <span class='ocrx_word' id='word_1_176' title='bbox 2963 1373 3193 1445; x_wconf 79' lang='lat' dir='ltr'><strong>proficit</strong></span> <span class='ocrx_word' id='word_1_177' title='bbox 3213 1375 3304 1446; x_wconf 82' lang='lat' dir='ltr'><strong>(cl,</strong></span> <span class='ocrx_word' id='word_1_178' title='bbox 3319 1380 3481 1430; x_wconf 88' lang='lat' dir='ltr'><strong>tanto</strong></span> 
     </span>
    </p>
   </div>
   <div class='ocr_carea' id='block_1_29' title="bbox 1843 1463 3480 1537">
    <p class='ocr_par' dir='ltr' id='par_1_29' title="bbox 1843 1463 3480 1537">
     <span class='ocr_line' id='line_1_29' title="bbox 1843 1463 3480 1537; baseline 0 -17"><span class='ocrx_word' id='word_1_179' title='bbox 1843 1465 2120 1535; x_wconf 89' lang='lat' dir='ltr'><strong>majorem</strong></span> <span class='ocrx_word' id='word_1_180' title='bbox 2143 1482 2244 1537; x_wconf 92' lang='lat' dir='ltr'><strong>pro</strong></span> <span class='ocrx_word' id='word_1_181' title='bbox 2267 1467 2454 1521; x_wconf 89' lang='lat' dir='ltr'><strong>salute</strong></span> <span class='ocrx_word' id='word_1_182' title='bbox 2470 1463 3004 1535; x_wconf 62' lang='lat' dir='ltr'><strong>cujuslibetuninma</strong></span> <span class='ocrx_word' id='word_1_183' title='bbox 3023 1463 3480 1520; x_wconf 90' lang='lat' dir='ltr'><strong>sollicitudinem</strong></span> 
     </span>
    </p>
   </div>
   <div class='ocr_carea' id='block_1_30' title="bbox 1848 1553 3485 1627">
    <p class='ocr_par' dir='ltr' id='par_1_30' title="bbox 1848 1553 3485 1627">
     <span class='ocr_line' id='line_1_30' title="bbox 1848 1553 3485 1627; baseline -0.001 -17"><span class='ocrx_word' id='word_1_184' title='bbox 1848 1556 2020 1627; x_wconf 89' lang='lat' dir='ltr'><strong>gerit.</strong></span> <span class='ocrx_word' id='word_1_185' title='bbox 2058 1555 2206 1610; x_wconf 86' lang='lat' dir='ltr'><strong>Mala</strong></span> <span class='ocrx_word' id='word_1_186' title='bbox 2237 1572 2372 1611; x_wconf 90' lang='lat' dir='ltr'><strong>vero</strong></span> <span class='ocrx_word' id='word_1_187' title='bbox 2403 1554 2694 1619; x_wconf 82' lang='lat' dir='ltr'><strong>volun:es,</strong></span> <span class='ocrx_word' id='word_1_188' title='bbox 2721 1570 2851 1625; x_wconf 75' lang='lat' dir='ltr'><strong>quae</strong></span> <span class='ocrx_word' id='word_1_189' title='bbox 2871 1570 2979 1609; x_wconf 89' lang='lat' dir='ltr'><strong>suo</strong></span> <span class='ocrx_word' id='word_1_190' title='bbox 3000 1553 3210 1610; x_wconf 86' lang='lat' dir='ltr'><strong>merito</strong></span> <span class='ocrx_word' id='word_1_191' title='bbox 3238 1553 3485 1626; x_wconf 86' lang='lat' dir='ltr'><strong>gratiam</strong></span> 
     </span>
    </p>
   </div>
   <div class='ocr_carea' id='block_1_31' title="bbox 1844 1643 3486 1716">
    <p class='ocr_par' dir='ltr' id='par_1_31' title="bbox 1844 1643 3486 1716">
     <span class='ocr_line' id='line_1_31' title="bbox 1844 1643 3486 1716; baseline -0.001 -16"><span class='ocrx_word' id='word_1_192' title='bbox 1844 1645 2110 1700; x_wconf 90' lang='lat' dir='ltr'><strong>caritatis</strong></span> <span class='ocrx_word' id='word_1_193' title='bbox 2134 1649 2371 1700; x_wconf 74' lang='lat' dir='ltr'><strong>autinon</strong></span> <span class='ocrx_word' id='word_1_194' title='bbox 2399 1644 2630 1716; x_wconf 88' lang='lat' dir='ltr'><strong>accipit,</strong></span> <span class='ocrx_word' id='word_1_195' title='bbox 2663 1649 2760 1699; x_wconf 88' lang='lat' dir='ltr'><strong>aut</strong></span> <span class='ocrx_word' id='word_1_196' title='bbox 2793 1643 3032 1712; x_wconf 88' lang='lat' dir='ltr'><strong>amittit,</strong></span> <span class='ocrx_word' id='word_1_197' title='bbox 3067 1651 3355 1715; x_wconf 88' lang='lat' dir='ltr'><strong>torporem</strong></span> <span class='ocrx_word' id='word_1_198' title='bbox 3381 1659 3486 1698; x_wconf 87' lang='lat' dir='ltr'><strong>ne-</strong></span> 
     </span>
    </p>
   </div>
   <div class='ocr_carea' id='block_1_32' title="bbox 1846 1729 3488 1807">
    <p class='ocr_par' dir='ltr' id='par_1_32' title="bbox 1846 1729 3488 1807">
     <span class='ocr_line' id='line_1_32' title="bbox 1846 1729 3488 1807; baseline 0.002 -19"><span class='ocrx_word' id='word_1_199' title='bbox 1846 1734 2137 1807; x_wconf 68' lang='lat' dir='ltr'><strong>gligentiae</strong></span> <span class='ocrx_word' id='word_1_200' title='bbox 2169 1751 2288 1790; x_wconf 64' lang='lat' dir='ltr'><strong>suae</strong></span> <span class='ocrx_word' id='word_1_201' title='bbox 2313 1751 2426 1790; x_wconf 90' lang='lat' dir='ltr'><strong>non</strong></span> <span class='ocrx_word' id='word_1_202' title='bbox 2461 1733 2721 1806; x_wconf 86' lang='lat' dir='ltr'><strong>deponit,</strong></span> <span class='ocrx_word' id='word_1_203' title='bbox 2743 1738 2800 1788; x_wconf 91' lang='lat' dir='ltr'><strong>et</strong></span> <span class='ocrx_word' id='word_1_204' title='bbox 2828 1733 2968 1788; x_wconf 89' lang='lat' dir='ltr'><strong>dum</strong></span> <span class='ocrx_word' id='word_1_205' title='bbox 2990 1731 3052 1787; x_wconf 88' lang='lat' dir='ltr'><strong>in</strong></span> <span class='ocrx_word' id='word_1_206' title='bbox 3074 1729 3199 1789; x_wconf 88' lang='lat' dir='ltr'><strong>suis</strong></span> <span class='ocrx_word' id='word_1_207' title='bbox 3229 1731 3488 1791; x_wconf 83' lang='lat' dir='ltr'><strong>tenebris</strong></span> 
     </span>
    </p>
   </div>
   <div class='ocr_carea' id='block_1_33' title="bbox 173 1820 3200 1916">
    <p class='ocr_par' dir='ltr' id='par_1_33' title="bbox 173 1820 3200 1916">
     <span class='ocr_line' id='line_1_33' title="bbox 173 1820 3200 1916; baseline -0.001 -38"><span class='ocrx_word' id='word_1_208' title='bbox 173 1827 246 1882; x_wconf 82' lang='lat'><strong>20.</strong></span> <span class='ocrx_word' id='word_1_209' title='bbox 265 1826 404 1890; x_wconf 80' lang='lat' dir='ltr'><strong>Quis</strong></span> <span class='ocrx_word' id='word_1_210' title='bbox 427 1823 607 1880; x_wconf 89' lang='lat' dir='ltr'><strong>etiam</strong></span> <span class='ocrx_word' id='word_1_211' title='bbox 627 1821 960 1878; x_wconf 90' lang='lat' dir='ltr'><strong>Cornelium</strong></span> <span class='ocrx_word' id='word_1_212' title='bbox 986 1820 1412 1889; x_wconf 85' lang='lat' dir='ltr'><strong>centurionem,</strong></span> <span class='ocrx_word' id='word_1_213' title='bbox 1434 1821 1615 1877; x_wconf 90' lang='lat' dir='ltr'><strong>misso</strong></span> <span class='ocrx_word' id='word_1_214' title='bbox 1633 1837 1735 1875; x_wconf 86' lang='lat' dir='ltr'><strong>an-</strong></span> <span class='ocrx_word' id='word_1_215' title='bbox 1773 1851 1818 1916; x_wconf 76' lang='grc' dir='ltr'>Β</span> <span class='ocrx_word' id='word_1_216' title='bbox 1849 1822 2294 1895; x_wconf 89' lang='lat' dir='ltr'><strong>derelinquitur,</strong></span> <span class='ocrx_word' id='word_1_217' title='bbox 2329 1823 2517 1894; x_wconf 87' lang='lat' dir='ltr'><strong>magis</strong></span> <span class='ocrx_word' id='word_1_218' title='bbox 2545 1839 2611 1878; x_wconf 91' lang='lat' dir='ltr'><strong>ac</strong></span> <span class='ocrx_word' id='word_1_219' title='bbox 2639 1823 2830 1895; x_wconf 88' lang='lat' dir='ltr'><strong>magis</strong></span> <span class='ocrx_word' id='word_1_220' title='bbox 2861 1827 3200 1877; x_wconf 78' lang='lat' dir='ltr'><strong>exczecatur.</strong></span> 
     </span>
    </p>
   </div>
   <div class='ocr_carea' id='block_1_34' title="bbox 131 1910 1746 1986">
    <p class='ocr_par' dir='ltr' id='par_1_34' title="bbox 131 1910 1746 1986">
     <span class='ocr_line' id='line_1_34' title="bbox 131 1910 1746 1986; baseline -0.003 -17"><span class='ocrx_word' id='word_1_221' title='bbox 131 1914 230 1986; x_wconf 76' lang='lat' dir='ltr'><strong>gelo</strong></span> <span class='ocrx_word' id='word_1_222' title='bbox 268 1923 328 1970; x_wconf 91' lang='lat' dir='ltr'><strong>ut</strong></span> <span class='ocrx_word' id='word_1_223' title='bbox 374 1916 713 1986; x_wconf 86' lang='lat' dir='ltr'><strong>apostolum</strong></span> <span class='ocrx_word' id='word_1_224' title='bbox 761 1914 998 1968; x_wconf 88' lang='lat' dir='ltr'><strong>Petrum</strong></span> <span class='ocrx_word' id='word_1_225' title='bbox 1047 1913 1384 1980; x_wconf 81' lang='lat' dir='ltr'><strong>accersiret,</strong></span> <span class='ocrx_word' id='word_1_226' title='bbox 1435 1910 1746 1968; x_wconf 89' lang='lat' dir='ltr'><strong>admonuit</strong></span> 
     </span>
    </p>
   </div>
   <div class='ocr_carea' id='block_1_35' title="bbox 128 2001 1744 2075">
    <p class='ocr_par' dir='ltr' id='par_1_35' title="bbox 128 2001 1744 2075">
     <span class='ocr_line' id='line_1_35' title="bbox 128 2001 1744 2075; baseline -0.003 -16"><span class='ocrx_word' id='word_1_227' title='bbox 128 2007 285 2074; x_wconf 68' lang='lat' dir='ltr'><strong>(Acta,</strong></span> <span class='ocrx_word' id='word_1_228' title='bbox 302 2006 381 2073; x_wconf 78' lang='grc'><strong>5),</strong></span> <span class='ocrx_word' id='word_1_229' title='bbox 402 2005 516 2059; x_wconf 86' lang='lat' dir='ltr'><strong>nisi</strong></span> <span class='ocrx_word' id='word_1_230' title='bbox 537 2007 639 2075; x_wconf 87' lang='lat' dir='ltr'><strong>qui</strong></span> <span class='ocrx_word' id='word_1_231' title='bbox 660 2004 848 2058; x_wconf 91' lang='lat' dir='ltr'><strong>eidem</strong></span> <span class='ocrx_word' id='word_1_232' title='bbox 873 2005 1200 2057; x_wconf 91' lang='lat' dir='ltr'><strong>centurioni</strong></span> <span class='ocrx_word' id='word_1_233' title='bbox 1220 2003 1404 2073; x_wconf 79' lang='lat' dir='ltr'><strong>gratis</strong></span> <span class='ocrx_word' id='word_1_234' title='bbox 1420 2003 1639 2057; x_wconf 91' lang='lat' dir='ltr'><strong>donum</strong></span> <span class='ocrx_word' id='word_1_235' title='bbox 1655 2001 1744 2056; x_wconf 91' lang='lat' dir='ltr'><strong>sui</strong></span> 
     </span>
    </p>
   </div>
   <div class='ocr_carea' id='block_1_36' title="bbox 128 2090 1750 2164">
    <p class='ocr_par' dir='ltr' id='par_1_36' title="bbox 128 2090 1750 2164">
     <span class='ocr_line' id='line_1_36' title="bbox 128 2090 1750 2164; baseline -0.001 -16"><span class='ocrx_word' id='word_1_236' title='bbox 128 2095 322 2151; x_wconf 83' lang='lat' dir='ltr'><strong>timoris</strong></span> <span class='ocrx_word' id='word_1_237' title='bbox 356 2111 421 2150; x_wconf 88' lang='lat' dir='ltr'><strong>ac</strong></span> <span class='ocrx_word' id='word_1_238' title='bbox 444 2095 614 2148; x_wconf 69' lang='lat' dir='ltr'><strong>bona:</strong></span> <span class='ocrx_word' id='word_1_239' title='bbox 634 2092 996 2164; x_wconf 83' lang='lat' dir='ltr'><strong>Operationis</strong></span> <span class='ocrx_word' id='word_1_240' title='bbox 1024 2092 1246 2147; x_wconf 84' lang='lat' dir='ltr'><strong>infudit</strong></span> <span class='ocrx_word' id='word_1_241' title='bbox 1272 2091 1299 2146; x_wconf 84' lang='lat'><strong>?</strong></span> <span class='ocrx_word' id='word_1_242' title='bbox 1321 2090 1394 2148; x_wconf 91' lang='lat' dir='ltr'><strong>Ut</strong></span> <span class='ocrx_word' id='word_1_243' title='bbox 1415 2092 1569 2146; x_wconf 91' lang='lat' dir='ltr'><strong>enim</strong></span> <span class='ocrx_word' id='word_1_244' title='bbox 1599 2096 1750 2147; x_wconf 90' lang='lat' dir='ltr'><strong>Deus</strong></span> 
     </span>
    </p>
   </div>
   <div class='ocr_carea' id='block_1_37' title="bbox 125 2182 1745 2255">
    <p class='ocr_par' dir='ltr' id='par_1_37' title="bbox 125 2182 1745 2255">
     <span class='ocr_line' id='line_1_37' title="bbox 125 2182 1745 2255; baseline -0.002 -15"><span class='ocrx_word' id='word_1_245' title='bbox 125 2186 426 2240; x_wconf 84' lang='lat' dir='ltr'><strong>orationum</strong></span> <span class='ocrx_word' id='word_1_246' title='bbox 459 2187 615 2240; x_wconf 88' lang='lat'><strong>444</strong></span> <span class='ocrx_word' id='word_1_247' title='bbox 638 2185 769 2255; x_wconf 75' lang='lat' dir='ltr'><strong>eius</strong></span> <span class='ocrx_word' id='word_1_248' title='bbox 789 2189 847 2238; x_wconf 92' lang='lat' dir='ltr'><strong>et</strong></span> <span class='ocrx_word' id='word_1_249' title='bbox 870 2182 1369 2252; x_wconf 80' lang='lat' dir='ltr'><strong>eleemosynarum</strong></span> <span class='ocrx_word' id='word_1_250' title='bbox 1403 2185 1745 2237; x_wconf 86' lang='lat' dir='ltr'><strong>memoriam</strong></span> 
     </span>
    </p>
   </div>
   <div class='ocr_carea' id='block_1_38' title="bbox 126 2271 1748 2345">
    <p class='ocr_par' dir='ltr' id='par_1_38' title="bbox 126 2271 1748 2345">
     <span class='ocr_line' id='line_1_38' title="bbox 126 2271 1748 2345; baseline -0.002 -16"><span class='ocrx_word' id='word_1_251' title='bbox 126 2273 351 2340; x_wconf 75' lang='lat' dir='ltr'><strong>haberet,</strong></span> <span class='ocrx_word' id='word_1_252' title='bbox 376 2273 568 2345; x_wconf 88' lang='lat' dir='ltr'><strong>ipsius</strong></span> <span class='ocrx_word' id='word_1_253' title='bbox 593 2271 842 2328; x_wconf 89' lang='lat' dir='ltr'><strong>Cornelii</strong></span> <span class='ocrx_word' id='word_1_254' title='bbox 873 2272 1036 2341; x_wconf 91' lang='lat' dir='ltr'><strong>prius</strong></span> <span class='ocrx_word' id='word_1_255' title='bbox 1061 2271 1371 2339; x_wconf 87' lang='lat' dir='ltr'><strong>meminit;</strong></span> <span class='ocrx_word' id='word_1_256' title='bbox 1406 2288 1520 2326; x_wconf 92' lang='lat' dir='ltr'><strong>non</strong></span> <span class='ocrx_word' id='word_1_257' title='bbox 1546 2272 1600 2325; x_wconf 91' lang='lat' dir='ltr'><strong>in</strong></span> <span class='ocrx_word' id='word_1_258' title='bbox 1617 2275 1748 2342; x_wconf 70' lang='lat' dir='ltr'><strong>ejus</strong></span> 
     </span>
    </p>
   </div>
   <div class='ocr_carea' id='block_1_39' title="bbox 135 2361 1746 2435">
    <p class='ocr_par' dir='ltr' id='par_1_39' title="bbox 135 2361 1746 2435">
     <span class='ocr_line' id='line_1_39' title="bbox 135 2361 1746 2435; baseline -0.001 -17"><span class='ocrx_word' id='word_1_259' title='bbox 135 2363 358 2435; x_wconf 83' lang='lat' dir='ltr'><strong>quolibet</strong></span> <span class='ocrx_word' id='word_1_260' title='bbox 386 2379 561 2434; x_wconf 87' lang='lat' dir='ltr'><strong>opere</strong></span> <span class='ocrx_word' id='word_1_261' title='bbox 589 2364 761 2425; x_wconf 90' lang='lat' dir='ltr'><strong>bono,</strong></span> <span class='ocrx_word' id='word_1_262' title='bbox 789 2361 895 2416; x_wconf 84' lang='lat' dir='ltr'><strong>sed</strong></span> <span class='ocrx_word' id='word_1_263' title='bbox 940 2363 1000 2415; x_wconf 91' lang='lat' dir='ltr'><strong>in</strong></span> <span class='ocrx_word' id='word_1_264' title='bbox 1038 2361 1402 2431; x_wconf 89' lang='lat' dir='ltr'><strong>beneplactto</strong></span> <span class='ocrx_word' id='word_1_265' title='bbox 1429 2377 1556 2430; x_wconf 91' lang='lat' dir='ltr'><strong>suo,</strong></span> <span class='ocrx_word' id='word_1_266' title='bbox 1601 2367 1664 2416; x_wconf 90' lang='lat' dir='ltr'><strong>ut</strong></span> <span class='ocrx_word' id='word_1_267' title='bbox 1694 2362 1746 2417; x_wconf 87' lang='lat' dir='ltr'><strong>ei</strong></span> 
     </span>
    </p>
   </div>
   <div class='ocr_carea' id='block_1_40' title="bbox 126 2450 1750 2521">
    <p class='ocr_par' dir='ltr' id='par_1_40' title="bbox 126 2450 1750 2521">
     <span class='ocr_line' id='line_1_40' title="bbox 126 2450 1750 2521; baseline -0.001 -14"><span class='ocrx_word' id='word_1_268' title='bbox 126 2453 314 2507; x_wconf 90' lang='lat' dir='ltr'><strong>donum</strong></span> <span class='ocrx_word' id='word_1_269' title='bbox 332 2458 421 2508; x_wconf 85' lang='lat' dir='ltr'><strong>sui</strong></span> <span class='ocrx_word' id='word_1_270' title='bbox 438 2452 670 2508; x_wconf 89' lang='lat' dir='ltr'><strong>timoris</strong></span> <span class='ocrx_word' id='word_1_271' title='bbox 691 2452 1046 2518; x_wconf 82' lang='lat' dir='ltr'><strong>infunderet,</strong></span> <span class='ocrx_word' id='word_1_272' title='bbox 1075 2467 1188 2518; x_wconf 76' lang='lat' dir='ltr'><strong>quo</strong></span> <span class='ocrx_word' id='word_1_273' title='bbox 1211 2453 1259 2505; x_wconf 89' lang='lat' dir='ltr'><strong>ei</strong></span> <span class='ocrx_word' id='word_1_274' title='bbox 1284 2457 1342 2507; x_wconf 89' lang='lat' dir='ltr'><strong>et</strong></span> <span class='ocrx_word' id='word_1_275' title='bbox 1359 2450 1750 2521; x_wconf 81' lang='lat' dir='ltr'><strong>eleemosyna-</strong></span> 
     </span>
    </p>
   </div>
   <div class='ocr_carea' id='block_1_41' title="bbox 123 2541 1744 2612">
    <p class='ocr_par' dir='ltr' id='par_1_41' title="bbox 123 2541 1744 2612">
     <span class='ocr_line' id='line_1_41' title="bbox 123 2541 1744 2612; baseline 0.003 -17"><span class='ocrx_word' id='word_1_276' title='bbox 123 2559 224 2598; x_wconf 85' lang='lat' dir='ltr'><strong>rem</strong></span> <span class='ocrx_word' id='word_1_277' title='bbox 238 2544 814 2612; x_wconf 67' lang='lat' dir='ltr'><strong>studium,etsanctai</strong></span> <span class='ocrx_word' id='word_1_278' title='bbox 829 2541 1112 2597; x_wconf 90' lang='lat' dir='ltr'><strong>orationis</strong></span> <span class='ocrx_word' id='word_1_279' title='bbox 1128 2541 1439 2612; x_wconf 86' lang='lat' dir='ltr'><strong>inspiraret</strong></span> <span class='ocrx_word' id='word_1_280' title='bbox 1453 2542 1744 2600; x_wconf 69' lang='lat' dir='ltr'><strong>affectum.</strong></span> 
     </span>
    </p>
   </div>
   <div class='ocr_carea' id='block_1_42' title="bbox 122 2629 1746 2702">
    <p class='ocr_par' dir='ltr' id='par_1_42' title="bbox 122 2629 1746 2702">
     <span class='ocr_line' id='line_1_42' title="bbox 122 2629 1746 2702; baseline 0.002 -18"><span class='ocrx_word' id='word_1_281' title='bbox 122 2631 232 2702; x_wconf 86' lang='lat' dir='ltr'><strong>Ipse</strong></span> <span class='ocrx_word' id='word_1_282' title='bbox 257 2633 425 2702; x_wconf 76' lang='lat' dir='ltr'><strong>igitur</strong></span> <span class='ocrx_word' id='word_1_283' title='bbox 456 2632 508 2686; x_wconf 92' lang='lat' dir='ltr'><strong>ei</strong></span> <span class='ocrx_word' id='word_1_284' title='bbox 544 2631 810 2702; x_wconf 80' lang='lat' dir='ltr'><strong>placendi</strong></span> <span class='ocrx_word' id='word_1_285' title='bbox 841 2631 1092 2702; x_wconf 87' lang='lat' dir='ltr'><strong>gratiam</strong></span> <span class='ocrx_word' id='word_1_286' title='bbox 1137 2629 1406 2700; x_wconf 87' lang='lat' dir='ltr'><strong>contulit,</strong></span> <span class='ocrx_word' id='word_1_287' title='bbox 1454 2632 1558 2701; x_wconf 91' lang='lat' dir='ltr'><strong>qui</strong></span> <span class='ocrx_word' id='word_1_288' title='bbox 1587 2632 1648 2686; x_wconf 91' lang='lat' dir='ltr'><strong>in</strong></span> <span class='ocrx_word' id='word_1_289' title='bbox 1680 2648 1746 2688; x_wconf 92' lang='lat' dir='ltr'><strong>eo</strong></span> 
     </span>
    </p>
   </div>
   <div class='ocr_carea' id='block_1_43' title="bbox 119 2719 1746 2792">
    <p class='ocr_par' dir='ltr' id='par_1_43' title="bbox 119 2719 1746 2792">
     <span class='ocr_line' id='line_1_43' title="bbox 119 2719 1746 2792; baseline 0.001 -18"><span class='ocrx_word' id='word_1_290' title='bbox 119 2721 259 2792; x_wconf 87' lang='lat' dir='ltr'><strong>quod</strong></span> <span class='ocrx_word' id='word_1_291' title='bbox 289 2737 467 2776; x_wconf 78' lang='lat' dir='ltr'><strong>coram</strong></span> <span class='ocrx_word' id='word_1_292' title='bbox 501 2737 564 2776; x_wconf 91' lang='lat' dir='ltr'><strong>se</strong></span> <span class='ocrx_word' id='word_1_293' title='bbox 593 2719 852 2791; x_wconf 85' lang='lat' dir='ltr'><strong>placeret</strong></span> <span class='ocrx_word' id='word_1_294' title='bbox 878 2719 1120 2774; x_wconf 86' lang='lat' dir='ltr'><strong>invenit.</strong></span> <span class='ocrx_word' id='word_1_295' title='bbox 1146 2719 1274 2789; x_wconf 87' lang='lat' dir='ltr'><strong>[pse</strong></span> <span class='ocrx_word' id='word_1_296' title='bbox 1297 2724 1385 2775; x_wconf 90' lang='lat' dir='ltr'><strong>est</strong></span> <span class='ocrx_word' id='word_1_297' title='bbox 1406 2721 1563 2774; x_wconf 90' lang='lat' dir='ltr'><strong>enim</strong></span> <span class='ocrx_word' id='word_1_298' title='bbox 1592 2719 1746 2777; x_wconf 85' lang='lat' dir='ltr'><strong>Deus</strong></span> 
     </span>
    </p>
   </div>
   <div class='ocr_carea' id='block_1_44' title="bbox 116 2807 1748 2882">
    <p class='ocr_par' dir='ltr' id='par_1_44' title="bbox 116 2807 1748 2882">
     <span class='ocr_line' id='line_1_44' title="bbox 116 2807 1748 2882; baseline 0.002 -21"><span class='ocrx_word' id='word_1_299' title='bbox 116 2809 180 2862; x_wconf 85' lang='lat' dir='ltr'><strong>de</strong></span> <span class='ocrx_word' id='word_1_300' title='bbox 204 2826 311 2882; x_wconf 89' lang='lat' dir='ltr'><strong>quo</strong></span> <span class='ocrx_word' id='word_1_301' title='bbox 354 2809 666 2881; x_wconf 80' lang='lat' dir='ltr'><strong>Apostolus</strong></span> <span class='ocrx_word' id='word_1_302' title='bbox 713 2808 893 2876; x_wconf 89' lang='lat' dir='ltr'><strong>dicit;</strong></span> <span class='ocrx_word' id='word_1_303' title='bbox 927 2809 1066 2863; x_wconf 83' lang='lat' dir='ltr'><strong>Deus</strong></span> <span class='ocrx_word' id='word_1_304' title='bbox 1095 2813 1284 2862; x_wconf 81' lang='lat' dir='ltr'><strong>autem</strong></span> <span class='ocrx_word' id='word_1_305' title='bbox 1308 2809 1460 2878; x_wconf 77' lang='lat' dir='ltr'><strong>pacis</strong></span> <span class='ocrx_word' id='word_1_306' title='bbox 1508 2809 1606 2878; x_wconf 89' lang='lat' dir='ltr'><strong>(a),</strong></span> <span class='ocrx_word' id='word_1_307' title='bbox 1651 2807 1748 2878; x_wconf 88' lang='lat' dir='ltr'><strong>qui</strong></span> 
     </span>
    </p>
   </div>
   <div class='ocr_carea' id='block_1_45' title="bbox 115 2895 1747 2968">
    <p class='ocr_par' dir='ltr' id='par_1_45' title="bbox 115 2895 1747 2968">
     <span class='ocr_line' id='line_1_45' title="bbox 115 2895 1747 2968; baseline 0.001 -16"><span class='ocrx_word' id='word_1_308' title='bbox 115 2899 358 2954; x_wconf 65' lang='lat' dir='ltr'><strong>eduxit/le</strong></span> <span class='ocrx_word' id='word_1_309' title='bbox 372 2897 604 2954; x_wconf 83' lang='lat' dir='ltr'><strong>mortuis</strong></span> <span class='ocrx_word' id='word_1_310' title='bbox 625 2900 902 2967; x_wconf 80' lang='lat' dir='ltr'><strong>pastorem</strong></span> <span class='ocrx_word' id='word_1_311' title='bbox 920 2913 1180 2965; x_wconf 86' lang='lat' dir='ltr'><strong>magnum</strong></span> <span class='ocrx_word' id='word_1_312' title='bbox 1197 2895 1388 2950; x_wconf 84' lang='lat' dir='ltr'><strong>ovium</strong></span> <span class='ocrx_word' id='word_1_313' title='bbox 1407 2898 1463 2950; x_wconf 88' lang='lat' dir='ltr'><strong>in</strong></span> <span class='ocrx_word' id='word_1_314' title='bbox 1481 2900 1747 2968; x_wconf 74' lang='lat' dir='ltr'><strong>sanguine</strong></span> 
     </span>
    </p>
   </div>
   <div class='ocr_carea' id='block_1_46' title="bbox 119 2987 1744 3056">
    <p class='ocr_par' dir='ltr' id='par_1_46' title="bbox 119 2987 1744 3056">
     <span class='ocr_line' id='line_1_46' title="bbox 119 2987 1744 3056; baseline 0 -14"><span class='ocrx_word' id='word_1_315' title='bbox 119 2992 402 3043; x_wconf 71' lang='lat' dir='ltr'><strong>testamenti</strong></span> <span class='ocrx_word' id='word_1_316' title='bbox 420 2989 623 3044; x_wconf 70' lang='grc' dir='ltr'><strong>κίεν-ιιί</strong></span> <span class='ocrx_word' id='word_1_317' title='bbox 644 2988 934 3041; x_wconf 84' lang='lat' dir='ltr'><strong>Dominum</strong></span> <span class='ocrx_word' id='word_1_318' title='bbox 964 2991 1216 3041; x_wconf 83' lang='lat' dir='ltr'><strong>nostrum</strong></span> <span class='ocrx_word' id='word_1_319' title='bbox 1235 2988 1420 3042; x_wconf 81' lang='lat' dir='ltr'><strong>Jesum</strong></span> <span class='ocrx_word' id='word_1_320' title='bbox 1443 2987 1744 3056; x_wconf 75' lang='lat' dir='ltr'><strong>Christum,</strong></span> 
     </span>
    </p>
   </div>
   <div class='ocr_carea' id='block_1_47' title="bbox 119 3074 1744 3146">
    <p class='ocr_par' dir='ltr' id='par_1_47' title="bbox 119 3074 1744 3146">
     <span class='ocr_line' id='line_1_47' title="bbox 119 3074 1744 3146; baseline 0 -16"><span class='ocrx_word' id='word_1_321' title='bbox 119 3086 248 3146; x_wconf 74' lang='lat' dir='ltr'><strong>aptet</strong></span> <span class='ocrx_word' id='word_1_322' title='bbox 274 3094 365 3133; x_wconf 79' lang='lat' dir='ltr'><strong>vos</strong></span> <span class='ocrx_word' id='word_1_323' title='bbox 396 3079 458 3132; x_wconf 76' lang='lat' dir='ltr'><strong>ita</strong></span> <span class='ocrx_word' id='word_1_324' title='bbox 503 3075 658 3132; x_wconf 89' lang='lat' dir='ltr'><strong>omni</strong></span> <span class='ocrx_word' id='word_1_325' title='bbox 690 3077 848 3143; x_wconf 72' lang='lat' dir='ltr'><strong>bona,</strong></span> <span class='ocrx_word' id='word_1_326' title='bbox 889 3080 948 3129; x_wconf 84' lang='lat' dir='ltr'><strong>ul</strong></span> <span class='ocrx_word' id='word_1_327' title='bbox 985 3074 1208 3146; x_wconf 75' lang='lat' dir='ltr'><strong>faciatis</strong></span> <span class='ocrx_word' id='word_1_328' title='bbox 1242 3076 1575 3131; x_wconf 80' lang='lat' dir='ltr'><strong>voluntatem</strong></span> <span class='ocrx_word' id='word_1_329' title='bbox 1603 3078 1744 3144; x_wconf 80' lang='lat' dir='ltr'><strong>eius,</strong></span> 
     </span>
    </p>
   </div>
   <div class='ocr_carea' id='block_1_48' title="bbox 113 3165 1736 3236">
    <p class='ocr_par' dir='ltr' id='par_1_48' title="bbox 113 3165 1736 3236">
     <span class='ocr_line' id='line_1_48' title="bbox 113 3165 1736 3236; baseline -0.002 -14"><span class='ocrx_word' id='word_1_330' title='bbox 113 3169 288 3232; x_wconf 67' lang='lat' dir='ltr'><strong>1m:</strong></span> <span class='ocrx_word' id='word_1_331' title='bbox 318 3175 377 3221; x_wconf 77' lang='lat' dir='ltr'><strong>in</strong></span> <span class='ocrx_word' id='word_1_332' title='bbox 408 3167 562 3222; x_wconf 77' lang='lat' dir='ltr'><strong>vobis</strong></span> <span class='ocrx_word' id='word_1_333' title='bbox 583 3177 724 3235; x_wconf 85' lang='lat' dir='ltr'><strong>quoa</strong></span> <span class='ocrx_word' id='word_1_334' title='bbox 753 3165 963 3234; x_wconf 81' lang='lat' dir='ltr'><strong>placeat</strong></span> <span class='ocrx_word' id='word_1_335' title='bbox 984 3181 1171 3220; x_wconf 86' lang='lat' dir='ltr'><strong>coram</strong></span> <span class='ocrx_word' id='word_1_336' title='bbox 1192 3181 1247 3220; x_wconf 82' lang='lat' dir='ltr'><strong>se</strong></span> <span class='ocrx_word' id='word_1_337' title='bbox 1269 3165 1452 3236; x_wconf 81' lang='lat' dir='ltr'><strong>(Hebr.</strong></span> <span class='ocrx_word' id='word_1_338' title='bbox 1477 3182 1601 3228; x_wconf 83' lang='lat' dir='ltr'><strong>xm,</strong></span> <span class='ocrx_word' id='word_1_339' title='bbox 1623 3167 1736 3236; x_wconf 86' lang='lat'><strong>20).</strong></span> 
     </span>
    </p>
   </div>
   <div class='ocr_carea' id='block_1_49' title="bbox 117 3253 1740 3325">
    <p class='ocr_par' dir='ltr' id='par_1_49' title="bbox 117 3253 1740 3325">
     <span class='ocr_line' id='line_1_49' title="bbox 117 3253 1740 3325; baseline 0.001 -17"><span class='ocrx_word' id='word_1_340' title='bbox 117 3255 164 3310; x_wconf 84' lang='lat' dir='ltr'><strong>lo</strong></span> <span class='ocrx_word' id='word_1_341' title='bbox 179 3262 401 3312; x_wconf 82' lang='lat' dir='ltr'><strong>tantum</strong></span> <span class='ocrx_word' id='word_1_342' title='bbox 428 3261 626 3311; x_wconf 89' lang='lat' dir='ltr'><strong>autem</strong></span> <span class='ocrx_word' id='word_1_343' title='bbox 652 3255 858 3310; x_wconf 68' lang='lat' dir='ltr'><strong>divinae</strong></span> <span class='ocrx_word' id='word_1_344' title='bbox 885 3253 1084 3324; x_wconf 70' lang='lat' dir='ltr'><strong>gratim</strong></span> <span class='ocrx_word' id='word_1_345' title='bbox 1109 3253 1240 3320; x_wconf 87' lang='lat' dir='ltr'><strong>fuit,</strong></span> <span class='ocrx_word' id='word_1_346' title='bbox 1263 3255 1416 3325; x_wconf 91' lang='lat' dir='ltr'><strong>quod</strong></span> <span class='ocrx_word' id='word_1_347' title='bbox 1438 3253 1740 3310; x_wconf 87' lang='lat' dir='ltr'><strong>Cornelius</strong></span> 
     </span>
    </p>
   </div>
   <div class='ocr_carea' id='block_1_50' title="bbox 115 3342 1748 3411">
    <p class='ocr_par' dir='ltr' id='par_1_50' title="bbox 115 3342 1748 3411">
     <span class='ocr_line' id='line_1_50' title="bbox 115 3342 1748 3411; baseline 0 -13"><span class='ocrx_word' id='word_1_348' title='bbox 115 3347 425 3402; x_wconf 74' lang='lat' dir='ltr'><strong>admonitus</strong></span> <span class='ocrx_word' id='word_1_349' title='bbox 456 3351 549 3400; x_wconf 90' lang='lat' dir='ltr'><strong>est</strong></span> <span class='ocrx_word' id='word_1_350' title='bbox 572 3351 638 3399; x_wconf 92' lang='lat' dir='ltr'><strong>ut</strong></span> <span class='ocrx_word' id='word_1_351' title='bbox 666 3345 736 3399; x_wconf 90' lang='lat' dir='ltr'><strong>ad</strong></span> <span class='ocrx_word' id='word_1_352' title='bbox 762 3359 826 3398; x_wconf 85' lang='lat' dir='ltr'><strong>se</strong></span> <span class='ocrx_word' id='word_1_353' title='bbox 857 3348 1094 3398; x_wconf 90' lang='lat' dir='ltr'><strong>Petrum</strong></span> <span class='ocrx_word' id='word_1_354' title='bbox 1118 3342 1457 3411; x_wconf 87' lang='lat' dir='ltr'><strong>accersiret,</strong></span> <span class='ocrx_word' id='word_1_355' title='bbox 1487 3349 1552 3398; x_wconf 90' lang='lat' dir='ltr'><strong>ut</strong></span> <span class='ocrx_word' id='word_1_356' title='bbox 1573 3343 1748 3399; x_wconf 84' lang='lat' dir='ltr'><strong>etiam</strong></span> 
     </span>
    </p>
   </div>
   <div class='ocr_carea' id='block_1_51' title="bbox 116 3431 1748 3504">
    <p class='ocr_par' dir='ltr' id='par_1_51' title="bbox 116 3431 1748 3504">
     <span class='ocr_line' id='line_1_51' title="bbox 116 3431 1748 3504; baseline 0.002 -22"><span class='ocrx_word' id='word_1_357' title='bbox 116 3433 200 3502; x_wconf 79' lang='lat' dir='ltr'><strong>ipsi</strong></span> <span class='ocrx_word' id='word_1_358' title='bbox 227 3439 397 3491; x_wconf 86' lang='lat' dir='ltr'><strong>Petro</strong></span> <span class='ocrx_word' id='word_1_359' title='bbox 420 3435 502 3504; x_wconf 84' lang='lat' dir='ltr'><strong>(b)</strong></span> <span class='ocrx_word' id='word_1_360' title='bbox 533 3432 792 3504; x_wconf 88' lang='lat' dir='ltr'><strong>Spiritus</strong></span> <span class='ocrx_word' id='word_1_361' title='bbox 818 3439 1062 3487; x_wconf 89' lang='lat' dir='ltr'><strong>sanctus</strong></span> <span class='ocrx_word' id='word_1_362' title='bbox 1084 3431 1466 3487; x_wconf 88' lang='lat' dir='ltr'><strong>venientibus</strong></span> <span class='ocrx_word' id='word_1_363' title='bbox 1496 3433 1565 3487; x_wconf 89' lang='lat' dir='ltr'><strong>ad</strong></span> <span class='ocrx_word' id='word_1_364' title='bbox 1590 3449 1748 3502; x_wconf 91' lang='lat' dir='ltr'><strong>eum,</strong></span> 
     </span>
    </p>
   </div>
   <div class='ocr_carea' id='block_1_52' title="bbox 109 3519 1752 3591">
    <p class='ocr_par' dir='ltr' id='par_1_52' title="bbox 109 3519 1752 3591">
     <span class='ocr_line' id='line_1_52' title="bbox 109 3519 1752 3591; baseline 0.002 -16"><span class='ocrx_word' id='word_1_365' title='bbox 109 3537 233 3591; x_wconf 86' lang='lat' dir='ltr'><strong>quos</strong></span> <span class='ocrx_word' id='word_1_366' title='bbox 259 3525 572 3580; x_wconf 84' lang='lat' dir='ltr'><strong>Cornelius</strong></span> <span class='ocrx_word' id='word_1_367' title='bbox 604 3523 865 3586; x_wconf 89' lang='lat' dir='ltr'><strong>miserat,</strong></span> <span class='ocrx_word' id='word_1_368' title='bbox 901 3537 1015 3576; x_wconf 93' lang='lat' dir='ltr'><strong>non</strong></span> <span class='ocrx_word' id='word_1_369' title='bbox 1050 3519 1242 3575; x_wconf 91' lang='lat' dir='ltr'><strong>solum</strong></span> <span class='ocrx_word' id='word_1_370' title='bbox 1285 3526 1350 3575; x_wconf 93' lang='lat' dir='ltr'><strong>ut</strong></span> <span class='ocrx_word' id='word_1_371' title='bbox 1379 3537 1511 3576; x_wconf 91' lang='lat' dir='ltr'><strong>cum</strong></span> <span class='ocrx_word' id='word_1_372' title='bbox 1535 3522 1620 3576; x_wconf 92' lang='lat' dir='ltr'><strong>eis</strong></span> <span class='ocrx_word' id='word_1_373' title='bbox 1642 3522 1752 3578; x_wconf 88' lang='lat' dir='ltr'><strong>iret</strong></span> 
     </span>
    </p>
   </div>
   <div class='ocr_carea' id='block_1_53' title="bbox 108 3609 1749 3685">
    <p class='ocr_par' dir='ltr' id='par_1_53' title="bbox 108 3609 1749 3685">
     <span class='ocr_line' id='line_1_53' title="bbox 108 3609 1749 3685; baseline -0.001 -17"><span class='ocrx_word' id='word_1_374' title='bbox 108 3615 448 3685; x_wconf 67' lang='lat' dir='ltr'><strong>preciperet,</strong></span> <span class='ocrx_word' id='word_1_375' title='bbox 471 3612 612 3683; x_wconf 92' lang='lat' dir='ltr'><strong>quin</strong></span> <span class='ocrx_word' id='word_1_376' title='bbox 637 3612 816 3666; x_wconf 87' lang='lat' dir='ltr'><strong>etiam</strong></span> <span class='ocrx_word' id='word_1_377' title='bbox 832 3609 1213 3664; x_wconf 88' lang='lat' dir='ltr'><strong>formidinem</strong></span> <span class='ocrx_word' id='word_1_378' title='bbox 1233 3611 1412 3666; x_wconf 85' lang='lat' dir='ltr'><strong>totius</strong></span> <span class='ocrx_word' id='word_1_379' title='bbox 1435 3611 1749 3666; x_wconf 80' lang='lat' dir='ltr'><strong>dubitatio-</strong></span> 
     </span>
    </p>
   </div>
   <div class='ocr_carea' id='block_1_54' title="bbox 107 3696 1751 3768">
    <p class='ocr_par' dir='ltr' id='par_1_54' title="bbox 107 3696 1751 3768">
     <span class='ocr_line' id='line_1_54' title="bbox 107 3696 1751 3768; baseline -0.001 -15"><span class='ocrx_word' id='word_1_380' title='bbox 107 3701 178 3755; x_wconf 83' lang='lat' dir='ltr'><strong>nis</strong></span> <span class='ocrx_word' id='word_1_381' title='bbox 198 3706 546 3768; x_wconf 81' lang='lat' dir='ltr'><strong>auferens,a</strong></span> <span class='ocrx_word' id='word_1_382' title='bbox 568 3717 630 3755; x_wconf 92' lang='lat' dir='ltr'><strong>se</strong></span> <span class='ocrx_word' id='word_1_383' title='bbox 651 3699 786 3754; x_wconf 90' lang='lat' dir='ltr'><strong>illos</strong></span> <span class='ocrx_word' id='word_1_384' title='bbox 819 3699 1032 3752; x_wconf 88' lang='lat' dir='ltr'><strong>missos</strong></span> <span class='ocrx_word' id='word_1_385' title='bbox 1056 3696 1240 3753; x_wconf 84' lang='lat' dir='ltr'><strong>fuisse</strong></span> <span class='ocrx_word' id='word_1_386' title='bbox 1281 3699 1564 3754; x_wconf 81' lang='lat' dir='ltr'><strong>firmaret.</strong></span> <span class='ocrx_word' id='word_1_387' title='bbox 1581 3698 1751 3754; x_wconf 89' lang='lat' dir='ltr'><strong>Deni-</strong></span> 
     </span>
    </p>
   </div>
   <div class='ocr_carea' id='block_1_55' title="bbox 104 3787 1748 3859">
    <p class='ocr_par' dir='ltr' id='par_1_55' title="bbox 104 3787 1748 3859">
     <span class='ocr_line' id='line_1_55' title="bbox 104 3787 1748 3859; baseline 0.002 -18"><span class='ocrx_word' id='word_1_388' title='bbox 104 3805 195 3859; x_wconf 82' lang='lat' dir='ltr'><strong>que</strong></span> <span class='ocrx_word' id='word_1_389' title='bbox 223 3793 309 3846; x_wconf 91' lang='lat' dir='ltr'><strong>sic</strong></span> <span class='ocrx_word' id='word_1_390' title='bbox 336 3793 531 3847; x_wconf 87' lang='lat' dir='ltr'><strong>eidem</strong></span> <span class='ocrx_word' id='word_1_391' title='bbox 565 3789 731 3844; x_wconf 91' lang='lat' dir='ltr'><strong>Petro</strong></span> <span class='ocrx_word' id='word_1_392' title='bbox 761 3805 794 3842; x_wconf 91' lang='lat' dir='ltr'><strong>a</strong></span> <span class='ocrx_word' id='word_1_393' title='bbox 825 3787 1049 3858; x_wconf 87' lang='lat' dir='ltr'><strong>Spiritu</strong></span> <span class='ocrx_word' id='word_1_394' title='bbox 1107 3793 1312 3842; x_wconf 89' lang='lat' dir='ltr'><strong>sancto</strong></span> <span class='ocrx_word' id='word_1_395' title='bbox 1365 3788 1597 3843; x_wconf 90' lang='lat' dir='ltr'><strong>dictum</strong></span> <span class='ocrx_word' id='word_1_396' title='bbox 1621 3795 1748 3844; x_wconf 88' lang='lat' dir='ltr'><strong>est:</strong></span> 
     </span>
    </p>
   </div>
   <div class='ocr_carea' id='block_1_56' title="bbox 104 3877 1757 3950">
    <p class='ocr_par' dir='ltr' id='par_1_56' title="bbox 104 3877 1757 3950">
     <span class='ocr_line' id='line_1_56' title="bbox 104 3877 1757 3950; baseline 0.001 -15"><span class='ocrx_word' id='word_1_397' title='bbox 104 3879 214 3935; x_wconf 77' lang='lat' dir='ltr'><strong>Ecce</strong></span> <span class='ocrx_word' id='word_1_398' title='bbox 232 3881 353 3936; x_wconf 78' lang='lat' dir='ltr'><strong>viri</strong></span> <span class='ocrx_word' id='word_1_399' title='bbox 387 3887 506 3936; x_wconf 81' lang='lat' dir='ltr'><strong>tres</strong></span> <span class='ocrx_word' id='word_1_400' title='bbox 555 3885 817 3950; x_wconf 55' lang='lat' dir='ltr'><strong>quarunt</strong></span> <span class='ocrx_word' id='word_1_401' title='bbox 848 3887 918 3932; x_wconf 84' lang='lat' dir='ltr'><strong>te.</strong></span> <span class='ocrx_word' id='word_1_402' title='bbox 951 3877 1126 3947; x_wconf 86' lang='lat' dir='ltr'><strong>Surge</strong></span> <span class='ocrx_word' id='word_1_403' title='bbox 1155 3879 1362 3946; x_wconf 80' lang='lat' dir='ltr'><strong>itaque,</strong></span> <span class='ocrx_word' id='word_1_404' title='bbox 1392 3877 1672 3947; x_wconf 62' lang='lat' dir='ltr'><strong>descendo,</strong></span> <span class='ocrx_word' id='word_1_405' title='bbox 1704 3887 1757 3936; x_wconf 79' lang='lat' dir='ltr'><strong>et</strong></span> 
     </span>
    </p>
   </div>
   <div class='ocr_carea' id='block_1_57' title="bbox 105 3966 1750 4039">
    <p class='ocr_par' dir='ltr' id='par_1_57' title="bbox 105 3966 1750 4039">
     <span class='ocr_line' id='line_1_57' title="bbox 105 3966 1750 4039; baseline 0.003 -20"><span class='ocrx_word' id='word_1_406' title='bbox 105 3971 217 4024; x_wconf 64' lang='lat' dir='ltr'><strong>vade</strong></span> <span class='ocrx_word' id='word_1_407' title='bbox 243 3987 376 4024; x_wconf 81' lang='lat' dir='ltr'><strong>cum</strong></span> <span class='ocrx_word' id='word_1_408' title='bbox 399 3966 676 4032; x_wconf 81' lang='lat' dir='ltr'><strong>eis.nihil</strong></span> <span class='ocrx_word' id='word_1_409' title='bbox 707 3967 1004 4031; x_wconf 80' lang='lat' dir='ltr'><strong>dubitans,</strong></span> <span class='ocrx_word' id='word_1_410' title='bbox 1033 3970 1167 4036; x_wconf 87' lang='lat' dir='ltr'><strong>quia</strong></span> <span class='ocrx_word' id='word_1_411' title='bbox 1185 3982 1280 4037; x_wconf 80' lang='lat' dir='ltr'><strong>ego</strong></span> <span class='ocrx_word' id='word_1_412' title='bbox 1300 3968 1432 4020; x_wconf 79' lang='lat' dir='ltr'><strong>misi</strong></span> <span class='ocrx_word' id='word_1_413' title='bbox 1463 3969 1588 4022; x_wconf 82' lang='lat' dir='ltr'><strong>illos</strong></span> <span class='ocrx_word' id='word_1_414' title='bbox 1615 3971 1750 4039; x_wconf 80' lang='lat' dir='ltr'><strong>(Act.</strong></span> 
     </span>
    </p>
   </div>
   <div class='ocr_carea' id='block_1_58' title="bbox 106 4054 1752 4129">
    <p class='ocr_par' dir='ltr' id='par_1_58' title="bbox 106 4054 1752 4129">
     <span class='ocr_line' id='line_1_58' title="bbox 106 4054 1752 4129; baseline 0.002 -19"><span class='ocrx_word' id='word_1_415' title='bbox 106 4074 150 4116; x_wconf 70' lang='grc' dir='ltr'><strong>ι,</strong></span> <span class='ocrx_word' id='word_1_416' title='bbox 185 4060 286 4125; x_wconf 84' lang='grc'><strong>19).</strong></span> <span class='ocrx_word' id='word_1_417' title='bbox 315 4058 635 4129; x_wconf 80' lang='lat' dir='ltr'><strong>Apostolos</strong></span> <span class='ocrx_word' id='word_1_418' title='bbox 667 4073 902 4128; x_wconf 93' lang='lat' dir='ltr'><strong>quoque</strong></span> <span class='ocrx_word' id='word_1_419' title='bbox 926 4054 1191 4110; x_wconf 85' lang='lat' dir='ltr'><strong>volentes</strong></span> <span class='ocrx_word' id='word_1_420' title='bbox 1216 4056 1298 4109; x_wconf 89' lang='lat' dir='ltr'><strong>ire</strong></span> <span class='ocrx_word' id='word_1_421' title='bbox 1330 4057 1390 4110; x_wconf 90' lang='lat' dir='ltr'><strong>in</strong></span> <span class='ocrx_word' id='word_1_422' title='bbox 1423 4056 1752 4128; x_wconf 75' lang='lat' dir='ltr'><strong>Bithyniam</strong></span> 
     </span>
    </p>
   </div>
   <div class='ocr_carea' id='block_1_59' title="bbox 106 4143 1751 4218">
    <p class='ocr_par' dir='ltr' id='par_1_59' title="bbox 106 4143 1751 4218">
     <span class='ocr_line' id='line_1_59' title="bbox 106 4143 1751 4218; baseline 0.003 -20"><span class='ocrx_word' id='word_1_423' title='bbox 106 4153 263 4218; x_wconf 79' lang='lat' dir='ltr'><strong>atque</strong></span> <span class='ocrx_word' id='word_1_424' title='bbox 294 4149 525 4212; x_wconf 78' lang='lat' dir='ltr'><strong>Asiam,</strong></span> <span class='ocrx_word' id='word_1_425' title='bbox 559 4147 771 4202; x_wconf 89' lang='lat' dir='ltr'><strong>vetitos</strong></span> <span class='ocrx_word' id='word_1_426' title='bbox 801 4163 834 4200; x_wconf 88' lang='lat' dir='ltr'><strong>a</strong></span> <span class='ocrx_word' id='word_1_427' title='bbox 856 4145 1077 4216; x_wconf 88' lang='lat' dir='ltr'><strong>Spiritu</strong></span> <span class='ocrx_word' id='word_1_428' title='bbox 1101 4149 1304 4199; x_wconf 89' lang='lat' dir='ltr'><strong>sancto</strong></span> <span class='ocrx_word' id='word_1_429' title='bbox 1335 4143 1591 4215; x_wconf 86' lang='lat' dir='ltr'><strong>legimus</strong></span> <span class='ocrx_word' id='word_1_430' title='bbox 1613 4148 1751 4216; x_wconf 83' lang='lat' dir='ltr'><strong>(Act.</strong></span> 
     </span>
    </p>
   </div>
   <div class='ocr_carea' id='block_1_60' title="bbox 102 4233 1752 4310">
    <p class='ocr_par' dir='ltr' id='par_1_60' title="bbox 102 4233 1752 4310">
     <span class='ocr_line' id='line_1_60' title="bbox 102 4233 1752 4310; baseline 0.002 -22"><span class='ocrx_word' id='word_1_431' title='bbox 102 4238 292 4309; x_wconf 78' lang='lat' dir='ltr'><strong>m,7).</strong></span> <span class='ocrx_word' id='word_1_432' title='bbox 321 4238 394 4293; x_wconf 84' lang='lat' dir='ltr'><strong>Et</strong></span> <span class='ocrx_word' id='word_1_433' title='bbox 415 4242 729 4310; x_wconf 85' lang='lat' dir='ltr'><strong>postquam</strong></span> <span class='ocrx_word' id='word_1_434' title='bbox 753 4234 996 4290; x_wconf 86' lang='lat' dir='ltr'><strong>Saulum</strong></span> <span class='ocrx_word' id='word_1_435' title='bbox 1015 4233 1302 4289; x_wconf 87' lang='lat' dir='ltr'><strong>Dominus</strong></span> <span class='ocrx_word' id='word_1_436' title='bbox 1323 4251 1433 4290; x_wconf 90' lang='lat' dir='ltr'><strong>sua</strong></span> <span class='ocrx_word' id='word_1_437' title='bbox 1454 4251 1592 4290; x_wconf 89' lang='lat' dir='ltr'><strong>voce</strong></span> <span class='ocrx_word' id='word_1_438' title='bbox 1616 4253 1752 4307; x_wconf 85' lang='lat' dir='ltr'><strong>pro-</strong></span> 
     </span>
    </p>
   </div>
   <div class='ocr_carea' id='block_1_61' title="bbox 103 4322 1748 4395">
    <p class='ocr_par' dir='ltr' id='par_1_61' title="bbox 103 4322 1748 4395">
     <span class='ocr_line' id='line_1_61' title="bbox 103 4322 1748 4395; baseline 0.003 -20"><span class='ocrx_word' id='word_1_439' title='bbox 103 4329 294 4381; x_wconf 77' lang='lat' dir='ltr'><strong>stravit</strong></span> <span class='ocrx_word' id='word_1_440' title='bbox 327 4328 474 4395; x_wconf 80' lang='lat' dir='ltr'><strong>(Act.</strong></span> <span class='ocrx_word' id='word_1_441' title='bbox 519 4341 599 4393; x_wconf 81' lang='lat' dir='ltr'><strong>Ix,</strong></span> <span class='ocrx_word' id='word_1_442' title='bbox 632 4324 708 4393; x_wconf 75' lang='grc'><strong>4),</strong></span> <span class='ocrx_word' id='word_1_443' title='bbox 743 4323 869 4395; x_wconf 88' lang='lat' dir='ltr'><strong>ipse</strong></span> <span class='ocrx_word' id='word_1_444' title='bbox 899 4323 971 4377; x_wconf 89' lang='lat' dir='ltr'><strong>ad</strong></span> <span class='ocrx_word' id='word_1_445' title='bbox 1021 4322 1294 4376; x_wconf 87' lang='lat' dir='ltr'><strong>eumdem</strong></span> <span class='ocrx_word' id='word_1_446' title='bbox 1328 4323 1748 4393; x_wconf 88' lang='lat' dir='ltr'><strong>baptizandum</strong></span> 
     </span>
    </p>
   </div>
   <div class='ocr_carea' id='block_1_62' title="bbox 95 4411 1749 4481">
    <p class='ocr_par' dir='ltr' id='par_1_62' title="bbox 95 4411 1749 4481">
     <span class='ocr_line' id='line_1_62' title="bbox 95 4411 1749 4481; baseline 0.002 -16"><span class='ocrx_word' id='word_1_447' title='bbox 95 4416 380 4470; x_wconf 81' lang='lat' dir='ltr'><strong>Ananiam</strong></span> <span class='ocrx_word' id='word_1_448' title='bbox 410 4413 691 4479; x_wconf 82' lang='lat' dir='ltr'><strong>visitavit,</strong></span> <span class='ocrx_word' id='word_1_449' title='bbox 719 4419 777 4467; x_wconf 92' lang='lat' dir='ltr'><strong>et</strong></span> <span class='ocrx_word' id='word_1_450' title='bbox 801 4411 958 4467; x_wconf 89' lang='lat' dir='ltr'><strong>misit</strong></span> <span class='ocrx_word' id='word_1_451' title='bbox 979 4411 1164 4481; x_wconf 83' lang='lat' dir='ltr'><strong>(lbid.,</strong></span> <span class='ocrx_word' id='word_1_452' title='bbox 1192 4411 1301 4481; x_wconf 86' lang='grc'><strong>11).</strong></span> <span class='ocrx_word' id='word_1_453' title='bbox 1337 4411 1554 4467; x_wconf 84' lang='lat' dir='ltr'><strong>Paulus</strong></span> <span class='ocrx_word' id='word_1_454' title='bbox 1574 4413 1749 4469; x_wconf 89' lang='lat' dir='ltr'><strong>etiam</strong></span> 
     </span>
    </p>
   </div>
   <div class='ocr_carea' id='block_1_63' title="bbox 91 4497 1746 4558">
    <p class='ocr_par' dir='ltr' id='par_1_63' title="bbox 91 4497 1746 4558">
     <span class='ocr_line' id='line_1_63' title="bbox 91 4497 1746 4558; baseline 0.001 -4"><span class='ocrx_word' id='word_1_455' title='bbox 91 4497 1746 4558; x_wconf 74' lang='lat' dir='ltr'><strong>Corinthiisscribensevidenteraffirmatsollicitudinem</strong></span> 
     </span>
    </p>
   </div>
   <div class='ocr_carea' id='block_1_64' title="bbox 1919 1911 3488 1984">
    <p class='ocr_par' dir='ltr' id='par_1_64' title="bbox 1919 1911 3488 1984">
     <span class='ocr_line' id='line_1_64' title="bbox 1919 1911 3488 1984; baseline 0.001 -17"><span class='ocrx_word' id='word_1_456' title='bbox 1919 1913 2008 1967; x_wconf 84' lang='lat'><strong>22.</strong></span> <span class='ocrx_word' id='word_1_457' title='bbox 2045 1913 2159 1968; x_wconf 88' lang='lat' dir='ltr'><strong>Deo</strong></span> <span class='ocrx_word' id='word_1_458' title='bbox 2192 1915 2372 1984; x_wconf 84' lang='lat' dir='ltr'><strong>igitur</strong></span> <span class='ocrx_word' id='word_1_459' title='bbox 2401 1913 2458 1967; x_wconf 93' lang='lat' dir='ltr'><strong>in</strong></span> <span class='ocrx_word' id='word_1_460' title='bbox 2492 1912 2832 1968; x_wconf 90' lang='lat' dir='ltr'><strong>hominibus</strong></span> <span class='ocrx_word' id='word_1_461' title='bbox 2863 1911 3318 1968; x_wconf 88' lang='lat' dir='ltr'><strong>misericorditer</strong></span> <span class='ocrx_word' id='word_1_462' title='bbox 3352 1928 3488 1984; x_wconf 88' lang='lat' dir='ltr'><strong>ope-</strong></span> 
     </span>
    </p>
   </div>
   <div class='ocr_carea' id='block_1_65' title="bbox 1851 2002 3488 2075">
    <p class='ocr_par' dir='ltr' id='par_1_65' title="bbox 1851 2002 3488 2075">
     <span class='ocr_line' id='line_1_65' title="bbox 1851 2002 3488 2075; baseline 0 -19"><span class='ocrx_word' id='word_1_463' title='bbox 1851 2008 2038 2066; x_wconf 84' lang='lat' dir='ltr'><strong>rante.</strong></span> <span class='ocrx_word' id='word_1_464' title='bbox 2073 2003 2451 2075; x_wconf 81' lang='lat' dir='ltr'><strong>providentur</strong></span> <span class='ocrx_word' id='word_1_465' title='bbox 2473 2003 2550 2073; x_wconf 76' lang='grc' dir='ltr'><strong>(ιί)</strong></span> <span class='ocrx_word' id='word_1_466' title='bbox 2581 2003 2755 2057; x_wconf 91' lang='lat' dir='ltr'><strong>etiam</strong></span> <span class='ocrx_word' id='word_1_467' title='bbox 2780 2002 3074 2070; x_wconf 80' lang='lat' dir='ltr'><strong>adjutoria</strong></span> <span class='ocrx_word' id='word_1_468' title='bbox 3106 2017 3488 2071; x_wconf 89' lang='lat' dir='ltr'><strong>personarum</strong></span> 
     </span>
    </p>
   </div>
   <div class='ocr_carea' id='block_1_66' title="bbox 1851 2089 3492 2163">
    <p class='ocr_par' dir='ltr' id='par_1_66' title="bbox 1851 2089 3492 2163">
     <span class='ocr_line' id='line_1_66' title="bbox 1851 2089 3492 2163; baseline -0.001 -18"><span class='ocrx_word' id='word_1_469' title='bbox 1851 2099 2026 2163; x_wconf 85' lang='lat' dir='ltr'><strong>atque</strong></span> <span class='ocrx_word' id='word_1_470' title='bbox 2048 2091 2578 2162; x_wconf 86' lang='lat' dir='ltr'><strong>opportunitatum,</strong></span> <span class='ocrx_word' id='word_1_471' title='bbox 2606 2096 2662 2146; x_wconf 90' lang='lat' dir='ltr'><strong>et</strong></span> <span class='ocrx_word' id='word_1_472' title='bbox 2696 2091 2823 2162; x_wconf 91' lang='lat' dir='ltr'><strong>ipsa</strong></span> <span class='ocrx_word' id='word_1_473' title='bbox 2855 2089 3101 2144; x_wconf 80' lang='lat' dir='ltr'><strong>facultas</strong></span> <span class='ocrx_word' id='word_1_474' title='bbox 3131 2106 3319 2160; x_wconf 83' lang='lat' dir='ltr'><strong>operis</strong></span> <span class='ocrx_word' id='word_1_475' title='bbox 3352 2095 3492 2144; x_wconf 88' lang='lat' dir='ltr'><strong>tunc</strong></span> 
     </span>
    </p>
   </div>
   <div class='ocr_carea' id='block_1_67' title="bbox 1850 2178 3494 2252">
    <p class='ocr_par' dir='ltr' id='par_1_67' title="bbox 1850 2178 3494 2252">
     <span class='ocr_line' id='line_1_67' title="bbox 1850 2178 3494 2252; baseline 0.001 -19"><span class='ocrx_word' id='word_1_476' title='bbox 1850 2180 2145 2235; x_wconf 88' lang='lat' dir='ltr'><strong>invenitur</strong></span> <span class='ocrx_word' id='word_1_477' title='bbox 2171 2182 2240 2234; x_wconf 87' lang='lat' dir='ltr'><strong>ad</strong></span> <span class='ocrx_word' id='word_1_478' title='bbox 2278 2180 2696 2252; x_wconf 75' lang='lat' dir='ltr'><strong>baptizandum</strong></span> <span class='ocrx_word' id='word_1_479' title='bbox 2735 2179 3065 2251; x_wconf 74' lang='lat' dir='ltr'><strong>parVulum,</strong></span> <span class='ocrx_word' id='word_1_480' title='bbox 3090 2183 3322 2250; x_wconf 86' lang='lat' dir='ltr'><strong>quando</strong></span> <span class='ocrx_word' id='word_1_481' title='bbox 3344 2178 3401 2233; x_wconf 91' lang='lat' dir='ltr'><strong>in</strong></span> <span class='ocrx_word' id='word_1_482' title='bbox 3426 2195 3494 2234; x_wconf 91' lang='lat' dir='ltr'><strong>eo</strong></span> 
     </span>
    </p>
   </div>
   <div class='ocr_carea' id='block_1_68' title="bbox 1851 2268 3497 2341">
    <p class='ocr_par' dir='ltr' id='par_1_68' title="bbox 1851 2268 3497 2341">
     <span class='ocr_line' id='line_1_68' title="bbox 1851 2268 3497 2341; baseline 0 -17"><span class='ocrx_word' id='word_1_483' title='bbox 1851 2269 2134 2325; x_wconf 90' lang='lat' dir='ltr'><strong>Dominus</strong></span> <span class='ocrx_word' id='word_1_484' title='bbox 2149 2270 2297 2327; x_wconf 75' lang='lat'><strong>445</strong></span> <span class='ocrx_word' id='word_1_485' title='bbox 2317 2270 2516 2325; x_wconf 86' lang='lat' dir='ltr'><strong>statuit</strong></span> <span class='ocrx_word' id='word_1_486' title='bbox 2531 2287 2678 2341; x_wconf 83' lang='lat' dir='ltr'><strong>opus</strong></span> <span class='ocrx_word' id='word_1_487' title='bbox 2693 2268 3497 2340; x_wconf 71' lang='lat' dir='ltr'><strong>sanctaeablutionisimplen-</strong></span> 
     </span>
    </p>
   </div>
   <div class='ocr_carea' id='block_1_69' title="bbox 1851 2357 3494 2432">
    <p class='ocr_par' dir='ltr' id='par_1_69' title="bbox 1851 2357 3494 2432">
     <span class='ocr_line' id='line_1_69' title="bbox 1851 2357 3494 2432; baseline 0 -18"><span class='ocrx_word' id='word_1_488' title='bbox 1851 2359 1992 2414; x_wconf 92' lang='lat' dir='ltr'><strong>dum</strong></span> <span class='ocrx_word' id='word_1_489' title='bbox 2038 2361 2380 2426; x_wconf 81' lang='lat' dir='ltr'><strong>Deusenim,</strong></span> <span class='ocrx_word' id='word_1_490' title='bbox 2402 2361 2501 2432; x_wconf 91' lang='lat' dir='ltr'><strong>qui</strong></span> <span class='ocrx_word' id='word_1_491' title='bbox 2528 2359 2833 2432; x_wconf 85' lang='lat' dir='ltr'><strong>parvulum</strong></span> <span class='ocrx_word' id='word_1_492' title='bbox 2853 2375 2964 2414; x_wconf 93' lang='lat' dir='ltr'><strong>non</strong></span> <span class='ocrx_word' id='word_1_493' title='bbox 2980 2357 3292 2425; x_wconf 87' lang='lat' dir='ltr'><strong>volentem,</strong></span> <span class='ocrx_word' id='word_1_494' title='bbox 3310 2373 3494 2426; x_wconf 72' lang='lat' dir='ltr'><strong>neque</strong></span> 
     </span>
    </p>
   </div>
   <div class='ocr_carea' id='block_1_70' title="bbox 1852 2447 3500 2520">
    <p class='ocr_par' dir='ltr' id='par_1_70' title="bbox 1852 2447 3500 2520">
     <span class='ocr_line' id='line_1_70' title="bbox 1852 2447 3500 2520; baseline -0.001 -17"><span class='ocrx_word' id='word_1_495' title='bbox 1852 2462 2206 2517; x_wconf 85' lang='lat' dir='ltr'><strong>currentem,</strong></span> <span class='ocrx_word' id='word_1_496' title='bbox 2232 2449 2366 2506; x_wconf 89' lang='lat' dir='ltr'><strong>ﬁdei</strong></span> <span class='ocrx_word' id='word_1_497' title='bbox 2394 2453 2680 2517; x_wconf 89' lang='lat' dir='ltr'><strong>nescium,</strong></span> <span class='ocrx_word' id='word_1_498' title='bbox 2705 2464 2940 2520; x_wconf 71' lang='lat' dir='ltr'><strong>suisque</strong></span> <span class='ocrx_word' id='word_1_499' title='bbox 2962 2447 3170 2503; x_wconf 85' lang='lat' dir='ltr'><strong>salutis</strong></span> <span class='ocrx_word' id='word_1_500' title='bbox 3193 2453 3369 2519; x_wconf 91' lang='lat' dir='ltr'><strong>atque</strong></span> <span class='ocrx_word' id='word_1_501' title='bbox 3391 2447 3500 2503; x_wconf 83' lang='lat' dir='ltr'><strong>uti-</strong></span> 
     </span>
    </p>
   </div>
   <div class='ocr_carea' id='block_1_71' title="bbox 1849 2536 3495 2611">
    <p class='ocr_par' dir='ltr' id='par_1_71' title="bbox 1849 2536 3495 2611">
     <span class='ocr_line' id='line_1_71' title="bbox 1849 2536 3495 2611; baseline -0.001 -19"><span class='ocrx_word' id='word_1_502' title='bbox 1849 2537 2032 2594; x_wconf 86' lang='lat' dir='ltr'><strong>litatis</strong></span> <span class='ocrx_word' id='word_1_503' title='bbox 2063 2538 2355 2607; x_wconf 66' lang='lat' dir='ltr'><strong>ignarum,</strong></span> <span class='ocrx_word' id='word_1_504' title='bbox 2380 2539 2437 2593; x_wconf 91' lang='lat' dir='ltr'><strong>in</strong></span> <span class='ocrx_word' id='word_1_505' title='bbox 2463 2556 2578 2611; x_wconf 87' lang='lat' dir='ltr'><strong>quo</strong></span> <span class='ocrx_word' id='word_1_506' title='bbox 2601 2538 2764 2594; x_wconf 89' lang='lat' dir='ltr'><strong>nulla</strong></span> <span class='ocrx_word' id='word_1_507' title='bbox 2791 2536 3248 2610; x_wconf 87' lang='lat' dir='ltr'><strong>regenerationis</strong></span> <span class='ocrx_word' id='word_1_508' title='bbox 3269 2537 3495 2607; x_wconf 91' lang='lat' dir='ltr'><strong>petitio,</strong></span> 
     </span>
    </p>
   </div>
   <div class='ocr_carea' id='block_1_72' title="bbox 1852 2627 3500 2701">
    <p class='ocr_par' dir='ltr' id='par_1_72' title="bbox 1852 2627 3500 2701">
     <span class='ocr_line' id='line_1_72' title="bbox 1852 2627 3500 2701; baseline -0.001 -19"><span class='ocrx_word' id='word_1_509' title='bbox 1852 2627 2013 2682; x_wconf 90' lang='lat' dir='ltr'><strong>nulla</strong></span> <span class='ocrx_word' id='word_1_510' title='bbox 2054 2629 2183 2683; x_wconf 85' lang='lat' dir='ltr'><strong>fidei</strong></span> <span class='ocrx_word' id='word_1_511' title='bbox 2221 2636 2408 2701; x_wconf 82' lang='lat' dir='ltr'><strong>potest</strong></span> <span class='ocrx_word' id='word_1_512' title='bbox 2447 2631 2637 2685; x_wconf 89' lang='lat' dir='ltr'><strong>inesse</strong></span> <span class='ocrx_word' id='word_1_513' title='bbox 2678 2627 2988 2696; x_wconf 80' lang='lat' dir='ltr'><strong>confessio,</strong></span> <span class='ocrx_word' id='word_1_514' title='bbox 3025 2627 3278 2698; x_wconf 81' lang='lat' dir='ltr'><strong>gratuita</strong></span> <span class='ocrx_word' id='word_1_515' title='bbox 3307 2642 3500 2682; x_wconf 86' lang='lat' dir='ltr'><strong>sacra-</strong></span> 
     </span>
    </p>
   </div>
   <div class='ocr_carea' id='block_1_73' title="bbox 1851 2713 3496 2790">
    <p class='ocr_par' dir='ltr' id='par_1_73' title="bbox 1851 2713 3496 2790">
     <span class='ocr_line' id='line_1_73' title="bbox 1851 2713 3496 2790; baseline -0.001 -19"><span class='ocrx_word' id='word_1_516' title='bbox 1851 2717 2032 2771; x_wconf 89' lang='lat' dir='ltr'><strong>menti</strong></span> <span class='ocrx_word' id='word_1_517' title='bbox 2051 2717 2260 2772; x_wconf 90' lang='lat' dir='ltr'><strong>virtute</strong></span> <span class='ocrx_word' id='word_1_518' title='bbox 2284 2719 2566 2786; x_wconf 89' lang='lat' dir='ltr'><strong>mundat;</strong></span> <span class='ocrx_word' id='word_1_519' title='bbox 2593 2720 2717 2790; x_wconf 91' lang='lat' dir='ltr'><strong>ipse</strong></span> <span class='ocrx_word' id='word_1_520' title='bbox 2739 2735 2840 2790; x_wconf 93' lang='lat' dir='ltr'><strong>pro</strong></span> <span class='ocrx_word' id='word_1_521' title='bbox 2861 2717 3260 2788; x_wconf 88' lang='lat' dir='ltr'><strong>redemptione</strong></span> <span class='ocrx_word' id='word_1_522' title='bbox 3274 2713 3496 2786; x_wconf 84' lang='lat' dir='ltr'><strong>parvuli</strong></span> 
     </span>
    </p>
   </div>
   <div class='ocr_carea' id='block_1_74' title="bbox 1849 2804 3500 2878">
    <p class='ocr_par' dir='ltr' id='par_1_74' title="bbox 1849 2804 3500 2878">
     <span class='ocr_line' id='line_1_74' title="bbox 1849 2804 3500 2878; baseline 0 -18"><span class='ocrx_word' id='word_1_523' title='bbox 1849 2805 2075 2860; x_wconf 87' lang='lat' dir='ltr'><strong>animos</strong></span> <span class='ocrx_word' id='word_1_524' title='bbox 2097 2814 2432 2877; x_wconf 87' lang='lat' dir='ltr'><strong>parentum,</strong></span> <span class='ocrx_word' id='word_1_525' title='bbox 2457 2808 2577 2863; x_wconf 91' lang='lat' dir='ltr'><strong>sive</strong></span> <span class='ocrx_word' id='word_1_526' title='bbox 2599 2806 2999 2878; x_wconf 89' lang='lat' dir='ltr'><strong>quorumlibet</strong></span> <span class='ocrx_word' id='word_1_527' title='bbox 3021 2805 3277 2860; x_wconf 82' lang='lat' dir='ltr'><strong>fidelium</strong></span> <span class='ocrx_word' id='word_1_528' title='bbox 3299 2804 3500 2860; x_wconf 84' lang='lat' dir='ltr'><strong>volun-</strong></span> 
     </span>
    </p>
   </div>
   <div class='ocr_carea' id='block_1_75' title="bbox 1848 2895 3494 2961">
    <p class='ocr_par' dir='ltr' id='par_1_75' title="bbox 1848 2895 3494 2961">
     <span class='ocr_line' id='line_1_75' title="bbox 1848 2895 3494 2961; baseline 0.002 -14"><span class='ocrx_word' id='word_1_529' title='bbox 1848 2898 1997 2949; x_wconf 87' lang='lat' dir='ltr'><strong>tates</strong></span> <span class='ocrx_word' id='word_1_530' title='bbox 2027 2895 2257 2961; x_wconf 87' lang='lat' dir='ltr'><strong>excitat,</strong></span> <span class='ocrx_word' id='word_1_531' title='bbox 2294 2902 2356 2952; x_wconf 90' lang='lat' dir='ltr'><strong>ut</strong></span> <span class='ocrx_word' id='word_1_532' title='bbox 2384 2898 2560 2952; x_wconf 90' lang='lat' dir='ltr'><strong>etiam</strong></span> <span class='ocrx_word' id='word_1_533' title='bbox 2604 2897 2720 2952; x_wconf 91' lang='lat' dir='ltr'><strong>illis</strong></span> <span class='ocrx_word' id='word_1_534' title='bbox 2749 2913 2882 2951; x_wconf 90' lang='lat' dir='ltr'><strong>cum</strong></span> <span class='ocrx_word' id='word_1_535' title='bbox 2919 2895 3126 2950; x_wconf 89' lang='lat' dir='ltr'><strong>timore</strong></span> <span class='ocrx_word' id='word_1_536' title='bbox 3159 2900 3211 2949; x_wconf 91' lang='lat' dir='ltr'><strong>et</strong></span> <span class='ocrx_word' id='word_1_537' title='bbox 3244 2899 3494 2951; x_wconf 87' lang='lat' dir='ltr'><strong>tremore</strong></span> 
     </span>
    </p>
   </div>
   <div class='ocr_carea' id='block_1_76' title="bbox 1849 2983 3491 3058">
    <p class='ocr_par' dir='ltr' id='par_1_76' title="bbox 1849 2983 3491 3058">
     <span class='ocr_line' id='line_1_76' title="bbox 1849 2983 3491 3058; baseline 0.001 -21"><span class='ocrx_word' id='word_1_538' title='bbox 1849 2983 2100 3038; x_wconf 89' lang='lat' dir='ltr'><strong>salutem</strong></span> <span class='ocrx_word' id='word_1_539' title='bbox 2117 3002 2284 3041; x_wconf 87' lang='lat' dir='ltr'><strong>suam</strong></span> <span class='ocrx_word' id='word_1_540' title='bbox 2301 3003 2467 3057; x_wconf 75' lang='lat' dir='ltr'><strong>opera</strong></span> <span class='ocrx_word' id='word_1_541' title='bbox 2480 2987 2679 3041; x_wconf 88' lang='lat' dir='ltr'><strong>ntibus</strong></span> <span class='ocrx_word' id='word_1_542' title='bbox 2702 2985 2963 3058; x_wconf 77' lang='lat' dir='ltr'><strong>proficiat</strong></span> <span class='ocrx_word' id='word_1_543' title='bbox 2975 2985 3045 3038; x_wconf 91' lang='lat' dir='ltr'><strong>ad</strong></span> <span class='ocrx_word' id='word_1_544' title='bbox 3066 2985 3225 3038; x_wconf 69' lang='lat' dir='ltr'><strong>bonae</strong></span> <span class='ocrx_word' id='word_1_545' title='bbox 3241 2983 3491 3039; x_wconf 86' lang='lat' dir='ltr'><strong>retribu-</strong></span> 
     </span>
    </p>
   </div>
   <div class='ocr_carea' id='block_1_77' title="bbox 1851 3073 3490 3148">
    <p class='ocr_par' dir='ltr' id='par_1_77' title="bbox 1851 3073 3490 3148">
     <span class='ocr_line' id='line_1_77' title="bbox 1851 3073 3490 3148; baseline 0.002 -21"><span class='ocrx_word' id='word_1_546' title='bbox 1851 3073 2020 3128; x_wconf 89' lang='lat' dir='ltr'><strong>tionis</strong></span> <span class='ocrx_word' id='word_1_547' title='bbox 2056 3077 2401 3142; x_wconf 88' lang='lat' dir='ltr'><strong>mercedem,</strong></span> <span class='ocrx_word' id='word_1_548' title='bbox 2451 3094 2548 3148; x_wconf 89' lang='lat' dir='ltr'><strong>per</strong></span> <span class='ocrx_word' id='word_1_549' title='bbox 2579 3093 2829 3148; x_wconf 88' lang='lat' dir='ltr'><strong>quorum</strong></span> <span class='ocrx_word' id='word_1_550' title='bbox 2877 3075 3032 3148; x_wconf 90' lang='lat' dir='ltr'><strong>piam</strong></span> <span class='ocrx_word' id='word_1_551' title='bbox 3065 3091 3263 3130; x_wconf 90' lang='lat' dir='ltr'><strong>curam</strong></span> <span class='ocrx_word' id='word_1_552' title='bbox 3296 3075 3490 3130; x_wconf 85' lang='lat' dir='ltr'><strong>infans</strong></span> 
     </span>
    </p>
   </div>
   <div class='ocr_carea' id='block_1_78' title="bbox 1856 3164 3495 3233">
    <p class='ocr_par' dir='ltr' id='par_1_78' title="bbox 1856 3164 3495 3233">
     <span class='ocr_line' id='line_1_78' title="bbox 1856 3164 3495 3233; baseline 0.001 -15"><span class='ocrx_word' id='word_1_553' title='bbox 1856 3164 2276 3233; x_wconf 87' lang='lat' dir='ltr'><strong>perduciturad</strong></span> <span class='ocrx_word' id='word_1_554' title='bbox 2290 3167 2555 3222; x_wconf 82' lang='lat' dir='ltr'><strong>salutem.</strong></span> <span class='ocrx_word' id='word_1_555' title='bbox 2583 3167 2638 3222; x_wconf 87' lang='lat' dir='ltr'><strong>Si</strong></span> <span class='ocrx_word' id='word_1_556' title='bbox 2660 3166 2814 3220; x_wconf 92' lang='lat' dir='ltr'><strong>enim</strong></span> <span class='ocrx_word' id='word_1_557' title='bbox 2841 3166 3161 3220; x_wconf 87' lang='lat' dir='ltr'><strong>mercedem</strong></span> <span class='ocrx_word' id='word_1_558' title='bbox 3185 3181 3352 3219; x_wconf 81' lang='lat' dir='ltr'><strong>suam</strong></span> <span class='ocrx_word' id='word_1_559' title='bbox 3377 3180 3495 3220; x_wconf 87' lang='lat' dir='ltr'><strong>non</strong></span> 
     </span>
    </p>
   </div>
   <div class='ocr_carea' id='block_1_79' title="bbox 1859 3253 3499 3326">
    <p class='ocr_par' dir='ltr' id='par_1_79' title="bbox 1859 3253 3499 3326">
     <span class='ocr_line' id='line_1_79' title="bbox 1859 3253 3499 3326; baseline 0.003 -21"><span class='ocrx_word' id='word_1_560' title='bbox 1859 3253 2181 3326; x_wconf 89' lang='lat' dir='ltr'><strong>perdetqui</strong></span> <span class='ocrx_word' id='word_1_561' title='bbox 2234 3255 2469 3311; x_wconf 90' lang='lat' dir='ltr'><strong>calicem</strong></span> <span class='ocrx_word' id='word_1_562' title='bbox 2515 3272 2680 3325; x_wconf 67' lang='lat' dir='ltr'><strong>aquae</strong></span> <span class='ocrx_word' id='word_1_563' title='bbox 2733 3255 2949 3324; x_wconf 72' lang='lat' dir='ltr'><strong>frigida:</strong></span> <span class='ocrx_word' id='word_1_564' title='bbox 2997 3254 3094 3309; x_wconf 91' lang='lat' dir='ltr'><strong>uni</strong></span> <span class='ocrx_word' id='word_1_565' title='bbox 3137 3271 3204 3309; x_wconf 77' lang='lat' dir='ltr'><strong>ex</strong></span> <span class='ocrx_word' id='word_1_566' title='bbox 3235 3253 3499 3310; x_wconf 89' lang='lat' dir='ltr'><strong>minimis</strong></span> 
     </span>
    </p>
   </div>
   <div class='ocr_carea' id='block_1_80' title="bbox 1854 3341 3494 3416">
    <p class='ocr_par' dir='ltr' id='par_1_80' title="bbox 1854 3341 3494 3416">
     <span class='ocr_line' id='line_1_80' title="bbox 1854 3341 3494 3416; baseline 0.001 -20"><span class='ocrx_word' id='word_1_567' title='bbox 1854 3341 2069 3398; x_wconf 86' lang='lat' dir='ltr'><strong>Christi</strong></span> <span class='ocrx_word' id='word_1_568' title='bbox 2103 3345 2160 3400; x_wconf 91' lang='lat' dir='ltr'><strong>in</strong></span> <span class='ocrx_word' id='word_1_569' title='bbox 2195 3346 2431 3402; x_wconf 89' lang='lat' dir='ltr'><strong>nomine</strong></span> <span class='ocrx_word' id='word_1_570' title='bbox 2463 3345 2742 3416; x_wconf 91' lang='lat' dir='ltr'><strong>discipuli</strong></span> <span class='ocrx_word' id='word_1_571' title='bbox 2791 3343 3016 3399; x_wconf 81' lang='lat' dir='ltr'><strong>dederit</strong></span> <span class='ocrx_word' id='word_1_572' title='bbox 3052 3343 3263 3414; x_wconf 71' lang='lat' dir='ltr'><strong>(Matth.</strong></span> <span class='ocrx_word' id='word_1_573' title='bbox 3297 3361 3349 3409; x_wconf 73' lang='grc' dir='ltr'><strong>ι,</strong></span> <span class='ocrx_word' id='word_1_574' title='bbox 3382 3344 3494 3416; x_wconf 81' lang='grc'><strong>42),</strong></span> 
     </span>
    </p>
   </div>
   <div class='ocr_carea' id='block_1_81' title="bbox 1858 3432 3501 3506">
    <p class='ocr_par' dir='ltr' id='par_1_81' title="bbox 1858 3432 3501 3506">
     <span class='ocr_line' id='line_1_81' title="bbox 1858 3432 3501 3506; baseline 0.001 -19"><span class='ocrx_word' id='word_1_575' title='bbox 1858 3449 1974 3503; x_wconf 92' lang='lat' dir='ltr'><strong>quo</strong></span> <span class='ocrx_word' id='word_1_576' title='bbox 1997 3432 2120 3489; x_wconf 87' lang='lat' dir='ltr'><strong>sola</strong></span> <span class='ocrx_word' id='word_1_577' title='bbox 2143 3435 2199 3488; x_wconf 93' lang='lat' dir='ltr'><strong>in</strong></span> <span class='ocrx_word' id='word_1_578' title='bbox 2219 3435 2456 3490; x_wconf 86' lang='lat' dir='ltr'><strong>homine</strong></span> <span class='ocrx_word' id='word_1_579' title='bbox 2480 3436 2550 3505; x_wconf 72' lang='grc' dir='ltr'><strong>(ρ)</strong></span> <span class='ocrx_word' id='word_1_580' title='bbox 2574 3451 2708 3489; x_wconf 88' lang='lat' dir='ltr'><strong>caro</strong></span> <span class='ocrx_word' id='word_1_581' title='bbox 2731 3435 3009 3506; x_wconf 85' lang='lat' dir='ltr'><strong>pascitur,</strong></span> <span class='ocrx_word' id='word_1_582' title='bbox 3035 3434 3327 3506; x_wconf 88' lang='lat' dir='ltr'><strong>quomodo</strong></span> <span class='ocrx_word' id='word_1_583' title='bbox 3347 3449 3501 3489; x_wconf 89' lang='lat' dir='ltr'><strong>mer-</strong></span> 
     </span>
    </p>
   </div>
   <div class='ocr_carea' id='block_1_82' title="bbox 1859 3524 3503 3597">
    <p class='ocr_par' dir='ltr' id='par_1_82' title="bbox 1859 3524 3503 3597">
     <span class='ocr_line' id='line_1_82' title="bbox 1859 3524 3503 3597; baseline -0.001 -18"><span class='ocrx_word' id='word_1_584' title='bbox 1859 3525 2056 3579; x_wconf 91' lang='lat' dir='ltr'><strong>cedem</strong></span> <span class='ocrx_word' id='word_1_585' title='bbox 2091 3541 2206 3580; x_wconf 90' lang='lat' dir='ltr'><strong>non</strong></span> <span class='ocrx_word' id='word_1_586' title='bbox 2240 3524 2495 3591; x_wconf 86' lang='lat' dir='ltr'><strong>habebit,</strong></span> <span class='ocrx_word' id='word_1_587' title='bbox 2529 3525 2628 3595; x_wconf 91' lang='lat' dir='ltr'><strong>qui</strong></span> <span class='ocrx_word' id='word_1_588' title='bbox 2673 3525 2768 3597; x_wconf 91' lang='lat' dir='ltr'><strong>pia</strong></span> <span class='ocrx_word' id='word_1_589' title='bbox 2796 3524 3193 3580; x_wconf 87' lang='lat' dir='ltr'><strong>sollicitudine</strong></span> <span class='ocrx_word' id='word_1_590' title='bbox 3223 3525 3406 3579; x_wconf 90' lang='lat' dir='ltr'><strong>currit</strong></span> <span class='ocrx_word' id='word_1_591' title='bbox 3436 3539 3503 3578; x_wconf 89' lang='lat' dir='ltr'><strong>ac</strong></span> 
     </span>
    </p>
   </div>
   <div class='ocr_carea' id='block_1_83' title="bbox 1859 3612 3280 3683">
    <p class='ocr_par' dir='ltr' id='par_1_83' title="bbox 1859 3612 3280 3683">
     <span class='ocr_line' id='line_1_83' title="bbox 1859 3612 3280 3683; baseline -0.001 -15"><span class='ocrx_word' id='word_1_592' title='bbox 1859 3614 2073 3683; x_wconf 78' lang='lat' dir='ltr'><strong>satagit</strong></span> <span class='ocrx_word' id='word_1_593' title='bbox 2103 3618 2168 3668; x_wconf 91' lang='lat' dir='ltr'><strong>ut</strong></span> <span class='ocrx_word' id='word_1_594' title='bbox 2196 3630 2330 3668; x_wconf 87' lang='lat' dir='ltr'><strong>caro</strong></span> <span class='ocrx_word' id='word_1_595' title='bbox 2362 3615 2608 3668; x_wconf 85' lang='lat' dir='ltr'><strong>infantis</strong></span> <span class='ocrx_word' id='word_1_596' title='bbox 2635 3615 2943 3683; x_wconf 90' lang='lat' dir='ltr'><strong>animaque</strong></span> <span class='ocrx_word' id='word_1_597' title='bbox 2976 3613 3233 3669; x_wconf 87' lang='lat' dir='ltr'><strong>salvetur</strong></span> <span class='ocrx_word' id='word_1_598' title='bbox 3252 3612 3280 3667; x_wconf 76' lang='lat' dir='ltr'><strong>‘I</strong></span> 
     </span>
    </p>
   </div>
   <div class='ocr_carea' id='block_1_84' title="bbox 1931 3702 3508 3770">
    <p class='ocr_par' dir='ltr' id='par_1_84' title="bbox 1931 3702 3508 3770">
     <span class='ocr_line' id='line_1_84' title="bbox 1931 3702 3508 3770; baseline -0.001 -12"><span class='ocrx_word' id='word_1_599' title='bbox 1931 3705 2064 3759; x_wconf 77' lang='lat' dir='ltr'><strong>CAP.</strong></span> <span class='ocrx_word' id='word_1_600' title='bbox 2096 3721 2171 3758; x_wconf 72' lang='grc' dir='ltr'><strong>χι.</strong></span> <span class='ocrx_word' id='word_1_601' title='bbox 2203 3735 2272 3744; x_wconf 93' lang='grc'><strong>-</strong></span> <span class='ocrx_word' id='word_1_602' title='bbox 2302 3704 2392 3758; x_wconf 84' lang='grc'><strong>23.</strong></span> <span class='ocrx_word' id='word_1_603' title='bbox 2423 3705 2706 3770; x_wconf 89' lang='lat' dir='ltr'><strong>Quocirca</strong></span> <span class='ocrx_word' id='word_1_604' title='bbox 2723 3705 2896 3757; x_wconf 87' lang='lat' dir='ltr'><strong>etiam</strong></span> <span class='ocrx_word' id='word_1_605' title='bbox 2921 3702 3041 3758; x_wconf 73' lang='lat' dir='ltr'><strong>haec</strong></span> <span class='ocrx_word' id='word_1_606' title='bbox 3066 3703 3218 3759; x_wconf 90' lang='lat' dir='ltr'><strong>bona</strong></span> <span class='ocrx_word' id='word_1_607' title='bbox 3237 3702 3508 3758; x_wconf 87' lang='lat' dir='ltr'><strong>voluntas</strong></span> 
     </span>
    </p>
   </div>
   <div class='ocr_carea' id='block_1_85' title="bbox 1861 3792 3509 3865">
    <p class='ocr_par' dir='ltr' id='par_1_85' title="bbox 1861 3792 3509 3865">
     <span class='ocr_line' id='line_1_85' title="bbox 1861 3792 3509 3865; baseline -0.001 -17"><span class='ocrx_word' id='word_1_608' title='bbox 1861 3792 2146 3848; x_wconf 89' lang='lat' dir='ltr'><strong>divinitus</strong></span> <span class='ocrx_word' id='word_1_609' title='bbox 2171 3793 2293 3848; x_wconf 84' lang='lat' dir='ltr'><strong>dari</strong></span> <span class='ocrx_word' id='word_1_610' title='bbox 2317 3794 2608 3848; x_wconf 88' lang='lat' dir='ltr'><strong>credenda</strong></span> <span class='ocrx_word' id='word_1_611' title='bbox 2626 3799 2715 3848; x_wconf 87' lang='lat' dir='ltr'><strong>est</strong></span> <span class='ocrx_word' id='word_1_612' title='bbox 2735 3794 3076 3864; x_wconf 87' lang='lat' dir='ltr'><strong>parentibus</strong></span> <span class='ocrx_word' id='word_1_613' title='bbox 3095 3793 3227 3864; x_wconf 79' lang='lat' dir='ltr'><strong>piis,</strong></span> <span class='ocrx_word' id='word_1_614' title='bbox 3250 3809 3367 3865; x_wconf 90' lang='lat' dir='ltr'><strong>qua</strong></span> <span class='ocrx_word' id='word_1_615' title='bbox 3388 3793 3509 3847; x_wconf 82' lang='lat' dir='ltr'><strong>fru-</strong></span> 
     </span>
    </p>
   </div>
   <div class='ocr_carea' id='block_1_86' title="bbox 1861 3882 3512 3954">
    <p class='ocr_par' dir='ltr' id='par_1_86' title="bbox 1861 3882 3512 3954">
     <span class='ocr_line' id='line_1_86' title="bbox 1861 3882 3512 3954; baseline 0 -18"><span class='ocrx_word' id='word_1_616' title='bbox 1861 3888 2020 3937; x_wconf 90' lang='lat' dir='ltr'><strong>ctum</strong></span> <span class='ocrx_word' id='word_1_617' title='bbox 2055 3899 2173 3937; x_wconf 72' lang='lat' dir='ltr'><strong>sua:</strong></span> <span class='ocrx_word' id='word_1_618' title='bbox 2197 3882 2412 3949; x_wconf 89' lang='lat' dir='ltr'><strong>carnis,</strong></span> <span class='ocrx_word' id='word_1_619' title='bbox 2445 3899 2618 3954; x_wconf 89' lang='lat' dir='ltr'><strong>quem</strong></span> <span class='ocrx_word' id='word_1_620' title='bbox 2645 3882 2956 3939; x_wconf 89' lang='lat' dir='ltr'><strong>carnaliter</strong></span> <span class='ocrx_word' id='word_1_621' title='bbox 2976 3882 3198 3939; x_wconf 87' lang='lat' dir='ltr'><strong>editum</strong></span> <span class='ocrx_word' id='word_1_622' title='bbox 3228 3884 3512 3937; x_wconf 87' lang='lat' dir='ltr'><strong>noverunt</strong></span> 
     </span>
    </p>
   </div>
   <div class='ocr_carea' id='block_1_87' title="bbox 1862 3971 3514 4043">
    <p class='ocr_par' dir='ltr' id='par_1_87' title="bbox 1862 3971 3514 4043">
     <span class='ocr_line' id='line_1_87' title="bbox 1862 3971 3514 4043; baseline -0.001 -16"><span class='ocrx_word' id='word_1_623' title='bbox 1862 3971 2164 4042; x_wconf 79' lang='lat' dir='ltr'><strong>originalis</strong></span> <span class='ocrx_word' id='word_1_624' title='bbox 2180 3973 2397 4042; x_wconf 86' lang='lat' dir='ltr'><strong>peccati</strong></span> <span class='ocrx_word' id='word_1_625' title='bbox 2414 3974 2755 4041; x_wconf 81' lang='lat' dir='ltr'><strong>contagione</strong></span> <span class='ocrx_word' id='word_1_626' title='bbox 2771 3971 3198 4042; x_wconf 84' lang='lat' dir='ltr'><strong>pollutum,non</strong></span> <span class='ocrx_word' id='word_1_627' title='bbox 3216 3973 3514 4043; x_wconf 85' lang='lat' dir='ltr'><strong>negligant</strong></span> 
     </span>
    </p>
   </div>
   <div class='ocr_carea' id='block_1_88' title="bbox 1861 4061 3513 4132">
    <p class='ocr_par' dir='ltr' id='par_1_88' title="bbox 1861 4061 3513 4132">
     <span class='ocr_line' id='line_1_88' title="bbox 1861 4061 3513 4132; baseline -0.001 -17"><span class='ocrx_word' id='word_1_628' title='bbox 1861 4061 2110 4132; x_wconf 89' lang='lat' dir='ltr'><strong>spiritali</strong></span> <span class='ocrx_word' id='word_1_629' title='bbox 2142 4063 2577 4129; x_wconf 77' lang='lat' dir='ltr'><strong>regeneratione</strong></span> <span class='ocrx_word' id='word_1_630' title='bbox 2597 4063 3004 4117; x_wconf 89' lang='lat' dir='ltr'><strong>mundandum</strong></span> <span class='ocrx_word' id='word_1_631' title='bbox 3033 4079 3047 4129; x_wconf 88' lang='lat'><strong>;</strong></span> <span class='ocrx_word' id='word_1_632' title='bbox 3073 4077 3261 4132; x_wconf 89' lang='lat' dir='ltr'><strong>neque</strong></span> <span class='ocrx_word' id='word_1_633' title='bbox 3284 4067 3513 4115; x_wconf 87' lang='lat' dir='ltr'><strong>tantum</strong></span> 
     </span>
    </p>
   </div>
   <div class='ocr_carea' id='block_1_89' title="bbox 1861 4149 3522 4222">
    <p class='ocr_par' dir='ltr' id='par_1_89' title="bbox 1861 4149 3522 4222">
     <span class='ocr_line' id='line_1_89' title="bbox 1861 4149 3522 4222; baseline -0.001 -16"><span class='ocrx_word' id='word_1_634' title='bbox 1861 4151 2105 4222; x_wconf 86' lang='lat' dir='ltr'><strong>cupiant</strong></span> <span class='ocrx_word' id='word_1_635' title='bbox 2127 4152 2341 4207; x_wconf 89' lang='lat' dir='ltr'><strong>habere</strong></span> <span class='ocrx_word' id='word_1_636' title='bbox 2361 4152 2760 4222; x_wconf 89' lang='lat' dir='ltr'><strong>temporaliter</strong></span> <span class='ocrx_word' id='word_1_637' title='bbox 2782 4151 3092 4218; x_wconf 66' lang='lat' dir='ltr'><strong>hieredetn,</strong></span> <span class='ocrx_word' id='word_1_638' title='bbox 3117 4157 3403 4220; x_wconf 88' lang='lat' dir='ltr'><strong>quantum</strong></span> <span class='ocrx_word' id='word_1_639' title='bbox 3426 4149 3522 4204; x_wconf 90' lang='lat' dir='ltr'><strong>de-</strong></span> 
     </span>
    </p>
   </div>
   <div class='ocr_carea' id='block_1_90' title="bbox 1863 4238 3516 4312">
    <p class='ocr_par' dir='ltr' id='par_1_90' title="bbox 1863 4238 3516 4312">
     <span class='ocr_line' id='line_1_90' title="bbox 1863 4238 3516 4312; baseline -0.002 -17"><span class='ocrx_word' id='word_1_640' title='bbox 1863 4240 2517 4312; x_wconf 85' lang='lat' dir='ltr'><strong>siderentetvigilanter</strong></span> <span class='ocrx_word' id='word_1_641' title='bbox 2540 4239 3036 4311; x_wconf 86' lang='lat' dir='ltr'><strong>satagantChristi</strong></span> <span class='ocrx_word' id='word_1_642' title='bbox 3054 4254 3251 4294; x_wconf 91' lang='lat' dir='ltr'><strong>secum</strong></span> <span class='ocrx_word' id='word_1_643' title='bbox 3273 4238 3393 4292; x_wconf 81' lang='lat' dir='ltr'><strong>fieri</strong></span> <span class='ocrx_word' id='word_1_644' title='bbox 3417 4253 3516 4292; x_wconf 85' lang='lat' dir='ltr'><strong>co-</strong></span> 
     </span>
    </p>
   </div>
   <div class='ocr_carea' id='block_1_91' title="bbox 1861 4324 3510 4400">
    <p class='ocr_par' dir='ltr' id='par_1_91' title="bbox 1861 4324 3510 4400">
     <span class='ocr_line' id='line_1_91' title="bbox 1861 4324 3510 4400; baseline -0.003 -15"><span class='ocrx_word' id='word_1_645' title='bbox 1861 4329 2148 4385; x_wconf 73' lang='lat' dir='ltr'><strong>haeredem</strong></span> <span class='ocrx_word' id='word_1_646' title='bbox 2175 4347 2191 4398; x_wconf 89' lang='lat'><strong>;</strong></span> <span class='ocrx_word' id='word_1_647' title='bbox 2218 4335 2274 4384; x_wconf 92' lang='lat' dir='ltr'><strong>et</strong></span> <span class='ocrx_word' id='word_1_648' title='bbox 2293 4347 2460 4400; x_wconf 84' lang='lat' dir='ltr'><strong>quem</strong></span> <span class='ocrx_word' id='word_1_649' title='bbox 2487 4329 2791 4385; x_wconf 84' lang='lat' dir='ltr'><strong>habentex</strong></span> <span class='ocrx_word' id='word_1_650' title='bbox 2820 4327 3050 4382; x_wconf 88' lang='lat' dir='ltr'><strong>mortali</strong></span> <span class='ocrx_word' id='word_1_651' title='bbox 3078 4326 3300 4381; x_wconf 90' lang='lat' dir='ltr'><strong>semine</strong></span> <span class='ocrx_word' id='word_1_652' title='bbox 3325 4324 3510 4380; x_wconf 83' lang='lat' dir='ltr'><strong>ﬁlium</strong></span> 
     </span>
    </p>
   </div>
   <div class='ocr_carea' id='block_1_92' title="bbox 1862 4414 3512 4486">
    <p class='ocr_par' dir='ltr' id='par_1_92' title="bbox 1862 4414 3512 4486">
     <span class='ocr_line' id='line_1_92' title="bbox 1862 4414 3512 4486; baseline -0.002 -13"><span class='ocrx_word' id='word_1_653' title='bbox 1862 4418 2188 4473; x_wconf 85' lang='lat' dir='ltr'><strong>mortaliter</strong></span> <span class='ocrx_word' id='word_1_654' title='bbox 2217 4419 2625 4480; x_wconf 88' lang='lat' dir='ltr'><strong>transiturum,</strong></span> <span class='ocrx_word' id='word_1_655' title='bbox 2669 4433 2739 4472; x_wconf 85' lang='lat' dir='ltr'><strong>ex</strong></span> <span class='ocrx_word' id='word_1_656' title='bbox 2769 4433 2920 4481; x_wconf 89' lang='lat' dir='ltr'><strong>aqua</strong></span> <span class='ocrx_word' id='word_1_657' title='bbox 2949 4421 3007 4472; x_wconf 89' lang='lat' dir='ltr'><strong>et</strong></span> <span class='ocrx_word' id='word_1_658' title='bbox 3058 4414 3274 4486; x_wconf 91' lang='lat' dir='ltr'><strong>Spiritu</strong></span> <span class='ocrx_word' id='word_1_659' title='bbox 3308 4419 3512 4470; x_wconf 88' lang='lat' dir='ltr'><strong>sancto</strong></span> 
     </span>
    </p>
   </div>
   <div class='ocr_carea' id='block_1_93' title="bbox 1863 4506 3508 4576">
    <p class='ocr_par' dir='ltr' id='par_1_93' title="bbox 1863 4506 3508 4576">
     <span class='ocr_line' id='line_1_93' title="bbox 1863 4506 3508 4576; baseline -0.004 -12"><span class='ocrx_word' id='word_1_660' title='bbox 1863 4517 2129 4566; x_wconf 89' lang='lat' dir='ltr'><strong>renatum</strong></span> <span class='ocrx_word' id='word_1_661' title='bbox 2157 4512 2391 4564; x_wconf 74' lang='lat' dir='ltr'><strong>fratrem</strong></span> <span class='ocrx_word' id='word_1_662' title='bbox 2413 4509 2663 4563; x_wconf 76' lang='lat' dir='ltr'><strong>habeant</strong></span> <span class='ocrx_word' id='word_1_663' title='bbox 2682 4509 2791 4563; x_wconf 88' lang='lat' dir='ltr'><strong>sub</strong></span> <span class='ocrx_word' id='word_1_664' title='bbox 2810 4512 2925 4563; x_wconf 93' lang='lat' dir='ltr'><strong>Deo</strong></span> <span class='ocrx_word' id='word_1_665' title='bbox 2944 4506 3112 4562; x_wconf 87' lang='lat' dir='ltr'><strong>Patre</strong></span> <span class='ocrx_word' id='word_1_666' title='bbox 3136 4509 3480 4576; x_wconf 89' lang='lat' dir='ltr'><strong>perpetuum</strong></span> <span class='ocrx_word' id='word_1_667' title='bbox 3495 4543 3508 4558; x_wconf 94' lang='lat'><strong>.</strong></span> 
     </span>
    </p>
   </div>
   <div class='ocr_carea' id='block_1_94' title="bbox 92 4574 3510 4666">
    <p class='ocr_par' dir='ltr' id='par_1_94' title="bbox 92 4574 3510 4666">
     <span class='ocr_line' id='line_1_94' title="bbox 92 4574 3510 4666; baseline -0.001 -15"><span class='ocrx_word' id='word_1_668' title='bbox 92 4601 353 4647; x_wconf 62' lang='lat' dir='ltr'><strong>sanctam</strong></span> <span class='ocrx_word' id='word_1_669' title='bbox 387 4592 519 4648; x_wconf 73' lang='lat' dir='ltr'><strong>Tito</strong></span> <span class='ocrx_word' id='word_1_670' title='bbox 544 4589 838 4660; x_wconf 74' lang='grc' dir='ltr'><strong>όιεοὶριιιο</strong></span> <span class='ocrx_word' id='word_1_671' title='bbox 868 4605 996 4655; x_wconf 76' lang='grc' dir='ltr'><strong>δυο,</strong></span> <span class='ocrx_word' id='word_1_672' title='bbox 1021 4605 1139 4659; x_wconf 76' lang='lat' dir='ltr'><strong>qua</strong></span> <span class='ocrx_word' id='word_1_673' title='bbox 1163 4603 1265 4658; x_wconf 62' lang='lat' dir='ltr'><strong>PFO</strong></span> <span class='ocrx_word' id='word_1_674' title='bbox 1290 4587 1410 4643; x_wconf 68' lang='lat' dir='ltr'><strong>illis</strong></span> <span class='ocrx_word' id='word_1_675' title='bbox 1433 4596 1744 4662; x_wconf 73' lang='lat' dir='ltr'><strong>satageret,</strong></span> <span class='ocrx_word' id='word_1_676' title='bbox 1776 4574 1826 4640; x_wconf 82' lang='lat' dir='ltr'><strong>D</strong></span> <span class='ocrx_word' id='word_1_677' title='bbox 1857 4599 2268 4654; x_wconf 83' lang='lat' dir='ltr'><strong>Verumtamen</strong></span> <span class='ocrx_word' id='word_1_678' title='bbox 2286 4598 2436 4653; x_wconf 88' lang='lat' dir='ltr'><strong>hanc</strong></span> <span class='ocrx_word' id='word_1_679' title='bbox 2454 4596 2801 4651; x_wconf 83' lang='lat' dir='ltr'><strong>laudabilem</strong></span> <span class='ocrx_word' id='word_1_680' title='bbox 2819 4574 3292 4651; x_wconf 86' lang='lat' dir='ltr'><strong>voluntatemillis</strong></span> <span class='ocrx_word' id='word_1_681' title='bbox 3309 4593 3510 4666; x_wconf 84' lang='lat' dir='ltr'><strong>procul</strong></span> 
     </span>
    </p>
   </div>
   <div class='ocr_carea' id='block_1_95' title="bbox 92 4675 1746 4750">
    <p class='ocr_par' dir='ltr' id='par_1_95' title="bbox 92 4675 1746 4750">
     <span class='ocr_line' id='line_1_95' title="bbox 92 4675 1746 4750; baseline 0.002 -17"><span class='ocrx_word' id='word_1_682' title='bbox 92 4676 374 4738; x_wconf 76' lang='lat' dir='ltr'><strong>divinitus</strong></span> <span class='ocrx_word' id='word_1_683' title='bbox 403 4680 779 4750; x_wconf 88' lang='lat' dir='ltr'><strong>inspiratam.</strong></span> <span class='ocrx_word' id='word_1_684' title='bbox 810 4677 902 4732; x_wconf 89' lang='lat' dir='ltr'><strong>Sic</strong></span> <span class='ocrx_word' id='word_1_685' title='bbox 923 4677 1080 4732; x_wconf 89' lang='lat' dir='ltr'><strong>enim</strong></span> <span class='ocrx_word' id='word_1_686' title='bbox 1105 4676 1246 4730; x_wconf 91' lang='lat' dir='ltr'><strong>dicit</strong></span> <span class='ocrx_word' id='word_1_687' title='bbox 1273 4693 1286 4731; x_wconf 92' lang='lat'>:</span> <span class='ocrx_word' id='word_1_688' title='bbox 1312 4675 1537 4732; x_wconf 81' lang='lat' dir='ltr'><strong>Gratias</strong></span> <span class='ocrx_word' id='word_1_689' title='bbox 1559 4685 1746 4736; x_wconf 81' lang='lat' dir='ltr'><strong>autem</strong></span> 
     </span>
    </p>
   </div>
   <div class='ocr_carea' id='block_1_96' title="bbox 91 4765 1748 4842">
    <p class='ocr_par' dir='ltr' id='par_1_96' title="bbox 91 4765 1748 4842">
     <span class='ocr_line' id='line_1_96' title="bbox 91 4765 1748 4842; baseline 0.003 -22"><span class='ocrx_word' id='word_1_690' title='bbox 91 4766 198 4829; x_wconf 82' lang='lat' dir='ltr'><strong>Deo.</strong></span> <span class='ocrx_word' id='word_1_691' title='bbox 227 4773 340 4842; x_wconf 76' lang='lat' dir='ltr'><strong>qui</strong></span> <span class='ocrx_word' id='word_1_692' title='bbox 379 4770 533 4826; x_wconf 81' lang='lat' dir='ltr'><strong>dedit</strong></span> <span class='ocrx_word' id='word_1_693' title='bbox 577 4768 826 4823; x_wconf 78' lang='lat' dir='ltr'><strong>eamiem</strong></span> <span class='ocrx_word' id='word_1_694' title='bbox 874 4765 1312 4822; x_wconf 75' lang='lat' dir='ltr'><strong>sollicitudinem</strong></span> <span class='ocrx_word' id='word_1_695' title='bbox 1352 4782 1452 4837; x_wconf 84' lang='lat' dir='ltr'><strong>pro</strong></span> <span class='ocrx_word' id='word_1_696' title='bbox 1511 4769 1660 4825; x_wconf 76' lang='lat' dir='ltr'><strong>vobis</strong></span> <span class='ocrx_word' id='word_1_697' title='bbox 1691 4772 1748 4825; x_wconf 82' lang='lat' dir='ltr'><strong>in</strong></span> 
     </span>
    </p>
   </div>
   <div class='ocr_carea' id='block_1_97' title="bbox 89 4857 961 4928">
    <p class='ocr_par' dir='ltr' id='par_1_97' title="bbox 89 4857 961 4928">
     <span class='ocr_line' id='line_1_97' title="bbox 89 4857 961 4928; baseline -0.002 -14"><span class='ocrx_word' id='word_1_698' title='bbox 89 4859 237 4914; x_wconf 75' lang='lat' dir='ltr'><strong>corde</strong></span> <span class='ocrx_word' id='word_1_699' title='bbox 274 4860 390 4915; x_wconf 84' lang='lat' dir='ltr'><strong>Titi</strong></span> <span class='ocrx_word' id='word_1_700' title='bbox 419 4860 501 4928; x_wconf 83' lang='lat' dir='ltr'><strong>(II</strong></span> <span class='ocrx_word' id='word_1_701' title='bbox 531 4858 655 4914; x_wconf 76' lang='lat' dir='ltr'><strong>Car.</strong></span> <span class='ocrx_word' id='word_1_702' title='bbox 685 4872 814 4920; x_wconf 78' lang='lat' dir='ltr'><strong>vni,</strong></span> <span class='ocrx_word' id='word_1_703' title='bbox 851 4857 961 4926; x_wconf 80' lang='lat' dir='ltr'><strong>l6).</strong></span> 
     </span>
    </p>
   </div>
   <div class='ocr_carea' id='block_1_98' title="bbox 146 4943 1750 5015">
    <p class='ocr_par' dir='ltr' id='par_1_98' title="bbox 146 4943 1750 5015">
     <span class='ocr_line' id='line_1_98' title="bbox 146 4943 1750 5015; baseline 0.001 -14"><span class='ocrx_word' id='word_1_704' title='bbox 146 4946 282 5004; x_wconf 70' lang='lat' dir='ltr'><strong>CAP.</strong></span> <span class='ocrx_word' id='word_1_705' title='bbox 300 4965 360 5004; x_wconf 82' lang='lat' dir='ltr'><strong>x.</strong></span> <span class='ocrx_word' id='word_1_706' title='bbox 385 4978 455 4988; x_wconf 89' lang='lat'><strong>—-</strong></span> <span class='ocrx_word' id='word_1_707' title='bbox 475 4948 568 5001; x_wconf 80' lang='lat'><strong>21.</strong></span> <span class='ocrx_word' id='word_1_708' title='bbox 590 4947 738 5003; x_wconf 91' lang='lat' dir='ltr'><strong>Cum</strong></span> <span class='ocrx_word' id='word_1_709' title='bbox 757 4961 897 5015; x_wconf 90' lang='lat' dir='ltr'><strong>ergo</strong></span> <span class='ocrx_word' id='word_1_710' title='bbox 918 4943 1354 5014; x_wconf 85' lang='lat' dir='ltr'><strong>Scripturarum</strong></span> <span class='ocrx_word' id='word_1_711' title='bbox 1378 4945 1750 5002; x_wconf 86' lang='lat' dir='ltr'><strong>attestatione</strong></span> 
     </span>
    </p>
   </div>
   <div class='ocr_carea' id='block_1_99' title="bbox 93 5032 1755 5104">
    <p class='ocr_par' dir='ltr' id='par_1_99' title="bbox 93 5032 1755 5104">
     <span class='ocr_line' id='line_1_99' title="bbox 93 5032 1755 5104; baseline 0.002 -18"><span class='ocrx_word' id='word_1_712' title='bbox 93 5044 417 5092; x_wconf 75' lang='lat' dir='ltr'><strong>sanctarum</strong></span> <span class='ocrx_word' id='word_1_713' title='bbox 430 5035 747 5092; x_wconf 87' lang='lat' dir='ltr'><strong>manifestu</strong></span> <span class='ocrx_word' id='word_1_714' title='bbox 759 5049 813 5088; x_wconf 92' lang='lat' dir='ltr'><strong>m</strong></span> <span class='ocrx_word' id='word_1_715' title='bbox 832 5033 1078 5104; x_wconf 89' lang='lat' dir='ltr'><strong>sitquod</strong></span> <span class='ocrx_word' id='word_1_716' title='bbox 1093 5032 1448 5101; x_wconf 78' lang='lat' dir='ltr'><strong>Deus,cujus</strong></span> <span class='ocrx_word' id='word_1_717' title='bbox 1463 5034 1755 5091; x_wconf 84' lang='lat' dir='ltr'><strong>voluntati</strong></span> 
     </span>
    </p>
   </div>
   <div class='ocr_carea' id='block_1_100' title="bbox 90 5121 1748 5196">
    <p class='ocr_par' dir='ltr' id='par_1_100' title="bbox 90 5121 1748 5196">
     <span class='ocr_line' id='line_1_100' title="bbox 90 5121 1748 5196; baseline 0.001 -18"><span class='ocrx_word' id='word_1_718' title='bbox 90 5136 244 5180; x_wconf 78' lang='lat' dir='ltr'><strong>nemo</strong></span> <span class='ocrx_word' id='word_1_719' title='bbox 260 5125 694 5196; x_wconf 84' lang='lat' dir='ltr'><strong>resistit,cujus</strong></span> <span class='ocrx_word' id='word_1_720' title='bbox 706 5121 1154 5193; x_wconf 83' lang='lat' dir='ltr'><strong>dispositionem</strong></span> <span class='ocrx_word' id='word_1_721' title='bbox 1173 5136 1345 5176; x_wconf 87' lang='lat' dir='ltr'><strong>nemo</strong></span> <span class='ocrx_word' id='word_1_722' title='bbox 1360 5138 1412 5175; x_wconf 93' lang='lat' dir='ltr'><strong>m</strong></span> <span class='ocrx_word' id='word_1_723' title='bbox 1425 5125 1748 5194; x_wconf 87' lang='lat' dir='ltr'><strong>utat,cujus</strong></span> 
     </span>
    </p>
   </div>
   <div class='ocr_carea' id='block_1_101' title="bbox 83 5208 1748 5284">
    <p class='ocr_par' dir='ltr' id='par_1_101' title="bbox 83 5208 1748 5284">
     <span class='ocr_line' id='line_1_101' title="bbox 83 5208 1748 5284; baseline 0.005 -22"><span class='ocrx_word' id='word_1_724' title='bbox 83 5208 299 5274; x_wconf 83' lang='lat' dir='ltr'><strong>judicia</strong></span> <span class='ocrx_word' id='word_1_725' title='bbox 327 5232 500 5272; x_wconf 87' lang='lat' dir='ltr'><strong>nemo</strong></span> <span class='ocrx_word' id='word_1_726' title='bbox 518 5209 988 5284; x_wconf 85' lang='lat' dir='ltr'><strong>comprehendit,</strong></span> <span class='ocrx_word' id='word_1_727' title='bbox 1014 5210 1343 5265; x_wconf 87' lang='lat' dir='ltr'><strong>secundum</strong></span> <span class='ocrx_word' id='word_1_728' title='bbox 1375 5210 1531 5265; x_wconf 90' lang='lat' dir='ltr'><strong>abun</strong></span> <span class='ocrx_word' id='word_1_729' title='bbox 1549 5215 1748 5270; x_wconf 73' lang='lat' dir='ltr'><strong>iantes</strong></span> 
     </span>
    </p>
   </div>
   <div class='ocr_carea' id='block_1_102' title="bbox 92 5298 1746 5378">
    <p class='ocr_par' dir='ltr' id='par_1_102' title="bbox 92 5298 1746 5378">
     <span class='ocr_line' id='line_1_102' title="bbox 92 5298 1746 5378; baseline 0.006 -29"><span class='ocrx_word' id='word_1_730' title='bbox 92 5298 320 5362; x_wconf 78' lang='lat' dir='ltr'><strong>divitias</strong></span> <span class='ocrx_word' id='word_1_731' title='bbox 366 5304 575 5378; x_wconf 69' lang='lat' dir='ltr'><strong>gratiae</strong></span> <span class='ocrx_word' id='word_1_732' title='bbox 607 5318 751 5366; x_wconf 66' lang='lat' dir='ltr'><strong>suae,</strong></span> <span class='ocrx_word' id='word_1_733' title='bbox 784 5317 929 5370; x_wconf 90' lang='lat' dir='ltr'><strong>quas</strong></span> <span class='ocrx_word' id='word_1_734' title='bbox 978 5299 1147 5354; x_wconf 84' lang='lat' dir='ltr'><strong>habet</strong></span> <span class='ocrx_word' id='word_1_735' title='bbox 1181 5299 1238 5353; x_wconf 91' lang='lat' dir='ltr'><strong>in</strong></span> <span class='ocrx_word' id='word_1_736' title='bbox 1273 5299 1536 5354; x_wconf 90' lang='lat' dir='ltr'><strong>bonitate</strong></span> <span class='ocrx_word' id='word_1_737' title='bbox 1567 5319 1746 5374; x_wconf 90' lang='lat' dir='ltr'><strong>super</strong></span> 
     </span>
    </p>
   </div>
   <div class='ocr_carea' id='block_1_103' title="bbox 79 5389 1749 5468">
    <p class='ocr_par' dir='ltr' id='par_1_103' title="bbox 79 5389 1749 5468">
     <span class='ocr_line' id='line_1_103' title="bbox 79 5389 1749 5468; baseline 0.003 -25"><span class='ocrx_word' id='word_1_738' title='bbox 79 5405 304 5462; x_wconf 86' lang='lat' dir='ltr'><strong>omnes,</strong></span> <span class='ocrx_word' id='word_1_739' title='bbox 330 5412 481 5468; x_wconf 90' lang='lat' dir='ltr'><strong>quos</strong></span> <span class='ocrx_word' id='word_1_740' title='bbox 503 5395 577 5449; x_wconf 88' lang='lat' dir='ltr'><strong>de</strong></span> <span class='ocrx_word' id='word_1_741' title='bbox 595 5408 794 5447; x_wconf 84' lang='lat' dir='ltr'><strong>massa</strong></span> <span class='ocrx_word' id='word_1_742' title='bbox 817 5391 1092 5446; x_wconf 81' lang='lat' dir='ltr'><strong>damnata</strong></span> <span class='ocrx_word' id='word_1_743' title='bbox 1117 5389 1338 5445; x_wconf 87' lang='lat' dir='ltr'><strong>faciens</strong></span> <span class='ocrx_word' id='word_1_744' title='bbox 1363 5407 1502 5445; x_wconf 90' lang='lat' dir='ltr'><strong>vasa</strong></span> <span class='ocrx_word' id='word_1_745' title='bbox 1524 5392 1749 5448; x_wconf 90' lang='lat' dir='ltr'><strong>miseri-</strong></span> 
     </span>
    </p>
   </div>
   <div class='ocr_carea' id='block_1_104' title="bbox 139 5530 1747 5622">
    <p class='ocr_par' dir='ltr' id='par_1_104' title="bbox 139 5530 1747 5622">
     <span class='ocr_line' id='line_1_104' title="bbox 139 5530 1747 5622; baseline -0.001 -29"><span class='ocrx_word' id='word_1_746' title='bbox 139 5537 210 5622; x_wconf 67' lang='lat' dir='ltr'><strong>ta)</strong></span> <span class='ocrx_word' id='word_1_747' title='bbox 227 5537 329 5594; x_wconf 91' lang='lat' dir='ltr'><strong>Sic</strong></span> <span class='ocrx_word' id='word_1_748' title='bbox 344 5537 930 5608; x_wconf 82' lang='lat' dir='ltr'><strong>mss.,juxtatextum</strong></span> <span class='ocrx_word' id='word_1_749' title='bbox 948 5530 1510 5605; x_wconf 82' lang='lat' dir='ltr'><strong>Apostoli.Edd.non</strong></span> <span class='ocrx_word' id='word_1_750' title='bbox 1527 5531 1747 5592; x_wconf 88' lang='lat' dir='ltr'><strong>habent</strong></span> 
     </span>
    </p>
   </div>
   <div class='ocr_carea' id='block_1_105' title="bbox 87 5620 1744 5767">
    <p class='ocr_par' dir='ltr' id='par_1_105' title="bbox 87 5620 1744 5767">
     <span class='ocr_line' id='line_1_105' title="bbox 87 5620 1744 5767; baseline -0.002 -29"><span class='ocrx_word' id='word_1_751' title='bbox 87 5620 352 5767; x_wconf 36' lang='lat' dir='ltr'><strong>bis.</strong></span> <span class='ocrx_word' id='word_1_752' title='bbox 382 5682 526 5747; x_wconf 89' lang='lat' dir='ltr'><strong>duo,</strong></span> <span class='ocrx_word' id='word_1_753' title='bbox 560 5678 670 5751; x_wconf 74' lang='lat' dir='ltr'><strong>ipsi</strong></span> <span class='ocrx_word' id='word_1_754' title='bbox 699 5678 855 5732; x_wconf 84' lang='lat' dir='ltr'><strong>beato</strong></span> <span class='ocrx_word' id='word_1_755' title='bbox 883 5677 1048 5730; x_wconf 81' lang='lat' dir='ltr'><strong>Petro</strong></span> <span class='ocrx_word' id='word_1_756' title='bbox 1071 5695 1086 5744; x_wconf 87' lang='lat'><strong>;</strong></span> <span class='ocrx_word' id='word_1_757' title='bbox 1107 5681 1164 5732; x_wconf 89' lang='lat' dir='ltr'><strong>et</strong></span> <span class='ocrx_word' id='word_1_758' title='bbox 1186 5673 1366 5748; x_wconf 80' lang='lat' dir='ltr'><strong>paulo</strong></span> <span class='ocrx_word' id='word_1_759' title='bbox 1389 5679 1540 5767; x_wconf 75' lang='lat' dir='ltr'><strong>post,</strong></span> <span class='ocrx_word' id='word_1_760' title='bbox 1563 5678 1744 5739; x_wconf 83' lang='lat' dir='ltr'><strong>eidem</strong></span> 
     </span>
    </p>
   </div>
   <div class='ocr_carea' id='block_1_106' title="bbox 84 5745 442 5813">
    <p class='ocr_par' dir='ltr' id='par_1_106' title="bbox 84 5745 442 5813">
     <span class='ocr_line' id='line_1_106' title="bbox 84 5745 442 5813; baseline -0.008 -2"><span class='ocrx_word' id='word_1_761' title='bbox 84 5745 218 5813; x_wconf 54' lang='lat' dir='ltr'><strong>beato</strong></span> <span class='ocrx_word' id='word_1_762' title='bbox 241 5758 442 5812; x_wconf 76' lang='lat' dir='ltr'><strong>Petro.</strong></span> 
     </span>
    </p>
   </div>
   <div class='ocr_carea' id='block_1_107' title="bbox 1859 4683 3508 4756">
    <p class='ocr_par' dir='ltr' id='par_1_107' title="bbox 1859 4683 3508 4756">
     <span class='ocr_line' id='line_1_107' title="bbox 1859 4683 3508 4756; baseline -0.002 -14"><span class='ocrx_word' id='word_1_763' title='bbox 1859 4689 2038 4743; x_wconf 89' lang='lat' dir='ltr'><strong>dubio</strong></span> <span class='ocrx_word' id='word_1_764' title='bbox 2063 4687 2406 4756; x_wconf 88' lang='lat' dir='ltr'><strong>parentibus</strong></span> <span class='ocrx_word' id='word_1_765' title='bbox 2427 4692 2582 4741; x_wconf 91' lang='lat' dir='ltr'><strong>Deus</strong></span> <span class='ocrx_word' id='word_1_766' title='bbox 2611 4685 2838 4748; x_wconf 87' lang='lat' dir='ltr'><strong>tribuit,</strong></span> <span class='ocrx_word' id='word_1_767' title='bbox 2863 4686 3080 4756; x_wconf 90' lang='lat' dir='ltr'><strong>quibus</strong></span> <span class='ocrx_word' id='word_1_768' title='bbox 3104 4702 3206 4756; x_wconf 89' lang='lat' dir='ltr'><strong>per</strong></span> <span class='ocrx_word' id='word_1_769' title='bbox 3227 4683 3508 4756; x_wconf 87' lang='lat' dir='ltr'><strong>Spiritum</strong></span> 
     </span>
    </p>
   </div>
   <div class='ocr_carea' id='block_1_108' title="bbox 1865 4773 3512 4848">
    <p class='ocr_par' dir='ltr' id='par_1_108' title="bbox 1865 4773 3512 4848">
     <span class='ocr_line' id='line_1_108' title="bbox 1865 4773 3512 4848; baseline -0.002 -17"><span class='ocrx_word' id='word_1_770' title='bbox 1865 4775 2371 4848; x_wconf 80' lang='lat' dir='ltr'><strong>sanctumgratiain</strong></span> <span class='ocrx_word' id='word_1_771' title='bbox 2386 4780 2603 4830; x_wconf 63' lang='lat' dir='ltr'><strong>sanctis</strong></span> <span class='ocrx_word' id='word_1_772' title='bbox 2617 4773 2874 4829; x_wconf 91' lang='lat' dir='ltr'><strong>caritatis</strong></span> <span class='ocrx_word' id='word_1_773' title='bbox 2891 4775 3262 4846; x_wconf 86' lang='lat' dir='ltr'><strong>int’udit.lpse</strong></span> <span class='ocrx_word' id='word_1_774' title='bbox 3276 4789 3512 4845; x_wconf 86' lang='lat' dir='ltr'><strong>quoque</strong></span> 
     </span>
    </p>
   </div>
   <div class='ocr_carea' id='block_1_109' title="bbox 1865 4862 3512 4935">
    <p class='ocr_par' dir='ltr' id='par_1_109' title="bbox 1865 4862 3512 4935">
     <span class='ocr_line' id='line_1_109' title="bbox 1865 4862 3512 4935; baseline -0.003 -15"><span class='ocrx_word' id='word_1_775' title='bbox 1865 4867 1936 4920; x_wconf 88' lang='lat' dir='ltr'><strong>ad</strong></span> <span class='ocrx_word' id='word_1_776' title='bbox 1969 4867 2142 4920; x_wconf 86' lang='lat' dir='ltr'><strong>vitam</strong></span> <span class='ocrx_word' id='word_1_777' title='bbox 2169 4872 2445 4919; x_wconf 64' lang='lat' dir='ltr'><strong>aeternam</strong></span> <span class='ocrx_word' id='word_1_778' title='bbox 2475 4863 2841 4935; x_wconf 83' lang='lat' dir='ltr'><strong>perveniunt,</strong></span> <span class='ocrx_word' id='word_1_779' title='bbox 2877 4880 2990 4919; x_wconf 93' lang='lat' dir='ltr'><strong>non</strong></span> <span class='ocrx_word' id='word_1_780' title='bbox 3023 4863 3164 4935; x_wconf 90' lang='lat' dir='ltr'><strong>quia</strong></span> <span class='ocrx_word' id='word_1_781' title='bbox 3188 4862 3245 4918; x_wconf 92' lang='lat' dir='ltr'><strong>in</strong></span> <span class='ocrx_word' id='word_1_782' title='bbox 3267 4877 3512 4932; x_wconf 89' lang='lat' dir='ltr'><strong>corpore</strong></span> 
     </span>
    </p>
   </div>
   <div class='ocr_carea' id='block_1_110' title="bbox 1866 4950 3508 5026">
    <p class='ocr_par' dir='ltr' id='par_1_110' title="bbox 1866 4950 3508 5026">
     <span class='ocr_line' id='line_1_110' title="bbox 1866 4950 3508 5026; baseline -0.004 -16"><span class='ocrx_word' id='word_1_783' title='bbox 1866 4954 2072 5010; x_wconf 87' lang='lat' dir='ltr'><strong>mortis</strong></span> <span class='ocrx_word' id='word_1_784' title='bbox 2105 4954 2284 5022; x_wconf 84' lang='lat' dir='ltr'><strong>hujus</strong></span> <span class='ocrx_word' id='word_1_785' title='bbox 2317 4956 2633 5009; x_wconf 83' lang='lat' dir='ltr'><strong>morituros</strong></span> <span class='ocrx_word' id='word_1_786' title='bbox 2667 4953 2816 5008; x_wconf 84' lang='lat' dir='ltr'><strong>filios</strong></span> <span class='ocrx_word' id='word_1_787' title='bbox 2848 4953 3121 5026; x_wconf 89' lang='lat' dir='ltr'><strong>gignunt,</strong></span> <span class='ocrx_word' id='word_1_788' title='bbox 3155 4952 3254 5007; x_wconf 89' lang='lat' dir='ltr'><strong>sed</strong></span> <span class='ocrx_word' id='word_1_789' title='bbox 3284 4952 3420 5022; x_wconf 85' lang='lat' dir='ltr'><strong>quia</strong></span> <span class='ocrx_word' id='word_1_790' title='bbox 3450 4950 3508 5004; x_wconf 89' lang='lat' dir='ltr'><strong>in</strong></span> 
     </span>
    </p>
   </div>
   <div class='ocr_carea' id='block_1_111' title="bbox 1865 5037 3510 5112">
    <p class='ocr_par' dir='ltr' id='par_1_111' title="bbox 1865 5037 3510 5112">
     <span class='ocr_line' id='line_1_111' title="bbox 1865 5037 3510 5112; baseline -0.004 -14"><span class='ocrx_word' id='word_1_791' title='bbox 1865 5043 1968 5098; x_wconf 91' lang='lat' dir='ltr'><strong>Dei</strong></span> <span class='ocrx_word' id='word_1_792' title='bbox 2001 5047 2209 5098; x_wconf 86' lang='lat' dir='ltr'><strong>timore</strong></span> <span class='ocrx_word' id='word_1_793' title='bbox 2239 5042 2516 5112; x_wconf 85' lang='lat' dir='ltr'><strong>viventes,</strong></span> <span class='ocrx_word' id='word_1_794' title='bbox 2543 5059 2674 5098; x_wconf 92' lang='lat' dir='ltr'><strong>cum</strong></span> <span class='ocrx_word' id='word_1_795' title='bbox 2699 5043 2784 5098; x_wconf 87' lang='lat' dir='ltr'><strong>eis</strong></span> <span class='ocrx_word' id='word_1_796' title='bbox 2803 5043 2871 5096; x_wconf 84' lang='lat' dir='ltr'><strong>ad</strong></span> <span class='ocrx_word' id='word_1_797' title='bbox 2899 5043 3166 5097; x_wconf 69' lang='lat' dir='ltr'><strong>secundas</strong></span> <span class='ocrx_word' id='word_1_798' title='bbox 3190 5037 3510 5095; x_wconf 88' lang='lat' dir='ltr'><strong>nativitatis</strong></span> 
     </span>
    </p>
   </div>
   <div class='ocr_carea' id='block_1_112' title="bbox 1863 5127 3510 5203">
    <p class='ocr_par' dir='ltr' id='par_1_112' title="bbox 1863 5127 3510 5203">
     <span class='ocr_line' id='line_1_112' title="bbox 1863 5127 3510 5203; baseline -0.003 -17"><span class='ocrx_word' id='word_1_799' title='bbox 1863 5133 2214 5188; x_wconf 82' lang='lat' dir='ltr'><strong>beneﬁcium</strong></span> <span class='ocrx_word' id='word_1_800' title='bbox 2248 5133 2524 5188; x_wconf 86' lang='lat' dir='ltr'><strong>festinare</strong></span> <span class='ocrx_word' id='word_1_801' title='bbox 2554 5149 2666 5188; x_wconf 92' lang='lat' dir='ltr'><strong>non</strong></span> <span class='ocrx_word' id='word_1_802' title='bbox 2695 5131 3014 5203; x_wconf 75' lang='lat' dir='ltr'><strong>negligunt,</strong></span> <span class='ocrx_word' id='word_1_803' title='bbox 3048 5135 3104 5184; x_wconf 90' lang='lat' dir='ltr'><strong>et</strong></span> <span class='ocrx_word' id='word_1_804' title='bbox 3132 5131 3317 5183; x_wconf 91' lang='lat' dir='ltr'><strong>donec</strong></span> <span class='ocrx_word' id='word_1_805' title='bbox 3341 5127 3396 5180; x_wconf 91' lang='lat' dir='ltr'><strong>in</strong></span> <span class='ocrx_word' id='word_1_806' title='bbox 3423 5127 3510 5181; x_wconf 90' lang='lat' dir='ltr'><strong>eis</strong></span> 
     </span>
    </p>
   </div>
   <div class='ocr_carea' id='block_1_113' title="bbox 1862 5216 3510 5293">
    <p class='ocr_par' dir='ltr' id='par_1_113' title="bbox 1862 5216 3510 5293">
     <span class='ocr_line' id='line_1_113' title="bbox 1862 5216 3510 5293; baseline -0.004 -19"><span class='ocrx_word' id='word_1_807' title='bbox 1862 5237 2038 5292; x_wconf 84' lang='lat' dir='ltr'><strong>Opere</strong></span> <span class='ocrx_word' id='word_1_808' title='bbox 2067 5222 2450 5293; x_wconf 78' lang='lat' dir='ltr'><strong>compleatur,</strong></span> <span class='ocrx_word' id='word_1_809' title='bbox 2484 5220 2814 5276; x_wconf 83' lang='lat' dir='ltr'><strong>Christiana</strong></span> <span class='ocrx_word' id='word_1_810' title='bbox 2846 5218 3154 5274; x_wconf 87' lang='lat' dir='ltr'><strong>dilectione</strong></span> <span class='ocrx_word' id='word_1_811' title='bbox 3174 5216 3510 5286; x_wconf 89' lang='lat' dir='ltr'><strong>parturiunt</strong></span> 
     </span>
    </p>
   </div>
   <div class='ocr_carea' id='block_1_114' title="bbox 1863 5302 3509 5381">
    <p class='ocr_par' dir='ltr' id='par_1_114' title="bbox 1863 5302 3509 5381">
     <span class='ocr_line' id='line_1_114' title="bbox 1863 5302 3509 5381; baseline -0.006 -15"><span class='ocrx_word' id='word_1_812' title='bbox 1863 5326 2010 5381; x_wconf 91' lang='lat' dir='ltr'><strong>quos</strong></span> <span class='ocrx_word' id='word_1_813' title='bbox 2047 5313 2304 5366; x_wconf 87' lang='lat' dir='ltr'><strong>humana</strong></span> <span class='ocrx_word' id='word_1_814' title='bbox 2339 5312 2694 5366; x_wconf 80' lang='lat' dir='ltr'><strong>fecunditate</strong></span> <span class='ocrx_word' id='word_1_815' title='bbox 2727 5311 3095 5378; x_wconf 87' lang='lat' dir='ltr'><strong>pepererunt.</strong></span> <span class='ocrx_word' id='word_1_816' title='bbox 3144 5307 3299 5370; x_wconf 88' lang='lat' dir='ltr'><strong>Quos</strong></span> <span class='ocrx_word' id='word_1_817' title='bbox 3331 5302 3509 5357; x_wconf 75' lang='lat' dir='ltr'><strong>etiam</strong></span> 
     </span>
    </p>
   </div>
   <div class='ocr_carea' id='block_1_115' title="bbox 1861 5391 3510 5471">
    <p class='ocr_par' dir='ltr' id='par_1_115' title="bbox 1861 5391 3510 5471">
     <span class='ocr_line' id='line_1_115' title="bbox 1861 5391 3510 5471; baseline -0.004 -18"><span class='ocrx_word' id='word_1_818' title='bbox 1861 5399 2184 5470; x_wconf 86' lang='lat' dir='ltr'><strong>baptizatos</strong></span> <span class='ocrx_word' id='word_1_819' title='bbox 2217 5401 2483 5455; x_wconf 87' lang='lat' dir='ltr'><strong>dilﬂuere</strong></span> <span class='ocrx_word' id='word_1_820' title='bbox 2516 5416 2617 5471; x_wconf 87' lang='lat' dir='ltr'><strong>per</strong></span> <span class='ocrx_word' id='word_1_821' title='bbox 2647 5397 2869 5469; x_wconf 79' lang='lat' dir='ltr'><strong>ﬂagitia</strong></span> <span class='ocrx_word' id='word_1_822' title='bbox 2894 5397 3268 5462; x_wconf 84' lang='lat' dir='ltr'><strong>facinoraque</strong></span> <span class='ocrx_word' id='word_1_823' title='bbox 3293 5409 3409 5449; x_wconf 87' lang='lat' dir='ltr'><strong>non</strong></span> <span class='ocrx_word' id='word_1_824' title='bbox 3431 5391 3510 5446; x_wconf 86' lang='lat' dir='ltr'><strong>si-</strong></span> 
     </span>
    </p>
   </div>
   <div class='ocr_carea' id='block_1_116' title="bbox 1931 5538 2957 5613">
    <p class='ocr_par' dir='ltr' id='par_1_116' title="bbox 1931 5538 2957 5613">
     <span class='ocr_line' id='line_1_116' title="bbox 1931 5538 2957 5613; baseline -0.006 -16"><span class='ocrx_word' id='word_1_825' title='bbox 1931 5544 2002 5613; x_wconf 73' lang='lat' dir='ltr'><strong>(I7)</strong></span> <span class='ocrx_word' id='word_1_826' title='bbox 2035 5542 2129 5597; x_wconf 89' lang='lat' dir='ltr'><strong>Sic</strong></span> <span class='ocrx_word' id='word_1_827' title='bbox 2163 5558 2304 5595; x_wconf 88' lang='lat' dir='ltr'><strong>mss.</strong></span> <span class='ocrx_word' id='word_1_828' title='bbox 2340 5539 2678 5613; x_wconf 21' lang='lat' dir='ltr'><strong>duouEddq</strong></span> <span class='ocrx_word' id='word_1_829' title='bbox 2713 5538 2957 5613; x_wconf 54' lang='lat' dir='ltr'><strong>pro/uit.</strong></span> 
     </span>
    </p>
   </div>
   <div class='ocr_carea' id='block_1_117' title="bbox 1931 5607 3435 5684">
    <p class='ocr_par' dir='ltr' id='par_1_117' title="bbox 1931 5607 3435 5684">
     <span class='ocr_line' id='line_1_117' title="bbox 1931 5607 3435 5684; baseline -0.004 -17"><span class='ocrx_word' id='word_1_830' title='bbox 1931 5607 2003 5684; x_wconf 63' lang='grc' dir='ltr'><strong>(τί)</strong></span> <span class='ocrx_word' id='word_1_831' title='bbox 2028 5616 2111 5668; x_wconf 89' lang='lat' dir='ltr'><strong>Ita</strong></span> <span class='ocrx_word' id='word_1_832' title='bbox 2138 5629 2280 5666; x_wconf 92' lang='lat' dir='ltr'><strong>mss.</strong></span> <span class='ocrx_word' id='word_1_833' title='bbox 2317 5613 2452 5666; x_wconf 89' lang='lat' dir='ltr'><strong>duo.</strong></span> <span class='ocrx_word' id='word_1_834' title='bbox 2474 5611 2632 5684; x_wconf 18' lang='lat' dir='ltr'><strong>AEdd.</strong></span> <span class='ocrx_word' id='word_1_835' title='bbox 2665 5607 2721 5666; x_wconf 86' lang='lat' dir='ltr'><strong>et</strong></span> <span class='ocrx_word' id='word_1_836' title='bbox 2753 5607 2864 5684; x_wconf 78' lang='lat' dir='ltr'><strong>ms.</strong></span> <span class='ocrx_word' id='word_1_837' title='bbox 2900 5611 3064 5678; x_wconf 87' lang='lat' dir='ltr'><strong>alter,</strong></span> <span class='ocrx_word' id='word_1_838' title='bbox 3099 5607 3435 5684; x_wconf 74' lang='lat' dir='ltr'><strong>providente.</strong></span> 
     </span>
    </p>
   </div>
   <div class='ocr_carea' id='block_1_118' title="bbox 1931 5682 3511 5755">
    <p class='ocr_par' dir='ltr' id='par_1_118' title="bbox 1931 5682 3511 5755">
     <span class='ocr_line' id='line_1_118' title="bbox 1931 5682 3511 5755; baseline -0.003 -17"><span class='ocrx_word' id='word_1_839' title='bbox 1931 5682 1996 5755; x_wconf 18' lang='lat' dir='ltr'><strong>(Ve)</strong></span> <span class='ocrx_word' id='word_1_840' title='bbox 2021 5685 2150 5738; x_wconf 71' lang='lat' dir='ltr'><strong>Haec</strong></span> <span class='ocrx_word' id='word_1_841' title='bbox 2179 5684 2374 5747; x_wconf 86' lang='lat' dir='ltr'><strong>verba,</strong></span> <span class='ocrx_word' id='word_1_842' title='bbox 2398 5682 2682 5755; x_wconf 78' lang='lat' dir='ltr'><strong>iri/tamine</strong></span> <span class='ocrx_word' id='word_1_843' title='bbox 2699 5697 2817 5745; x_wconf 86' lang='lat' dir='ltr'><strong>non</strong></span> <span class='ocrx_word' id='word_1_844' title='bbox 2852 5683 3071 5747; x_wconf 77' lang='lat' dir='ltr'><strong>habent</strong></span> <span class='ocrx_word' id='word_1_845' title='bbox 3087 5683 3228 5738; x_wconf 88' lang='lat' dir='ltr'><strong>editi</strong></span> <span class='ocrx_word' id='word_1_846' title='bbox 3259 5697 3364 5737; x_wconf 88' lang='lat' dir='ltr'><strong>nec</strong></span> <span class='ocrx_word' id='word_1_847' title='bbox 3399 5696 3511 5735; x_wconf 89' lang='lat' dir='ltr'><strong>ms.</strong></span> 
     </span>
    </p>
   </div>
   <div class='ocr_carea' id='block_1_119' title="bbox 1861 5754 2647 5823">
    <p class='ocr_par' dir='ltr' id='par_1_119' title="bbox 1861 5754 2647 5823">
     <span class='ocr_line' id='line_1_119' title="bbox 1861 5754 2647 5823; baseline -0.006 -9"><span class='ocrx_word' id='word_1_848' title='bbox 1861 5754 2055 5823; x_wconf 86' lang='lat' dir='ltr'><strong>unus;</strong></span> <span class='ocrx_word' id='word_1_849' title='bbox 2085 5755 2303 5812; x_wconf 87' lang='lat' dir='ltr'><strong>habent</strong></span> <span class='ocrx_word' id='word_1_850' title='bbox 2334 5771 2477 5812; x_wconf 88' lang='lat' dir='ltr'><strong>mss.</strong></span> <span class='ocrx_word' id='word_1_851' title='bbox 2511 5754 2647 5818; x_wconf 80' lang='lat' dir='ltr'><strong>duo.</strong></span> 
     </span>
    </p>
   </div>
  </div>
