3848 6398
425 402 543 462 eis
1407 391 1469 451 s.
1519 385 1940 450 FULGENTII
1983 385 2335 448 EPISCOPI
2384 389 2826 454 RUSPENSIS.
3599 416 3676 476 διδ

425 537 610 599 nunt;
645 530 745 584 sed
773 545 890 594 eos,
925 526 1252 582 secundum
1302 522 1559 591 Apostnli
1594 525 1972 593 praeceptum,
2006 520 2065 573 in
2097 523 2147 584 Α
2182 537 2251 574 ne
2283 521 2486 576 redimi
2523 524 2706 594 possit
2751 543 3152 600 quemcunque
3191 532 3437 593 voluerit:
3476 541 3680 603 Voluntati

422 623 724 692 άίςοίμιὲιια
750 624 800 674 et
818 628 1164 688 correptione
1184 615 1408 668 Domini
1431 611 1644 683 (li/thes.
1673 626 1750 675 vr,
1777 611 1826 679 4)
1852 610 2072 662 nutrire
2181 613 2332 666 enim
2361 614 2478 680 eius
2509 616 2606 684 qui
2644 617 2852 672 resistit
2900 618 3069 687 (Rom.
3123 635 3192 689 ix,
3240 624 3356 692 19;?
3383 627 3556 698 injuste
3591 651 3682 692 vero

423 718 598 783 atque
629 710 876 765 educare
895 706 1294 770 contendunt;
1324 703 1509 772 magis
1533 717 1632 755 eos
1657 698 1918 754 volentes
1941 712 2070 787 esse
2178 699 2461 757 damnare
2475 718 2644 771 quem
2657 704 2808 773 piam
2835 721 2938 760 nec
2957 709 3092 762 velit
3109 708 3404 782 aliquando,
3425 733 3509 773 nec
3526 725 3680 787 possit;

422 799 666 874 placitos
693 798 827 863 Deo,
851 812 1027 867 quam
1052 794 1258 848 divites
1281 796 1381 844 aut
1401 789 1590 844 claros
1607 787 1808 844 essein
1834 783 2067 840 saeculo.
2176 789 2315 859 quia
2341 795 2525 847 rectus
2554 795 2632 847 est
2654 793 2917 850 Dominus
2953 800 3092 853 Deus
3117 769 3306 868 noiter,
3341 769 3498 860 etnon
3520 769 3579 863 erit
3602 769 3686 866 ini:

487 891 578 944 24.
612 887 809 958 Usque
840 888 982 942 adeo
1004 899 1137 938 vero
1171 880 1546 936 manifestum
1575 884 1664 934 est
1693 879 1938 969 gratiam
1964 877 2068 930 ba—
2173 882 2354 951 quitus
2387 883 2446 935 in
2479 896 2539 937 eo
2569 881 2751 948 (Psal.
2777 901 2892 950 xcr,
2927 887 3034 958 16),
3060 892 3113 942 et
3136 890 3374 962 iniquitas
3393 904 3544 950 nostra
3559 901 3686 969 justi-

417 977 621 1050 ptismi
643 977 854 1031 debere
883 974 1018 1028 ﬁliis
1040 989 1072 1025 a
1096 969 1438 1042 parentibus
1461 971 1726 1022 celeriter
1755 966 1966 1056 utierri,
2001 969 2065 1020 ut
2171 977 2307 1025 nam
2332 971 2427 1026 Dei
2447 972 2808 1039 commendat,
2831 991 2933 1030 nec
2956 980 3043 1030 est
3070 976 3289 1048 iniquus
3309 985 3455 1052 Deus,
3475 966 3689 1056 quiinfm

419 1069 529 1124 hoc
561 1083 675 1122 non
716 1065 903 1121 solum
930 1062 1064 1117 boni
1097 1059 1300 1116 ﬁdeles
1326 1058 1563 1114 solliciti
1599 1057 1784 1112 facere
1811 1053 2062 1122 soleant,
2170 1057 2316 1114 iram
2348 1060 2520 1118 (Rom.
2549 1077 2632 1127 ιιι,
2665 1061 2744 1132 5).

417 1158 520 1213 sed
547 1157 722 1211 etiam
748 1155 829 1209 illi
862 1153 961 1224 qui
985 1153 1053 1206 ad
1086 1150 1340 1205 ﬁliorum
1369 1147 1462 1202 Dei
1491 1163 1603 1202 non
1626 1145 1916 1218 pertinent
1949 1160 2054 1198 nu-
2238 1149 2373 1205 ΟΑΡ.
2408 1166 2508 1206 κει.
2539 1151 2716 1206 -26.
2754 1151 3409 1229 Ουίείιυίεἰιιίῐυιιειιαῐὶω
3429 1159 3595 1216 divinis
3612 1165 3685 1218 mi-

416 1243 1149 1316 merum:quiscilicetcum
1167 1238 1423 1294 tidelium
1440 1231 2058 1301 censeanturnomine,
2167 1237 2410 1294 rabilem
2436 1238 2559 1294 vult
2580 1247 2755 1312 atque
2777 1242 3392 1312 incomprehensibilem
3411 1252 3687 1308 considerare

413 1352 624 1407 negare
643 1333 1068 1389 convincuntur
1083 1329 1358 1400 operibus
1381 1327 1577 1390 ﬁdem,
1603 1327 1740 1379 dum
1759 1340 1824 1378 ea
1847 1325 2059 1394 gerunt
2163 1328 2611 1396 virtutem,illud
2627 1333 2820 1402 potius
2834 1332 3036 1387 humili
3053 1335 3177 1406 pioq
3189 1349 3251 1390 ue
3263 1337 3691 1408 cordeconsideret,

410 1442 537 1496 quae
573 1423 702 1479 ﬁdei
728 1421 1034 1478 convenire
1069 1436 1181 1474 non
1216 1423 1480 1490 possunt.
1524 1416 1693 1480 Nam,
1725 1419 1790 1468 ut
1819 1413 1889 1466 de
1922 1411 2054 1500 aliis
2161 1419 2455 1488 quomodo
2475 1418 2820 1492 plerumque
2843 1429 3104 1492 parentes
3121 1423 3213 1495 pii,
3235 1425 3687 1500 ﬁdelesetimpigri,

407 1518 652 1579 taceam,
679 1525 872 1566 nonne
894 1510 1160 1564 videmus
1185 1504 1559 1563 mulierculas
1586 1502 1871 1576 quaedam
1901 1499 2051 1554 ﬁlios
2160 1512 2334 1578 atque
2348 1507 2750 1574 solliciti,cum
2770 1512 3028 1582 parvulis
3048 1511 3167 1568 suis
3181 1515 3245 1568 ad
3262 1513 3570 1584 baptismum
3585 1499 3690 1571 velo-

406 1619 544 1658 suos
565 1619 678 1658 non
703 1602 771 1656 de
787 1599 1101 1667 connubio,
1129 1599 1224 1652 sed
1243 1599 1311 1652 de
1334 1596 1714 1651 fornicatione
1727 1596 2050 1662 susceptos,
2158 1597 2572 1668 citercurrant,
2591 1598 2812 1660 et'inter
2829 1617 3040 1656 manus
3065 1602 3437 1659 festinantium
3458 1609 3686 1675 parentum

403 1692 647 1747 sollicite
666 1692 737 1746 ad
755 1687 1123 1761 baptismatis
1143 1687 1389 1760 gratiam
1408 1691 1658 1758 portare,
1678 1682 2050 1752 multumque
2157 1686 2381 1758 parvuli
2399 1687 2525 1742 sine
2542 1688 2835 1759 baptismo
2851 1691 3138 1746 moriantu
3149 1691 3686 1764 r.Consideremusergo

403 1783 556 1838 tueri
578 1799 650 1837 ne
672 1782 770 1854 qui
793 1783 863 1836 de
892 1781 1011 1836 illis
1035 1777 1349 1834 carnaliter
1373 1777 1492 1832 nati
1514 1780 1653 1830 sunt
1678 1771 1926 1846 spiritali
1953 1787 2049 1825 na-
2153 1775 2300 1830 duos
2318 1775 2588 1848 parvulos
2605 1777 2730 1833 sine
2751 1779 3098 1850 baptismate
3121 1786 3541 1837 mortuoszunum
3559 1797 3684 1852 quem

400 1873 625 1928 tivitate
646 1869 978 1942 priventur?
996 1869 1226 1924 ltacum
1244 1869 1314 1921 iis
1329 1883 1479 1937 quos
1494 1864 1682 1918 invitm
1699 1863 2047 1934 plerumque
2078 1889 2124 1953 Β
2156 1865 2325 1920 noxia
2343 1872 2644 1936 parentum
2663 1867 2915 1939 neglexit
2938 1869 3178 1938 incuria,
3194 1870 3419 1925 alterum
3439 1871 3516 1924 cui
3531 1885 3681 1941 paren-

401 1961 738 2032 concipiunt
769 1967 942 2031 atque
966 1959 1202 2028 pariunt
1223 1955 1482 2012 volentes
1507 1955 1576 2009 ad
1600 1951 1904 2008 ecclesiam
1927 1957 2043 2004 tre-
2079 1951 2114 1953 ﬁ
2155 1961 2275 2008 tum
2311 1955 2549 2024 quidem
2586 1957 2678 2026 pia
2707 1957 3041 2014 sollicitudo
3076 1976 3184 2015 οοη
3212 1960 3400 2024 defuit,
3427 1960 3508 2015 εδει
3537 1957 3686 2012 monis

398 2055 742 2121 mentesque
773 2054 1170 2116 concurrunt;
1201 2051 1257 2101 et
1288 2062 1418 2100 cum
1455 2049 1760 2115 peccatum
1795 2041 2042 2095 fornica-
2148 2043 2452 2100 velocitate
2485 2053 2767 2118 praerepto
2801 2048 3079 2118 prodesse
3109 2047 3384 2120 nequivit;
3415 2047 3494 2119 qui
3520 2046 3687 2104 scilicet

395 2143 572 2197 tionis
594 2158 714 2196 sua:
740 2141 1055 2212 negligant,
1084 2140 1164 2192 ita
1182 2139 1240 2191 in
1265 2134 1678 2206 iniquitatibus
1700 2131 1824 2186 suis
1848 2145 2034 2184 rema-
2147 2133 2299 2188 inter
2313 2151 2525 2190 manus
2539 2136 3209 2208 portantium,quibusad
3228 2138 3688 2210 baptismumgesta-

396 2238 554 2293 nent,
591 2236 656 2286 ut
685 2236 880 2285 tamen
914 2229 1065 2282 ﬁlios
1096 2242 1238 2281 suos
1270 2222 1491 2279 absolvi
1533 2221 1781 2276 vinculis
1816 2218 2036 2290 peccati
2146 2222 2339 2288 batur,
2372 2224 2710 2297 priusquam
2745 2227 3075 2298 perveniret,
3092 2228 3160 2283 ad
3184 2229 3376 2282 futura
3393 2226 3491 2281 vita:
3517 2223 3683 2279 beneﬁ-

391 2319 693 2390 originalis
713 2321 1007 2389 excptent.
1029 2317 1124 2371 Sic
1141 2315 1294 2370 Deus
1318 2315 1506 2368 bonus
1531 2318 1836 2380 parentum
1863 2309 2039 2363 bono-
2144 2314 2324 2382 cium,
2350 2315 2649 2385 praesentis
2673 2316 2749 2386 (a)
2771 2317 2903 2371 iacu
2916 2317 3019 2372 rrit
3038 2333 3329 2384 occasum,
3356 2322 3406 2372 et
3423 2320 3524 2371 ante
3539 2311 3684 2368 caruit

390 2426 520 2463 rum
559 2413 713 2480 piam
746 2408 1104 2462 voluntatem
1137 2421 1249 2458 non
1291 2402 1482 2458 solum
1520 2400 1802 2470 parvulis,
1833 2415 2028 2454 verum
2140 2403 2260 2459 vita
2291 2420 2466 2475 quam
2501 2404 2762 2469 macula;
2799 2407 3085 2478 priusque
3116 2411 3311 2477 raptus
3331 2405 3484 2461 estad
3511 2414 3682 2473 prauam

388 2497 564 2552 etiam
598 2497 740 2567 ipsis
775 2495 1114 2567 parentibus
1139 2493 1273 2547 facit
1295 2493 1365 2547 ad
1385 2491 1652 2546 etl'ectum
1677 2490 1872 2561 gratias
1899 2505 2032 2559 pro-
2142 2510 2319 2564 quam
2347 2494 2760 2564 perduceretur
2779 2496 2848 2549 ad
2872 2501 3145 2567 gratiam.
3169 2487 3684 2552 Sidehisduobusuni

389 2585 579 2652 ﬁcere;
596 2585 932 2656 iniquorum
952 2587 1398 2654 veroparentum
1415 2579 1908 2634 sollicitudinem4

2166 2583 2354 2637 licilur
2384 2589 2695 2654 parentum
2731 2583 3092 2655 negligentia
3114 2585 3389 2649 nocuisse,
3410 2581 3596 2636 dicatur
3613 2593 3685 2631 cur

386 2675 527 2730 facit
544 2673 868 2729 commodis
894 2673 1145 2729 ﬁliorum
1167 2673 1384 2743 quibus
1407 2670 1631 2725 confert
1651 2671 1895 2740 gratiam
1919 2668 2031 2722 mi-
2140 2671 2307 2727 alteri
2339 2676 2589 2743 negatus
2621 2678 2710 2727 est
2735 2672 2941 2728 salutis
2962 2674 3228 2742 eﬂ'ectus,
3259 2673 3346 2729 cui
3369 2688 3460 2727 nec
3485 2667 3687 2725 voluntas

385 2763 572 2818 litare.
598 2762 742 2829 Quia
763 2764 936 2818 etiam
957 2762 1038 2816 illi
1058 2762 1154 2833 qui
1177 2763 1238 2817 iu
1273 2778 1331 2816 se
1345 2760 1692 2815 beneﬁcium
1717 2759 2031 2830 baptisma-
2140 2759 2397 2833 potuerit
2424 2765 2730 2831 parentum
2759 2763 3061 2832 prodesse,
3097 2780 3199 2819 nec.
3228 2778 3435 2818 cursus.
3463 2762 3534 2815 An
3560 2758 3686 2812 etiam

385 2852 461 2908 tis
475 2853 752 2925 operibus
777 2852 948 2908 malis
967 2849 2028 2922 evacuant,quideonteratbaptisuia-
2139 2850 2274 2905 huic
2297 2867 2332 2906 a
2352 2851 2466 2905 Deo
2490 2850 2701 2906 dicitur
2720 2851 2902 2908 fuisse
2919 2853 3281 2922 consultum,
3301 2860 3360 2908 ut
3379 2851 3465 2924 qui
3484 2845 3697 2922 praevide-

384 2942 463 2997 tis
481 2945 670 3014 gratia
693 2959 807 2998 non
832 2944 1106 3014 ignorant
1133 2959 1144 2997 :
1171 2949 1383 2997 etcum
1412 2941 1472 2996 in
1503 2956 1677 2995 carne
1699 2956 1808 2993 sua
1828 2937 2028 2993 morti-
2139 2941 2474 2997 batur447
2497 2941 2728 2996 futurus
2745 2942 2983 3013 impius,
3001 2944 3284 3000 beneﬁcio
3301 2938 3695 3013 puteturlamen~

385 3032 519 3087 feras
550 3033 758 3088 cedant
801 3032 1050 3100 libidini,
1103 3033 1160 3086 in
1218 3033 1404 3086 fructu
1455 3035 1650 3085 tamen
1684 3027 1878 3084 carnis
1909 3043 2028 3082 suae
2138 3032 2326 3087 tande
2353 3030 2557 3086 mortis
2580 3031 2868 3100 adjutus?
2901 3033 3047 3099 Quis
3072 3034 3180 3089 boc
3215 3030 3405 3088 dicat?
3429 3029 3598 3101 quisve
3614 3038 3694 3080 non

390 3121 580 3193 magis
609 3123 829 3178 cedunt
858 3122 1069 3195 agnitae
1099 3122 1348 3176 veritati.
2135 3120 2328 3176 videat
2359 3120 2514 3190 quod
2535 3118 2667 3174 talis
2689 3120 2885 3175 obitus
2907 3137 3024 3177 non
3051 3120 3403 3177 damnationi
3427 3115 3694 3173 morientem

457 3211 544 3266 25.
580 3212 639 3267 Si
662 3228 795 3266 vero
817 3211 996 3283 aliqui
1021 3210 1393 3283 parvulorum
1419 3204 1688 3281 parentes
1710 3209 2026 3265 Christiani
2057 3258 2098 3283 η
2138 3210 2443 3282 parvulum
2468 3210 2782 3281 praeripuit,
2815 3211 2913 3266 sed
2949 3211 3133 3267 saluti
3159 3212 3186 3267 ‘2
3207 3211 3298 3267 cui
3328 3227 3434 3266 non
3456 3211 3534 3264 est
3550 3203 3697 3273 utique

381 3300 560 3371 (quod
589 3300 842 3369 interim,
872 3258 1305 3373 qﬁuiarmultum
1343 3317 1375 3354 a
1407 3258 1685 3372 rreligione
1725 3301 2022 3369 abhorret,
2055 3258 2099 3326 C
2139 3258 2716 3371 levigatadalinnatio,
2739 3258 2837 3355 sed
2863 3258 3699 3373 redemptiodenegatameccon-

381 3389 594 3443 durum
620 3396 710 3444 est
739 3389 997 3461 credere)
1016 3389 1358 3446 Christianas
1386 3389 1667 3459 caritatis,
1689 3395 1746 3445 et
1766 3406 1886 3445 suae
1910 3406 2022 3446 non
2133 3390 2354 3446 sultum
2386 3394 2475 3444 est
2507 3393 2568 3443 ut
2601 3389 3218 3460 minustorqueretur,
3245 3391 3341 3446 sed
3367 3391 3548 3459 raptus
3564 3387 3696 3438 estne

377 3477 2028 3550 minusquamﬁliorumsalutisobliti,curamregeneran-
2129 3479 2498 3534 liberaretur.
2550 3478 2753 3533 Nonne
2786 3478 2879 3532 hic
2927 3483 2988 3534 et
3022 3480 3121 3551 pia
3164 3483 3458 3550 parentum
3492 3472 3696 3530 voluntas

373 3567 587 3623 dorum
623 3587 736 3624 non
772 3569 992 3624 habent
1026 3570 1424 3641 parvulorum,
1458 3587 1572 3626 non
1607 3575 1889 3638 nostram,
1921 3570 2021 3624 sed
2128 3573 2304 3638 atque
2320 3583 2529 3622 cursus
2560 3583 2626 3622 ex
2653 3571 2765 3622 Deo
2792 3566 2927 3635 fuit,
2947 3571 3056 3624 sed
3082 3569 3214 3625 ideo
3238 3584 3348 3624 non
3374 3555 3700 3639 profuit,quia

371 3657 634 3726 Apostoli
663 3675 842 3730 super
873 3659 982 3714 hoc
1023 3659 1238 3715 scelere
1285 3659 1634 3716 sententiam
1668 3660 1934 3723 audiant,
1966 3662 2024 3714 et
2127 3659 2193 3712 ut
2224 3656 2499 3727 parvulus
2532 3655 2928 3727 baptizaretur
2953 3672 3026 3714 ex
3049 3658 3170 3714 Deo
3194 3673 3307 3713 non
3330 3653 3472 3710 fuit?
3499 3649 3582 3722 qui
3609 3662 3700 3716 pro-

375 3745 599 3802 utinam
632 3749 1114 3813 contremiscant,
1147 3750 1396 3805 dicentis
1421 3766 1436 3805 :
1464 3749 1526 3805 Si
1548 3753 1672 3821 quis
1693 3754 1872 3805 autem
1891 3765 2020 3804 δυο-
2126 3743 2307 3799 fundo
2323 3742 2845 3814 justoquejudicio
2871 3742 2990 3800 illis
3013 3747 3257 3816 quidem
3287 3760 3379 3816 pro
3402 3740 3504 3797 ﬁlio
3524 3735 3698 3821 religiof

373 3850 523 3900 rum,
547 3839 594 3888 et
614 3835 856 3890 minime
871 3836 1295 3892 deitiesticorum
1315 3854 1512 3892 curam
1531 3820 1643 3893 non
1659 3840 1836 3896 habet.
1857 3838 2020 3909 ﬁdem
2125 3849 2254 3889 sum
2270 3831 2364 3886 inf
2363 3831 2790 3902 uditaﬁectum,
2804 3832 2905 3888 sed
2925 3836 3178 3904 parvulo
3195 3833 3368 3890 vitale
3381 3820 3704 3894 noluitlargiri

371 3924 618 3990 negavit,
650 3928 698 3978 et
729 3931 807 3978 est
858 3924 1072 3993 inﬁdeli
1111 3926 1414 3996 deteriorU
1456 3927 1591 3981 Tim.
1637 3943 1690 3993 v,
1741 3926 1817 3996 8).
1853 3927 2019 3982 Sicut
2125 3923 2476 3979 remedium.
2511 3922 2656 3978 Nam
2691 3928 2747 3977 et
2795 3928 3002 3978 sancto
3035 3925 3221 3980 David
3273 3924 3345 3995 (ll
3373 3924 3484 3988 Reg.
3513 3912 3702 3978 xvm,5l

374 4017 569 4066 autem
594 4012 794 4067 nullus
817 4013 989 4068 habet
1020 4031 1086 4068 ex
1107 4014 1223 4069 Deo
1247 4019 1308 4069 ut
1325 4022 1494 4087 neget
1515 4016 1711 4083 ﬁdem,
1736 4018 1820 4072 sic
1840 4017 2014 4072 etiam
2124 4015 2249 4086 ipse
2272 4013 2489 4068 donum
2515 4013 2777 4069 caritatis
2800 4014 3041 4082 infudit,
3071 4022 3140 4071 ut
3164 4015 3377 4071 Absalo
3397 4012 3504 4068 ﬁlio
3519 4019 3708 4080 parcen-

374 4099 786 4173 negligentiam
800 4103 1328 4175 cujuslibetOperis
1346 4105 1480 4160 boni
1501 4122 1669 4160 nemo
1685 4105 2015 4162 divinaaim-
2123 4103 2260 4158 dum
2286 4102 2644 4175 praeciperet,
2671 4102 2814 4158 nein
2839 4120 2946 4157 suo
2970 4105 3284 4177 impietate
3299 4109 3608 4160 moreretur;
3628 4089 3703 4145 sed

371 4195 577 4262 putare
610 4191 972 4262 permittitur
1000 4193 1306 4251 voluntati.
1349 4194 1512 4250 Sicut
1541 4199 1734 4250 autem
1769 4197 1840 4251 ad
1871 4213 2015 4268 opus
2121 4209 2188 4249 ex
2208 4198 2326 4249 Deo
2360 4208 2472 4246 non
2501 4193 2626 4256 luit,
2658 4191 2984 4247 utAbsalou
3013 4195 3245 4266 impius
3269 4195 3458 4249 future
3477 4184 3706 4258 paeniten-

371 4280 578 4336 divinaa
601 4283 800 4354 gratim
822 4283 1093 4354 pertinet,
1117 4285 1266 4354 quod
1291 4291 1562 4356 parentes
1585 4300 1690 4356 pro
1716 4302 2012 4358 regenera-
2122 4284 2214 4340 tiae
2245 4285 2594 4339 servaretur.
2628 4280 2908 4336 Exhibuit
2930 4297 3073 4354 ergo
3098 4285 3258 4355 quod
3293 4278 3470 4338 debuit
3495 4268 3704 4328 hominis

368 4368 525 4425 tione
551 4371 804 4426 ﬁliorum
833 4373 986 4444 piam
1009 4372 1462 4429 sollicitudinem
1489 4379 1737 4445 gerunt;
1763 4376 1845 4430 ita
1867 4375 2012 4432 illud
2120 4372 2307 4429 sancti
2339 4371 2609 4426 voluntas
2639 4369 2770 4441 pia;
2805 4371 2905 4426 sed
2936 4377 3192 4443 Operata
3219 4377 3311 4429 est
3337 4366 3473 4442 quod
3495 4363 3711 4436 οροτὶετθ

368 4474 602 4530 quoque
634 4461 814 4517 divini
839 4462 1048 4533 judicii
1072 4467 1181 4534 est,
1214 4464 1366 4535 quod
1392 4463 1546 4519 Deus
1578 4462 1765 4520 malas
1796 4465 2012 4520 deserit
2120 4463 2358 4518 noverat
2388 4458 2584 4514 divina
2610 4457 2860 4529 iustitia.

365 4548 714 4617 voluntates,
747 4567 880 4607 cum
928 4557 1201 4624 parentes
1249 4553 1500 4609 ﬁliorum
1532 4553 1892 4626 corporalem
1925 4554 2006 4608 ita
2039 4621 2069 4626 _
2187 4551 2277 4605 27.
2302 4548 2448 4604 Illud
2465 4547 2637 4602 etiam
2658 4546 2860 4619 siquis
2880 4546 2972 4618 pia
2995 4554 3204 4605 mente
3224 4544 3712 4626 consideretmonne

365 4636 614 4691 salutem
635 4621 2006 4716 diligunt,utanimarumineisnegligantsospi-
2034 4621 2082 4685 Π
2114 4641 2267 4696 sicut
2297 4637 2507 4694 divinae
2539 4636 2958 4692 misericordias
3009 4639 3314 4695 suavitate
3359 4633 3628 4692 mulcetur,
3654 4623 3713 4675 ill

361 4726 538 4777 tatem
568 4741 920 4798 ;curaque
942 4741 1153 4800 gerunt
1169 4739 1230 4785 ut
1249 4734 1512 4788 morituri
1537 4734 1750 4800 vivant,
1769 4750 1872 4789 nec
1889 4749 2005 4788 me-
2113 4728 2291 4784 divini
2310 4725 2514 4798 ,ἱυάίοίί
2538 4726 2939 4797 Pronumitate
2958 4725 3714 4788 tenebitur?N°°nunqmm

358 4813 533 4866 munt
564 4813 611 4868 εἰ
645 4813 747 4869 ﬁlii
781 4831 980 4871 eorum
1002 4835 1136 4873 cum
1163 4826 1322 4875 reatu
1351 4823 1723 4894 sempiternas
1755 4824 2000 4879 damna-
2112 4819 2267 4874 enim
2287 4821 2341 4872 et
2367 4813 2646 4888 parvulus
2663 4815 2936 4872 ﬁdelibus
2956 4820 3258 4883 nascitur,
3273 4805 3712 4880 etillis,sicutjam

356 4900 841 4958 tionisintereant
865 4922 877 4958 :
900 4907 996 4959 ubi
1023 4908 1338 4964 maximam
1363 4911 1596 4982 culpam
1622 4912 1999 4981 contrahunt,
2110 4906 2370 4962 diximus
2403 4922 2504 4977 pro
2546 4904 2948 4976 redemptione
2995 4905 3107 4960 ﬁlii
3148 4907 3244 4977 pia
3276 4905 3390 4961 ﬁde
3420 4900 3716 4963 caritateque

359 4994 417 5046 et
429 4992 819 5048 crudelissimi
837 4993 1139 5065 parricidas
1152 4997 1495 5066 spiritaliter
1507 5001 1998 5057 ﬁunt.Diabolicis
2109 4995 2540 5062 sollicitis,ante
2560 4993 2809 5049 moritur
2823 5011 2994 5065 quam
3021 5012 3202 5052 sacro
3219 4993 3564 5066 baptismate
3579 4982 3717 5040 dilua-

356 5080 509 5137 enim
543 5081 722 5138 lucris
757 5083 883 5156 ipso
916 5083 1214 5156 neglectus
1245 5087 1334 5140 sui
1370 5091 1599 5158 torpore
1631 5089 1906 5157 militant,
1940 5095 1998 5146 et
2108 5093 2220 5141 tur.
2259 5084 2410 5140 Alter
2433 5099 2566 5138 vero
2596 5083 2668 5138 de
2699 5082 3046 5139 inﬁdelibus
3079 5091 3291 5152 natus,
3323 5083 3490 5154 cujus
3515 5075 3712 5133 salutem

355 5171 651 5242 placentes
670 5172 818 5228 hosti
844 5173 1428 5247 nequissimo,regem
1447 5176 1662 5231 bonum
1683 5178 1994 5252 malisOpe-
2105 5180 2378 5248 parentes
2401 5189 2515 5229 non
2539 5171 2749 5228 saltem
2771 5173 2965 5245 tepide
2987 5174 3222 5240 volunt,
3250 5173 3352 5230 sed
3372 5167 3612 5252 omnino,
3632 5171 3715 5250 non

352 5262 515 5318 ribus
545 5265 911 5320 exacerbant.
947 5264 1131 5320 Deum
1163 5264 1363 5336 igitur,
1397 5265 1566 5336 cujus
1587 5269 1863 5323 universa!
1891 5251 1992 5325 ὺίω
2101 5263 2479 5333 volunt,idem
2499 5266 2694 5317 tamen
2710 5263 3291 5336 parvulussupernaa
3313 5251 3717 5333 dispensationis

349 5352 736 5409 misericordia
777 5361 828 5409 et
860 5358 1065 5410 veritas
1101 5353 1281 5424 (Paul.
1320 5372 1470 5421 xxxv,
1519 5358 1629 5426 10),
1680 5358 1833 5413 sicut

2212 5355 2325 5418 ine,
2359 5351 2697 5422 parentibus
2729 5357 2832 5405 aut
2860 5350 3153 5408 violenter
3185 5353 3477 5412 aufertur.
3495 5350 3587 5403 aut
3606 5341 3721 5395 furto

349 5442 563 5499 militer
609 5443 849 5500 laudare
898 5445 1179 5502 debemus
1221 5462 1354 5502 cum
1394 5446 1642 5518 gratiam
1681 5448 1877 5519 donat,
1904 5450 1988 5505 sic
2099 5426 3724 5514 subripitur,etadsanctumbaptismaquorumlibetﬁde-

349 5535 696 5604 nemojuste
722 5539 910 5606 potest
932 5552 1204 5592 accusare
1223 5553 1358 5593 cum
1381 5537 1646 5609 denegat.
1671 5538 1751 5592 Ea
1771 5539 1987 5612 quippe
2097 5535 2241 5589 lium
2277 5533 2368 5604 pia
2393 5529 2638 5586 caritate
2681 5528 3043 5600 perducitur,
3095 5536 3159 5586 et
3187 5548 3327 5588 mox
3356 5535 3422 5585 ut
3451 5523 3722 5598 baptizatus

349 5625 438 5672 est
459 5620 688 5678 bonitas
708 5624 836 5693 ejus
855 5628 1025 5694 atque
1040 5625 1291 5695 justitia,
1315 5631 1379 5682 ut
1398 5627 1651 5697 gratuita
1669 5627 1986 5686 miseratio.
2094 5621 2291 5690 fuerit,
2325 5620 2395 5677 de
2429 5619 2537 5675 hac
2569 5617 2684 5673 vita
2715 5617 2978 5675 discedit.
3000 5619 3065 5673 Si
3101 5620 3493 5691 parvulorum
3520 5614 3717 5669 istorum

423 5743 498 5812 (a)
539 5745 682 5803 Edd.
715 5752 775 5803 et
801 5763 914 5804 ms.
944 5765 1120 5823 unus,
1149 5762 1496 5826 praesulem.
