3848 6340
104 439 194 500 M9
948 437 1048 501 DE
1091 438 1489 500 VEBITATE
1531 431 2307 500 PREDESTINATIONIS
2353 439 2498 501 LIB.
2545 441 2620 502 ll.

3383 442 3505 505 650

110 574 250 630 larem
293 575 536 646 quippe
587 575 714 631 sive
772 572 1225 630 ecclesiasticam
1266 572 1339 644 (a)
1387 571 1731 643 dignitatern
1762 569 1818 634 Α
1856 585 2011 642 pere,
2047 588 2150 627 nec
2206 589 2386 630 novos
2417 573 2738 645 perniciose
2770 575 2924 632 intra
2953 575 3102 632 ovile
3133 576 3499 633 dominicum

118 673 317 736 possunt
349 672 411 720 et.
445 681 593 720 Vasa
638 662 1074 727 misericordia,
1114 670 1172 716 et
1205 678 1343 717 vasa
1374 660 1750 716 contumelia!

117 755 484 827 temporaliter
501 754 780 824 adipisci,
809 754 946 824 quia
965 753 1076 807 ista
1092 752 1264 807 bonis
1284 759 1424 805 sunt
1459 751 1752 822 malisque

117 845 440 909 communia;
480 846 540 899 in
577 860 751 900 cruce
769 835 967 898 autem
997 841 1229 897 Domini
1253 841 1390 897 Jesu
1410 839 1626 895 Christi
1655 857 1749 896 ve-

120 936 294 990 raciter
309 933 577 1005 gloriari,
601 933 903 1004 praprium
920 939 1294 986 estvasorum
1315 929 1749 996 misericordia,

121 1042 226 1097 quae
251 1024 596 1095 praeparavit
617 1023 770 1078 Deus
791 1024 845 1077 in
867 1021 1137 1092 gloriam,
1161 1038 1287 1092 quae
1305 1026 1362 1076 et
1384 1019 1606 1074 vocavit
1634 1035 1750 1074 non

120 1115 289 1169 solum
321 1131 391 1168 ex
419 1112 670 1177 Judaeis,
696 1112 795 1167 sed
825 1111 1000 1166 etiam
1035 1127 1104 1166 ex
1151 1110 1429 1180 gentibus
1460 1109 1637 1181 (Rom.
1670 1124 1748 1176 Ix,

111 1205 189 1267 23,
234 1204 344 1272 24).
401 1203 523 1256 Ista
572 1218 712 1256 vasa
761 1200 1043 1254 veraciter
1099 1199 1315 1254 Christi
1365 1214 1495 1253 esse
1545 1198 1752 1253 beatus

111 1291 307 1348 Paulus
329 1291 587 1354 intimat,
613 1290 848 1345 dicens:
876 1289 983 1357 Qui
1007 1294 1199 1342 autem
1226 1290 1352 1342 sunt
1377 1285 1604 1347 Christi.
1627 1301 1753 1340 car.

104 1397 218 1436 nam
245 1397 405 1434 suam
436 1379 840 1449 cruciﬁxerum
872 1395 995 1433 cum
1025 1378 1174 1433 vitiis
1203 1381 1259 1431 et
1297 1375 1753 1447 concupiscentiis

102 1469 293 1538 (Colat.
331 1487 384 1537 v,
420 1469 536 1536 24).

167 1579 249 1633 40.
285 1577 568 1648 Quisquis
601 1577 708 1631 hoc
740 1575 938 1631 divina
969 1574 1346 1630 illuminatus
1379 1573 1753 1628 miseratione

100 1665 794 1732 consideratmullatenus
813 1662 1757 1736 audebitquoslibetlaicos.quan—

94 1763 391 1828 tacunque
422 1756 687 1811 saeculari
725 1753 995 1826 praeditos
1023 1755 1331 1824 dignitate,
1373 1752 1577 1807 mundi
1613 1767 1754 1806 con-

94 1852 201 1900 tem
215 1847 483 1916 ptoribus
507 1845 734 1900 clericis
757 1861 822 1898 ac
858 1843 1162 1898 monachis
1181 1847 1389 1898 sancte
1421 1841 1754 1896 viventibus

1861 660 2091 716 latitare
2108 663 2557 737 ;quis,inquam,
2573 663 2718 720 istos
2735 670 3054 736 negetvasa
3073 665 3510 732 misericordia,

1863 765 1992 821 qua
2027 757 2174 805 Deus
2211 755 2556 822 praeparavit.
2583 754 2642 808 in
2673 754 2917 825 gloriam
2945 754 2971 810 ?
3016 754 3126 810 Sed
3157 755 3290 826 quis
3324 772 3510 828 usque

1863 838 2005 894 adeo
2037 840 2188 895 419
2213 840 2418 896 divinae
2441 842 2571 898 fidei
2591 854 2643 898 et
2668 843 2935 899 caritatis
2960 844 3260 911 inimicus,
3287 855 3346 899 ut
3370 844 3508 900 Pau-

1863 925 2007 994 lum,
2041 931 2376 995 Antonium,
2407 930 2716 1000 Joannem,
2751 932 3131 998 Hilarionem,
3165 933 3507 1001 Macarium,

1861 1017 2126 1092 aliosque
2139 1019 2352 1074 similis
2368 1021 2498 1075 vita:
2516 1037 2582 1076 ac
2596 1020 2926 1076 sanctitatis
2942 1023 3280 1088 monachos,
3304 1023 3358 1077 in
3375 1027 3504 1095 qui-

1863 1107 1975 1163 bus
2007 1115 2065 1162 et
2096 1114 2259 1163 rectas
2291 1109 2427 1164 fidei
2461 1111 2678 1165 veritas
2710 1114 2767 1166 et
2797 1117 3010 1166 sancte
3049 1111 3505 1168 conversationis

1863 1195 2094 1251 refulsit
2125 1197 2450 1270 integritas,
2474 1215 2612 1254 vasa
2625 1200 2997 1256 contumeliae
3019 1217 3132 1257 non
3159 1207 3505 1274 metuatap-

1864 1283 2129 1356 pellam?
2157 1288 2326 1342 Absit
2357 1288 2430 1343 ab
2461 1287 2737 1344 omnibus
2788 1288 3138 1347 Christianis
3172 1296 3234 1347 ut
3267 1290 3404 1348 talia
3437 1291 3509 1348 de

1863 1373 2031 1430 bonis
2063 1375 2248 1432 servis
2278 1375 2380 1432 Dei
2412 1377 2673 1434 credant.

1935 1489 2067 1546 CAP.
2102 1508 2262 1547 χχιιι.
2297 1521 2364 1534 -
2391 1493 2479 1548 43.
2527 1493 2824 1566 Quotquot
2869 1495 3080 1564 spiritu
3108 1495 3201 1551 Dei
3233 1501 3510 1567 aguntur,

1864 1578 1984 1634 haec
2015 1579 2352 1652 indigna(b)
2374 1599 2485 1636 non
2519 1582 2710 1638 solum
2736 1584 2806 1638 de
2833 1583 3138 1639 monachis
3167 1585 3265 1656 qui
3289 1585 3515 1656 seipsos

1862 1674 2268 1723 castraverunt
2303 1687 2400 1737 pro
2414 1676 2542 1741 pter
2572 1687 2814 1743 regnum
2841 1672 3145 1740 cmlorum,
3167 1674 3268 1728 sed
3305 1691 3408 1729 nec
3438 1673 3511 1729 de

1865 1755 2032 1812 laicis
2050 1759 2380 1828 conjugatis
2407 1766 2558 1814 recte
2581 1761 2965 1816 crudentibus
2991 1767 3259 1833 recteque
3280 1766 3516 1817 viventi-

1866 1847 1976 1901 bus
1998 1847 2398 1917 suspicantur.
2426 1848 2698 1905 Diversus
2727 1852 3071 1922 estquidem
3096 1853 3340 1907 seminis
3363 1853 3513 1920 ‘_t'ru-

95 1953 451 2007 praeponere,
474 1945 537 1990 ut
562 1933 692 1989 illos
717 1949 856 1989 vasa
879 1933 1252 1988 contumelias
1275 1930 1549 2004 appellet,
1575 1948 1608 1986 a
1633 1929 1757 2001 qui-
1787 1921 1832 1984 Β
1865 1943 2016 1999 ctus,
2049 1938 2233 2007 quod,
2267 1937 2526 1993 hominis
2549 1939 2666 1993 tilio
2689 1921 3039 2005 seminante,
3064 1945 3215 1994 terra
3248 1945 3395 1996 bona
3429 1942 3513 1996 fee

95 2025 205 2079 bus
229 2026 439 2080 divinae
455 2024 653 2096 gratia:
668 2023 820 2079 dono
837 2024 1123 2078 mundum
1143 2023 1336 2093 ipsum
1353 2026 1754 2092 contemptum

103 2113 250 2171 videt
282 2123 462 2186 atque
489 2116 807 2176 calcatum,
860 2121 917 2168 et
946 2112 1082 2169 illus
1116 2129 1219 2183 pro
1251 2112 1555 2184 temporali
1594 2117 1751 2182 pote-

114 2210 248 2260 state
270 2213 434 2278 putet
455 2222 584 2260 esse
598 2223 736 2259 vasa
754 2203 1351 2274 misericordim,quus
1375 2203 1755 2257 manifestum

114 2303 185 2350 est
209 2298 263 2350 in
293 2299 559 2352 culmine
581 2295 774 2352 saeculi
807 2296 1189 2361 constitutos,
1225 2293 1282 2349 id
1305 2302 1394 2349 est
1415 2292 1622 2347 mundi
1647 2292 1750 2346 hu-

111 2384 191 2451 jus
210 2385 520 2458 religiosos
549 2386 866 2457 principes,
891 2381 1611 2453 mundicontemptoribus
1640 2397 1752 2437 non

115 2474 287 2530 solum
323 2477 645 2544 episcopis,
681 2473 785 2530 sed
816 2473 992 2529 etiam
1030 2473 1356 2537 monachis,
1408 2470 1754 2526 Christiane

110 2564 399 2633 religionis
431 2565 703 2633 obtentu,
727 2564 956 2635 seipsos
979 2567 1260 2618 veraciter
1289 2567 1467 2634 atque
1488 2557 1755 2616 laudabi-

106 2651 232 2708 liter
262 2654 626 2710 subdidisse.

170 2761 254 2815 Η.
292 2761 518 2831 Ergone
565 2761 876 2832 quisquam
910 2759 1284 2815 Christianus
1318 2762 1512 2829 potest
1543 2758 1623 2812 ita
1652 2773 1754 2812 vas

105 2849 511 2905 misericordiae
529 2850 721 2904 dicere
746 2851 1160 2917 imperatorem
1187 2847 1666 2912 Constantinum,
1690 2853 1756 2900 ut

116 2954 230 2994 vasa
277 2939 654 2995 contumelia:
702 2939 1016 2994 Antonium
1075 2937 1328 3006 appellet
1357 2944 1413 2990 et
1463 2933 1754 2990 Paulum?

122 3024 297 3084 h'onne
316 3030 363 3083 si
390 3033 519 3100 ipse
550 3029 728 3082 beata:
759 3030 1052 3082 memorire
1092 3034 1394 3098 Augustus
1416 3023 1750 3082 Constanti-

125 3119 499 3173 nnshumanis
521 3119 694 3171 rebus
724 3117 1350 3178 hactenusinteresset,
1375 3122 1492 3168 tam
1523 3114 1749 3168 noxiam

123 3211 179 3261 sui
207 3207 474 3262 nominis
495 3205 728 3260 tandem
753 3204 904 3260 inter
927 3206 1215 3259 maximas
1237 3202 1622 3258 contumelias
1647 3198 1749 3257 ds-

1866 2028 2056 2081 cundo
2073 2044 2200 2082 sinu
2219 2027 2457 2096 suscipit
2479 2029 2882 2096 nutriendum;
2908 2047 3010 2085 nec
3024 2036 3216 2086 tamen
3232 2040 3513 2086 centenus

1861 2115 2045 2180 solus,
2069 2116 2166 2170 sed
2189 2123 2246 2171 et
2271 2133 2618 2185 sexagenus,
2642 2123 2700 2173 et
2729 2120 3008 2182 tricenas,
3035 2125 3098 2174 ut
3131 2121 3188 2174 in
3233 2120 3508 2174 horreum

1862 2212 2267 2275 congregetur,
2282 2207 2391 2260 l)eo
2408 2223 2561 2261 nunc
2576 2206 3252 2263 interiusincrementum
3272 2208 3518 2281 largien-

1861 2297 1920 2348 te
1939 2301 2216 2348 nutruur.
2232 2294 2377 2350 Dicit
2393 2295 2546 2348 enim
2567 2295 2718 2351 Deus
2732 2313 2830 2366 per
2847 2298 3212 2367 prophetam,
3235 2299 3514 2353 daturum

1864 2397 1928 2437 se
1957 2383 2340 2450 spadonibus,
2378 2383 2429 2436 id
2463 2391 2552 2438 est
2583 2385 2926 2454 virginibus,
2962 2385 3018 2439 in
3054 2386 3288 2440 civitate
3321 2403 3426 2440 sua
3459 2391 3518 2442 et

1868 2470 1923 2524 in
1949 2488 2119 2525 muro
2147 2488 2255 2526 suo
2276 2473 2845 2533 honorem.etlocum
2867 2472 3166 2528 meliorem
3187 2491 3360 2545 quam
3378 2474 3520 2530 {iliis

1861 2565 1921 2615 et
1955 2560 2185 2616 liliabus
2216 2560 2370 2632 (lani,
2403 2578 2512 2626 va,
2545 2561 2624 2633 5).
2649 2563 2756 2617 Sed
2783 2564 2983 2634 etipse
3015 2565 3070 2618 in
3098 2579 3206 2618 suo
3237 2563 3514 2630 Apostolo

1861 2647 2132 2720 loquens,
2156 2650 2434 2705 honorem
2460 2667 2782 2722 congruum
2799 2653 3171 2708 continentiae
3194 2651 3436 2717 viduali,
3460 2657 3519 2708 et

1862 2738 2157 2808 coniugali
2179 2739 2780 2808 pudicitiabonitatis
2794 2741 3190 2811 suaelargitate
3203 2741 3514 2810 concessit,

1861 2826 2089 2880 dicente
2118 2827 2294 2882 Paulo
2320 2843 2333 2882 :
2374 2829 2570 2884 Viduas
2600 2829 2828 2894 honora,
2874 2845 2995 2901 (ινιτ
3027 2846 3152 2885 vere
3182 2830 3358 2886 vidua:
3384 2833 3514 2885 sunt

1861 2915 1904 2986 (Ι
1936 2915 2070 2971 Tim.
2105 2932 2156 2982 v,
2193 2917 2312 2986 m);
2346 2928 2398 2970 et
2447 2935 2652 2972 rursus
2687 2919 3053 2974 :Honorzibile
3082 2919 3420 2974 connubium
3450 2920 3509 2973 in

1861 3009 2140 3071 ommbus,
2171 3016 2222 3062 et
2250 3012 2402 3062 lorus
2432 3011 2828 3064 immaculata:
2871 3010 3050 3078 (Hebr.
3088 3027 3209 3067 xm.
3242 3011 3314 3080 4).
3350 3009 3510 3065 Hanc

1863 3098 2200 3165 Apostolus,
2225 3099 2323 3169 qui
2360 3102 2412 3153 in
2449 3115 2664 3168 magna
2689 3100 2864 3154 domo
2896 3099 3012 3154 alia
3041 3101 3186 3154 dicit
3217 3116 3346 3154 esse
3371 3115 3509 3153 vasa

1861 3185 1922 3241 in
1959 3186 2262 3254 bonarem,
2285 3189 2399 3242 alia
2428 3189 2483 3241 in
2521 3187 2962 3252 contumeliam,
3000 3188 3270 3242 bonnrari
3298 3188 3510 3242 viduas

118 3298 368 3360 putaret?
401 3299 520 3350 Aut
554 3296 786 3349 beatum
811 3293 1222 3364 imperatorem
1245 3291 1638 3348 Theodosium
1664 3291 1749 3346 sic

1936 3277 2325 3347 njugatosque
2367 3277 2723 3342 praeciperet,
2770 3277 2816 3330 si
2859 3293 2958 3332 eos
3005 3277 3156 3331 inter
3203 3293 3342 3332 vasa
3371 3292 3508 3331 con-

119 3392 276 3455 potest
290 3387 606 3455 quisquam
618 3401 717 3438 vas
733 3383 1144 3438 misericordiae
1160 3383 1350 3438 dicere
1366 3390 1749 3452 praeparatum

117 3470 150 3526 in
163 3453 418 3544 gloriam
435 3520 444 3530 .
465 3486 517 3526 ut
537 3472 824 3526 Joannem
841 3471 1155 3526 Thebanum
1176 3471 1530 3525 monachum
1549 3469 1748 3524 avasis

118 3559 513 3615 misericordia:
537 3564 880 3630 δρψ-μεθιεῖ
900 3575 1000 3613 vas
1018 3559 1074 3610 in
1094 3557 1508 3612 coatumeliam
1531 3558 1745 3611 factum

111 3660 402 3713 perversos
418 3649 702 3702 affirmet:
721 3664 853 3701 cum
875 3649 998 3716 ipse
1014 3644 1750 3717 gloriosissimus'l‘heodo-

112 3741 213 3794 eius
234 3740 586 3808 imperator,
607 3738 696 3792 eui
726 3737 877 3791 Deus
900 3737 1031 3790 ﬁdei
1056 3737 1284 3801 merito,
1307 3753 1481 3806 quam
1499 3736 1622 3806 ipse
1645 3733 1748 3790 do-

115 3837 357 3894 naverat,
393 3828 570 3881 etiam
624 3827 942 3881 indomitas
972 3826 1237 3880 subdidit
1267 3831 1492 3896 gentes,
1521 3832 1744 3878 tantam

114 3913 286 3971 dicato
299 3922 663 3971 rmcmorato
676 3916 727 3967 vi
740 3933 799 3968 ro
816 3914 913 3968 Ι)εεί
935 3914 1434 3970 honorificentiam
1453 3914 1746 3980 detulisse,

115 4015 153 4058 ut
175 4008 524 4060 nullatenus
546 4004 777 4060 illorum
804 4004 1394 4074 praesumeretsubire
1416 4001 1746 4068 conﬂictus,

115 4097 447 4164 priusquam
479 4095 685 4148 luisset
709 4095 1043 4164 prophetica
1070 4093 1228 4147 illius
1253 4092 1631 4162 responsione
1652 4090 1747 4144 lir-

115 4183 550 4252 matusﬂ‘lrgoae
567 4190 683 4236 tant
700 4199 794 4236 um
812 4183 996 4236 virum
1016 4181 1491 4252 religiosissimus
1507 4183 1752 4247 impera-

113 4273 178 4324 tor
193 4289 297 4326 vas
327 4271 705 4328 contumeliae
727 4272 904 4326 fuisse.
925 4272 1218 4338 credebat,
1239 4271 1294 4325 in
1317 4287 1432 4341 qun
1464 4271 1544 4324 sic
1571 4276 1746 4324 Deum

115 4357 522 4432 humiliterque
537 4362 891 4420 consuleret.
907 4369 965 4415 et
984 4377 1085 4432 per
1101 4377 1274 4431 quem
1296 4362 1404 4414 sibi
1424 4365 1601 4414 Deum
1622 4375 1752 4414 vera

116 4453 553 4522 respondentem
587 4451 715 4522 ipso
742 4467 932 4504 rerum
957 4450 1164 4506 etl'ectu
1196 4454 1451 4504 testante
1481 4451 1748 4520 protinus

115 4544 438 4609 agnovisset
465 4539 492 4594 ‘I

1862 3365 2118 3419 tumelias
2155 3364 2510 3434 deputaret?
2557 3363 2707 3418 Vasa
2745 3363 2982 3436 quidem
3033 3382 3162 3420 esse
3211 3366 3267 3419 in
3320 3365 3504 3420 hono-

1864 3469 1983 3506 rem
2014 3469 2219 3506 omnes
2250 3453 2348 3522 qui
2391 3453 2606 3524 spretis
2640 3453 3016 3507 facultatibus
3069 3454 3122 3506 in
3175 3455 3288 3508 ﬁde
3318 3460 3375 3508 et
3413 3471 3508 3508 ca-

1859 3548 2031 3600 ritate
2063 3545 2420 3607 deserviunt,
2469 3545 2671 3599 nullus
2720 3546 2900 3600 audet
2949 3562 3161 3618 negare
3201 3546 3504 3602 ﬁdelium:

1857 3635 1957 3690 sed
2011 3635 2146 3706 quis
2197 3650 2337 3688 vasa
2403 3633 2770 3688 contumelias
2841 3633 3032 3690 dicere
3087 3635 3328 3690 audebit
3376 3635 3509 3691 illos

1857 3725 2075 3795 quibus
2124 3725 2192 3778 ad
2246 3725 2540 3777 dexteram
2591 3725 2932 3779 constitutis
2979 3725 3052 3779 ob
3106 3725 3212 3779 hoc
3256 3725 3504 3780 daturus

1855 3818 1945 3870 est
1968 3829 2211 3884 regnum
2246 3813 2527 3867 Dominus
2559 3815 2651 3882 (ο),
2677 3813 2814 3883 quia
2835 3831 2965 3868 eum
2995 3814 3050 3867 in
3086 3815 3212 3869 suis
3237 3813 3500 3870 minimis

1856 3903 2245 3958 essurientem
2268 3901 2684 3972 sitientemque
2716 3905 3356 3974 paverunt,vestierunt
3388 3920 3499 3958 nu-

1856 3992 2020 4057 dum,
2037 3998 2423 4061 susceperunt
2445 3991 2699 4061 hospitio
2721 3991 3505 4062 peregrinumyisitaverunt

1858 4080 2155 4133 infirmum
2190 4090 2238 4134 et
2275 4079 2332 4132 in
2390 4095 2622 4134 cari-ere
2673 4081 3058 4134 constitutum
3101 4081 3314 4150 (Matth.
3367 4096 3500 4146 xxv,

1857 4167 1996 4232 35)?
2028 4169 2167 4233 Quis
2195 4169 2339 4223 istos
2371 4185 2575 4223 omnes
2605 4170 2814 4222 audeat
2843 4170 3034 4223 dicere
3075 4186 3210 4223 vasa
3246 4171 3396 4223 facta
3443 4171 3504 4224 in

1858 4257 2462 4328 contumeliamquos
2484 4257 2608 4326 ipse
2625 4256 2846 4326 ﬁgulus
2865 4259 3047 4312 ituros
3067 4257 3123 4310 in
3145 4258 3321 4310 vitam
3338 4261 3508 4310 testa-

1860 4351 1958 4400 tur
1985 4354 2262 4400 reternam
2287 4344 2315 4399 ?

1930 4461 2016 4515 44.
2045 4464 2120 4515 An
2157 4463 2302 4516 forte
2326 4460 2423 4514 isti
2451 4459 2768 4514 monachos
2799 4463 2856 4514 ot
2876 4459 3056 4514 laicos
3095 4459 3296 4515 devote
3317 4458 3512 4514 Domi-

1860 4567 1935 4606 no
1966 4551 2025 4605 in
2057 4551 2182 4604 suis
2211 4550 2493 4621 gradibus
2525 4565 2590 4603 ac
2617 4549 3076 4620 professionibus
3107 4549 3422 4605 servientes
3446 4548 3508 4604 in

168 4646 257 4701 42.
278 4646 422 4709 Quis
449 4663 584 4700 vero
607 4652 777 4718 neget
800 4646 1001 4702 beatos
1017 4645 1324 4716 episcOpos
1347 4644 1748 4700 Innocentium
1781 4664 1827 4728 υ
1863 4639 1972 4694 hoc
2003 4644 2233 4693 tantum
2268 4637 2478 4692 saeculo
2527 4654 2681 4728 vasa,
2704 4654 2832 4728 esse
2877 4639 3249 4728 contumeliis
3281 4639 3507 4706 dicunt,

118 4732 857 4797 Romanum,Athanasium
881 4733 1750 4798 Alexandrinum,Eustachium

119 4825 557 4888 Antiochenam,
592 4823 932 4892 Gregorium
977 4824 1426 4889 Nazianzeuum,
1472 4823 1749 4878 Basiliam

125 4912 924 4982 Caesariensemmmbrosium
945 4912 1751 4977 Mediolanensemﬁilarium

129 4997 551 5068 Pictavieusem,
571 5003 1281 5073 Constantinnprilitanum
1299 5001 1608 5065 Joannem,
1636 5004 1752 5056 Au-

134 5092 315 5144 relium
335 5091 1282 5163 Carthaginensem,Augustinum
1302 5090 1752 5161 Hipponensem,

135 5185 465 5251 ceterosque
493 5181 930 5252 pontifices,qui
959 5180 1234 5234 Ecclesiae
1268 5179 1360 5234 Dei
1385 5178 1759 5250 vrgilantissi-

140 5280 216 5318 me
238 5274 649 5334 imber-nantes,
674 5276 780 5324 aut
798 5272 1176 5325 nascentibus
1198 5272 1435 5336 autjnm
1463 5269 1614 5322 natis
1639 5267 1758 5320 he-

143 5358 307 5412 reticis
326 5360 627 5414 habitante
644 5361 700 5413 in
722 5375 782 5413 se
807 5367 1006 5414 sancto
1026 5359 1240 5430 Spiritu
1270 5358 1628 5420 restitermit,
1655 5370 1758 5409 nec

145 5450 333 5504 veteres
359 5453 532 5521 lupos
562 5449 959 5505 ecclesiastico
989 5449 1148 5520 gregi
1185 5443 1757 5520 permittentesirre-

163 5610 268 5737 (.(a)
297 5613 402 5669 Ms.
439 5631 613 5680 unus,
664 5612 999 5670 Saceularem
1031 5613 1229 5683 quippe
1254 5611 1368 5666 sibi
1417 5615 1470 5665 et
1494 5607 1754 5665 ecclesia-

183 5701 330 5737 tcum.

141 5698 330 5739 mcum.

191 5759 259 5828 (ὑ)
288 5758 381 5814 Sic
415 5774 562 5815 mss.
595 5757 734 5814 duo.
768 5755 933 5824 Edd.,
968 5755 1086 5814 haec
1114 5755 1369 5824 indigne.

387 5875 654 5936 ΡΑτιωι..
700 5871 881 5937 LXV.

1864 4728 2002 4800 quia
2019 4744 2120 4783 eos
2165 4728 2315 4782 allici
2345 4725 2720 4782 contumeliis
2747 4727 3343 4798 tribulationibusque
3379 4745 3509 4799 per-

1863 4817 2122 4890 spiciunt
2143 4815 2171 4870 7
2199 4817 2306 4872 Sed
2343 4816 2486 4871 talia
2515 4817 2833 4872 sentientes
2863 4816 2966 4874 illa
2994 4818 3193 4873 statim
3229 4828 3514 4890 sequetur

1864 4909 2290 4970 absurditas,ut
2305 4906 2314 4958 i
2329 4922 2464 4977 psos
2481 4907 2756 4976 primitus
2772 4907 2972 4962 beatos
2989 4906 3308 4978 apostolos.
3323 4907 3518 4978 gregis

1863 4995 2086 5052 scilicet
2111 4995 2388 5050 dominici
2417 4995 2884 5067 gloriosissimos
2898 4997 3128 5065 arietes,
3146 4994 3524 5065 vigilantissi-

1865 5103 2109 5158 mosque
2129 5093 2412 5158 pastul‘o's.
2445 5105 2578 5141 νεεδ
2602 5088 2971 5142 contumeliae
2993 5087 3288 5156 appellare
3305 5102 3519 5156 cogan.

1861 5183 1973 5232 tur.
2009 5177 2165 5239 Quos
2197 5178 2351 5231 enim
2385 5177 2602 5231 certius
2638 5177 2696 5230 in
2733 5176 2949 5230 Christi
2975 5177 3148 5230 domo
3181 5178 3390 5228 lratres
3424 5173 3518 5228 isti

1865 5267 2391 5321 vasacontumelite
2405 5268 2728 5319 secundum
2747 5282 2914 5318 suam
2933 5265 3284 5318 sententiam
3303 5278 3524 5318 nuncu-

1870 5356 2115 5424 pabunt,
2150 5354 2260 5408 nisi
2296 5370 2444 5422 quos
2480 5370 2578 5422 pro
2613 5353 2846 5406 nomine
2878 5353 3091 5406 Christi
3115 5353 3413 5422 Scriptura
3435 5359 3520 5407 te-

1869 5450 2064 5499 stante
2083 5451 2254 5498 contu
2268 5442 2469 5497 melius
2492 5443 2868 5513 cognoverint
2889 5441 3198 5512 pertulisse
3217 5441 3244 5496 ?
3265 5443 3524 5498 Audiant

1943 5585 2117 5658 (c)Sic
2144 5603 2285 5640 mss.
2315 5585 2452 5638 duo.
2481 5586 2548 5638 At
2569 5582 2733 5648 editi,
2766 5585 2830 5640 ob
2859 5585 3216 5642 Iiocdicturus
3237 5589 3315 5642 est
3344 5585 3526 5642 Domi-

1871 5693 1977 5733 nus
2006 5677 2146 5746 quia
2175 5689 2301 5730 eum
2332 5678 2443 5728 etc.

3161 5868 3238 5931 81
