3894 6224
128 303 236 366 65Ἰ

988 307 1088 367 DE
1129 305 1524 367 VERITATE
1571 301 2355 371 PRIEDESTINATIONIS
2399 309 2547 371 LIB.
2596 309 2699 373 III.

3434 311 3554 374 658

126 434 410 506 cogitare?
437 434 601 491 Cum
637 437 836 509 utique
867 436 997 493 ideo
1027 439 1196 494 detur
1224 439 1418 511 ipsius
1451 437 1577 492 vitae
1613 454 1779 502 usus,
1815 441 1865 504 Α
1897 438 2113 509 arguit,
2141 440 2190 495 si
2218 458 2392 512 quem
2423 444 2477 496 in
2503 444 2845 499 hominibus
2866 442 3139 515 cognovit
3160 462 3438 508 errorem.
3465 449 3551 503 sic

131 524 269 581 utin
322 528 511 581 corde
548 526 795 581 viventis
846 529 1071 583 vivendi
1127 534 1454 600 perseveret
1504 527 1783 594 allectus;

132 617 271 673 488
300 623 361 671 et
394 618 456 670 in
493 634 568 671 eo
601 618 749 688 quod
775 619 1026 691 quisque
1048 621 1223 675 vitam
1255 636 1423 675 suam
1452 626 1630 685 amat,
1656 618 1785 673 vitae

128 707 383 763 subsidia
418 724 540 762 non
584 709 838 778 repellat.
880 710 959 764 Ab
992 712 1116 778 ipsa
1162 726 1299 781 ergo
1332 710 1450 764 vita
1501 709 1784 763 habemus

133 803 185 850 ut
214 798 279 852 de
310 802 476 851 statu
515 796 703 863 ipsius
735 800 863 853 vita;
886 799 1134 854 sollicite
1156 801 1506 871 cogitemus.
1532 798 1784 853 Proinde

129 886 300 959 gratia
332 904 522 957 quam
546 886 699 942 Deus
724 889 1245 959 praedestinavitﬁd
1266 894 1436 944 estex
1462 887 1783 943 aeternitate

126 977 235 1032 suis
268 976 559 1031 ﬁdelibus
594 979 941 1047 preparavit,
986 979 1090 1033 hoc
1129 980 1191 1032 in
1232 979 1401 1033 nobis
1433 978 1550 1047 agit
1596 993 1665 1031 ex
1714 993 1780 1031 eo

126 1066 261 1136 quod
294 1082 428 1119 eam
469 1066 835 1134 accepimus,
872 1072 934 1121 ut
957 1066 1014 1121 in
1039 1067 1203 1121 nobis
1230 1082 1357 1120 eam
1388 1063 1672 1120 custodiri
1700 1064 1782 1119 di-

129 1154 245 1209 vino
270 1171 529 1208 munere
558 1153 950 1225 postulemus,
977 1160 1034 1210 et
1056 1155 1164 1209 hoc
1192 1154 1245 1207 in
1277 1154 1552 1225 operibus
1574 1154 1782 1207 habea-

127 1245 435 1316 mus,quod
457 1244 599 1315 ipsa
621 1244 900 1316 largiente
926 1247 1323 1317 percepimus.
1353 1245 1413 1299 In
1436 1244 1555 1298 illis
1578 1250 1775 1298 autem

126 1341 461 1405 permanent
490 1334 689 1405 ipsius
721 1335 923 1406 gratiae
962 1337 1135 1398 dona,
1162 1337 1378 1406 quibus
1405 1340 1546 1387 sunt
1567 1333 1775 1387 divinae

125 1423 664 1494 praedestinationis
698 1440 938 1478 munere
974 1431 1315 1494 praeparata.
1352 1422 1476 1477 Non
1506 1438 1643 1493 ergo
1678 1421 1774 1475 di-

129 1518 356 1567 cendum
390 1519 509 1568 est:
542 1513 601 1568 Si
630 1514 1025 1583 praedestinati
1051 1531 1284 1581 sumus,
1308 1530 1412 1568 nec
1439 1511 1770 1583 vigilemus,

129 1617 217 1656 nec
246 1618 509 1657 oremus.
546 1602 675 1657 Imo
705 1618 839 1657 cum
868 1602 1182 1674 vigilamus
1205 1607 1262 1656 et
1285 1619 1543 1668 oramus,
1574 1601 1774 1672 gratiae

129 1691 208 1746 Dei
225 1692 510 1746 beneficia
526 1708 982 1763 cognoscamus;
1005 1708 1105 1746 nec
1123 1694 1480 1763 denegamus
1494 1697 1766 1745 aeternam

1898 528 2177 583 omnibus
2198 531 2537 587 hominibus
2554 535 2846 603 pradicari
2865 533 3045 588 voluit
3069 551 3245 606 quam
3266 536 3556 592 suisinse-

1898 618 2237 675 ruitlitteris
2260 622 2578 677 veritatem.
2613 622 2712 676 Ille
2729 623 2923 694 itaque
2938 623 3258 692 apostolica
3279 628 3555 681 mandata

1895 706 2022 762 sine
2052 708 2229 763 dubio
2263 708 2452 773 solvit,
2504 713 2601 783 qui
2639 709 2958 780 apostolica
2994 711 3152 766 dicta
3202 718 3303 766 aut
3339 730 3551 784 negare

1893 804 2349 869 autOppugnare
2363 801 3275 857 contendit.Pra3destinationem
3297 820 3547 875 namque

1894 886 2047 940 sicut
2078 892 2195 942 tam
2228 890 2475 943 fidenter
2494 906 2672 960 quam
2708 889 2988 944 veraciter
3008 892 3208 945 beatus
3240 893 3545 960 apostolus

1892 976 2244 1046 praedicavit,
2280 977 2358 1032 ita
2395 979 2561 1032 nobis
2596 978 3026 1049 praedicandam
3062 979 3312 1034 fidenter
3332 982 3546 1036 veraci-

1891 1070 2095 1135 terque
2127 1066 2443 1121 mandavit.
2478 1066 2591 1121 Nec
2624 1066 2772 1121 481
2810 1067 3011 1122 timuit
3038 1084 3108 1121 ne
3131 1068 3427 1124 videretur
3448 1087 3546 1142 ge-

1891 1156 2104 1220 nesim,
2140 1155 2227 1209 vel
2265 1158 2472 1223 fatum,
2497 1156 3120 1213 autconstellationem
3150 1158 3538 1216 introducere:

1889 1244 2043 1316 quod
2077 1245 2122 1299 si
2158 1244 2251 1300 isti
2279 1245 2487 1300 fratres
2506 1245 2761 1301 inaniter
2786 1251 3080 1310 metuunt,
3103 1246 3220 1301 illic
3242 1249 3541 1316 trepidan-

1886 1336 1975 1387 tes
2008 1336 2218 1388 timore
2253 1334 2347 1388 ubi
2388 1352 2498 1389 non
2532 1341 2623 1389 est
2658 1334 2834 1389 timur
2864 1335 3037 1405 (Psal.
3069 1352 3192 1403 xiii,
3223 1338 3301 1405 5,;
3326 1343 3383 1392 et
3404 1355 3537 1393 cum

1888 1424 2083 1494 impiis
2115 1424 2459 1494 reprehendi
2500 1425 2836 1489 formidant,
2870 1425 3048 1495 impie
3078 1426 3149 1480 de
3182 1425 3294 1481 Deo
3318 1428 3537 1483 sentire

1888 1531 2004 1569 non
2039 1514 2333 1568 dubitant.
2364 1514 2507 1578 Quis
2546 1514 2703 1569 enim
2754 1514 3014 1569 deterius
3065 1521 3257 1586 potest
3307 1517 3378 1571 de
3432 1519 3543 1572 Deo

1885 1609 2122 1669 aeterno,
2156 1601 2227 1658 de
2260 1602 2375 1657 Deo
2408 1620 2564 1672 vero,
2598 1602 2669 1658 de
2700 1603 2814 1657 Deo
2840 1604 2990 1658 bono
3018 1620 3084 1659 ac
3111 1604 3277 1659 beato
3300 1607 3541 1674 sentire,

1884 1708 2059 1766 quam
2095 1692 2191 1763 qui
2226 1707 2355 1746 eum
2394 1696 2568 1762 negat
2599 1707 2667 1745 ex
2690 1692 3011 1747 mternitaie
3033 1692 3183 1747 scire
3204 1695 3358 1765 quod
3383 1699 3536 1751 esset

126 1780 388 1834 bonorum
426 1780 687 1835 istorum
722 1779 1030 1847 originem,
1065 1796 1316 1850 quorum
1350 1780 1404 1833 in
1441 1778 1610 1833 nobis
1633 1777 1773 1831 divi-
1804 1810 1852 1875 Β
1886 1784 2144 1836 tacturus
2175 1781 2230 1833 in
2260 1786 2547 1851 tempore;
2582 1785 2685 1835 aut
2717 1779 3017 1835 fortuitum
3053 1782 3295 1836 ascribit
3320 1783 3536 1840 divmis

124 1886 241 1925 nam
272 1871 580 1925 cernimus
613 1869 965 1941 largitatem;
1000 1886 1249 1941 quorum
1286 1872 1370 1922 sic
1414 1884 1530 1922 non
1577 1872 1766 1939 potest

127 1974 231 2013 esse
261 1960 714 2031 praadestinatio
747 1958 946 2027 dubia,
976 1960 1129 2013 sicut
1160 1974 1362 2013 eorum
1395 1956 1766 2028 cognoscitur

131 2051 447 2120 pmparatio
483 2048 1125 2118 sempiterna.Propter
1157 2048 1307 2117 quod
1343 2046 1487 2102 dicit
1515 2048 1762 2114 Aposto-

136 2140 222 2193 lus:
248 2140 426 2209 Ipsius
456 2140 621 2193 enim
650 2154 841 2191 sumus
870 2139 1113 2207 factura,
1142 2140 1314 2191 creati
1344 2139 1403 2190 in
1435 2134 1645 2189 Christo
1673 2135 1764 2190 Je-

131 2243 178 2281 πι
200 2229 255 2281 in
280 2228 547 2297 operibus
586 2227 761 2288 bonis,
801 2241 926 2297 qua?
949 2229 1288 2296 praeparavit
1324 2227 1461 2281 Deus
1483 2234 1542 2279 ut
1560 2226 1623 2279 in
1647 2225 1765 2280 illis

131 2318 446 2372 ambulemus
478 2316 706 2389 (Ephes.
741 2332 808 2381 ιι,
846 2318 953 2387 10).

186 2406 306 2461 CAP.
338 2423 437 2461 νιι.
473 2437 549 2446 -
590 2406 676 2460 lt.
712 2404 879 2459 Absit
911 2408 1108 2460 autem
1143 2405 1363 2459 utdum
1388 2402 1763 2475 praedestina-

139 2495 201 2549 lio
228 2497 531 2563 asseritur,
571 2494 907 2565 evangelica
937 2500 991 2549 et
1011 2492 1330 2566 apostolica
1353 2494 1623 2547 mandata
1646 2491 1765 2547 sol-

134 2591 333 2641 vantur.
360 2586 509 2641 Cum
549 2585 760 2650 utique
784 2583 954 2637 Jesus
977 2586 1046 2637 ah
1070 2583 1235 2637 initio
1260 2585 1433 2637 sciret
1454 2585 1769 2651 quiessent

138 2673 401 2740 credituri,
435 2680 493 2728 et
528 2673 637 2746 qui
664 2689 799 2727 cum
826 2682 980 2728 esset
1005 2673 1328 2726 traditurus
1353 2672 1530 2738 (Jama.
1557 2670 1766 2741 v1.65),

140 2777 222 2816 nec
251 2763 381 2817 falsa
417 2763 687 2833 poluerit
732 2776 861 2816 esse
894 2762 1140 2816 scientia
1163 2762 1458 2817 Creatoris
1491 2776 1505 2815 :
1548 2765 1605 2814 et
1639 2759 1769 2815 ideo

141 2850 264 2904 sicut
291 2852 591 2920 praescivit
612 2850 952 2905 traditorem
970 2867 1169 2915 suum,
1186 2866 1290 2904 nec
1315 2849 1468 2903 alius
1491 2865 1623 2903 eum
1651 2855 1767 2902 tra-

142 2940 262 2994 didit
289 2942 395 2996 nisi
429 2943 530 2996 ille
570 2956 744 3011 quem
779 2939 906 3011 ipse
940 2939 1250 3011 prtescivit,
1284 2939 1366 2994 sic
1401 2939 1607 3010 utique
1634 2938 1765 2993 illos

138 3042 257 3098 quos
272 3029 708 3103 praeparatione
731 3046 839 3083 sua
860 3030 1161 3083 sciebatad
1185 3028 1357 3083 ﬁdem
1384 3027 1765 3098 praedestina-

137 3120 223 3182 tos,
269 3119 424 3191 ipsos
455 3124 707 3175 noverat
752 3120 825 3173 ab
875 3118 1043 3172 initio
1074 3119 1421 3174 credituros.
1456 3117 1758 3183 Quomodo
1789 3155 1817 3191 ί

139 3213 294 3263 autem
327 3211 660 3266 assertione
692 3208 1227 3280 predestinationis
1252 3208 1574 3279 apostolica
1600 3224 1760 3261 man-

143 3297 251 3354 data
277 3301 591 3369 solvimus,
625 3316 757 3354 cum
795 3317 907 3355 non
953 3299 1143 3354 solum
1195 3316 1295 3353 eos
1344 3298 1441 3370 qui
1495 3298 1761 3353 membra

142 3388 313 3445 Christi
344 3399 503 3459 sunt,
530 3393 641 3448 sed
667 3391 860 3462 ipsum
884 3407 1116 3462 quoque
1138 3390 1433 3445 Christum
1463 3389 1762 3459 praedesti-

148 3484 339 3552 natum,
371 3482 658 3555 Apostolo
684 3481 1055 3550 medicante,
1091 3481 1426 3534 noverimus
1448 3481 1473 3532 .9
1512 3484 1593 3534 De
1632 3481 1759 3549 ipso

147 3570 268 3626 enim
298 3576 494 3631 beatus
532 3573 768 3631 Paulus
798 3572 957 3627 dicit:
993 3570 1100 3641 Qui
1125 3575 1303 3641 [actus
1331 3570 1483 3626 estei
1502 3586 1573 3625 ea:
1590 3571 1757 3625 semi-

147 3675 199 3712 ne
222 3661 372 3719 David
401 3665 720 3733 secundum
751 3678 1008 3729 carnem;
1060 3663 1157 3732 qui
1204 3662 1634 3731 praadeslinatus
1683 3662 1762 3714 est

145 3747 285 3807 Filius
310 3756 475 3811 Deiin
495 3756 731 3817 virtute,
747 3754 1045 3808 secundum
1062 3753 1343 3822 Spiritum
1365 3751 1763 3819 sancti/iratio-

146 3837 211 3892 nis
238 3843 389 3898 iRom.
427 3862 468 3911 ι,
500 3846 587 3917 3).
612 3843 737 3898 Alio
769 3857 1003 3913 quoque
1035 3841 1159 3895 loco
1201 3841 1379 3896 dicit:
1414 3840 1760 3909 Sapientiam

149 3937 295 3983 autem
322 3934 612 4004 loquimur
644 3934 794 3986 inter
824 3932 1111 4001 perfectos:
1141 3930 1471 3999 sapientiam
1494 3942 1619 3983 vero
1648 3944 1758 3982 non

151 4013 274 4085 hujus
300 4024 501 4091 secuti,
536 4037 719 4095 neque
740 4019 1081 4092 principium
1104 4018 1269 4089 hujus
1298 4020 1508 4087 sarculi,
1541 4018 1636 4090 qui
1664 4018 1755 4073 de-

149 4112 415 4180 struantur;
447 4113 540 4168 sed
584 4110 866 4182 loquimur
898 4108 996 4164 Dei
1022 4110 1361 4178 sapientiam
1383 4107 1439 4162 in
1472 4110 1756 4180 mysterio,

152 4208 243 4262 quae
267 4200 584 4257 abscondita
617 4209 714 4263 est.
770 4214 940 4270 quam
981 4196 1400 4269 praedestinavit
1448 4197 1583 4251 Deus
1630 4202 1760 4251 ante

147 4287 306 4340 tacula
349 4292 407 4344 in
451 4289 700 4363 gloriam
731 4297 979 4342 nostram
1004 4288 1049 4348 (ι
1071 4286 1190 4341 Car.
1225 4303 1286 4350 ιι,
1318 4287 1372 4351 6,
1404 4286 1479 4352 7).
1514 4285 1753 4349 Quocir-

149 4382 215 4437 ca,
245 4375 372 4444 quid
399 4385 486 4432 est
520 4375 1057 4450 praedestinationis
1089 4381 1468 4427 assertionem
1489 4389 1755 4444 arguere,

151 4456 235 4511 nisi
255 4465 623 4532 apostolicam
640 4464 970 4517 doctrinam
1001 4462 1300 4517 mortifera
1319 4461 1396 4515 im
1411 4461 1621 4529 pietate
1643 4461 1759 4516 cul-

1881 1869 2159 1941 Operibus
2191 1885 2456 1935 cursum,
2490 1885 2712 1940 negans
2742 1874 3023 1923 internum
3054 1886 3290 1925 manere
3322 1871 3531 1928 futuris

1874 1975 1992 2013 suae
2041 1956 2474 2027 operationisin
2526 1956 3153 2012 illaincommutabilis
3178 1957 3274 2014 Dei
3300 1965 3524 2015 aeterna

1876 2046 2173 2102 voluntate
2205 2045 2547 2101 consilium?
2578 2045 2706 2100 Hinc
2732 2045 2888 2101 enim
2922 2047 3189 2117 assertio,
3223 2066 3351 2120 qua:
3388 2066 3519 2105 vere

1879 2137 2076 2191 divino
2107 2141 2195 2191 est
2222 2134 2464 2189 inimica
2493 2134 2759 2201 consilio,
2792 2135 2947 2191 sicut
2978 2137 3160 2191 bonas
3211 2138 3520 2194 hominum

1880 2225 2208 2281 voluntates
2236 2230 2294 2278 et
2327 2240 2497 2295 opera
2532 2224 2588 2278 in
2621 2230 2833 2279 interna
2864 2225 2963 2279 Dei
3014 2226 3526 2296 predestinatione

1877 2314 2076 2370 haberi
2111 2312 2469 2369 omnimodis
2504 2318 2693 2379 negat,
2724 2313 2805 2367 ita
2834 2315 2927 2369 Dei
2963 2315 3269 2370 scientiam
3303 2333 3372 2372 ex
3418 2319 3525 2372 bu-

1879 2404 2071 2458 manis
2086 2402 2487 2458 voluntatibus
2502 2407 2677 2472 atque
2692 2402 2918 2458 actibus
2936 2403 3186 2476 pendere
3199 2405 3528 2463 conﬁrmat.

1873 2494 1929 2547 Si
1962 2493 2118 2547 enim
2157 2494 2304 2546 Deus
2337 2494 2537 2546 omnia
2581 2493 2775 2546 tulura
2824 2509 2998 2563 opera
3048 2510 3156 2546 sua
3202 2510 3270 2548 ex
3314 2504 3530 2551 aeterno

1877 2582 2187 2653 praescivit,
2224 2580 2425 2651 procul
2457 2580 2637 2636 dubio
2670 2581 2875 2635 eadem
2907 2598 3085 2651 opera
3115 2599 3221 2636 sua
3256 2584 3418 2637 bonis
3442 2600 3536 2638 vo-

1876 2669 2123 2725 luntatis
2155 2687 2277 2724 suae
2313 2670 2614 2740 pr0posito
2646 2672 3017 2741 preparavit,
3064 2678 3120 2725 et
3171 2671 3328 2742 quod
3377 2680 3533 2728 esset

1872 2765 2245 2831 operaturus,
2270 2758 2773 2813 incommutabilis
2795 2759 3023 2814 consilii
3051 2760 3319 2814 firmitate
3338 2761 3534 2834 dispo-

1872 2850 2014 2905 suit:
2052 2865 2156 2903 nec
2188 2850 2358 2903 aliter
2392 2854 2581 2919 potest
2610 2848 2750 2905 ordo
2771 2848 3099 2904 divinorum
3130 2866 3369 2920 operum
3397 2868 3532 2906 cur-

1870 2955 2016 3007 rere,
2037 2955 2212 3011 quam
2236 2937 2534 2993 invenitur
2553 2937 2611 2992 in
2637 2939 2766 3006 ejus
2790 2939 3298 2993 incommutabilis
3326 2941 3523 3009 cogni-

1867 3028 2046 3082 tionis
2082 3027 2501 3098 praeparatione
2533 3032 2825 3081 constare.

1940 3115 2067 3172 CAP.
2105 3133 2163 3171 1x
2215 3145 2285 3156 —
2318 3116 2401 3170 13.
2437 3113 2735 3186 Quidquid
2766 3114 2825 3169 in
2856 3119 3119 3183 tempore
3152 3114 3524 3171 mutabiliter

1874 3205 2122 3279 geritur,
2155 3204 2264 3259 hoc
2292 3204 2350 3258 in
2384 3202 2694 3259 altitudine
2726 3202 3065 3257 divitiarum
3106 3203 3408 3274 sapientia;
3465 3209 3525 3260 et

1873 3295 2130 3351 scientiae
2156 3294 2253 3348 Dei
2276 3300 2399 3348 aster
2417 3309 2555 3347 num
2577 3291 3251 3362 atqueincommutabile
3276 3297 3520 3349 natura-

1869 3383 2002 3440 liter
2019 3382 2442 3453 invenitur,qui
2461 3381 2715 3435 scientia
2732 3397 2851 3435 sure
2868 3380 3231 3451 plenitudine
3250 3381 3525 3437 universa

1871 3474 2067 3528 futura
2098 3471 2389 3541 cognovit,
2422 3475 2479 3523 et
2509 3469 2821 3525 altitudine
2839 3469 3277 3541 sapientiaasua:
3301 3476 3525 3526 cuncta

1868 3578 2037 3633 opera
2061 3576 2187 3626 sua,
2214 3559 2556 3630 priusquam
2580 3557 3067 3621 fierent,mirabili
3089 3556 3294 3614 ordine
3313 3575 3528 3628 praepa-

1869 3650 2034 3706 ravit.
2049 3648 2321 3720 Alioquin
2342 3646 2891 3716 praecedetdivinam
2908 3647 3250 3717 sapientiam
3268 3647 3526 3706 humana
3562 3684 3567 3687 ς

1869 3738 2142 3810 cogitatio
2173 3747 2348 3809 atque
2376 3735 2659 3806 operatio,
2690 3735 2743 3790 si
2776 3750 2888 3789 non
2921 3750 3049 3789 eam
3081 3751 3149 3790 ex
3190 3737 3519 3793 aeternitate

1868 3825 2311 3898 comprehendit
2340 3824 2537 3881 divina
2565 3823 2818 3895 cognito.
2850 3822 3099 3879 Necesse
3126 3829 3215 3878 est
3240 3835 3434 3881 autem
3456 3831 3521 3882 ut

1869 3918 1915 3975 si
1950 3925 2101 3974 Deus
2133 3914 2634 3971 incommutabilis
2664 3919 2755 3969 est
2781 3918 2839 3969 et
2866 3920 3142 3976 aeternus.
3176 3917 3400 3987 sitejus
3424 3916 3518 3973 in—

1868 4008 2304 4066 commutabilis
2319 4013 2374 4061 et
2396 4013 2611 4063 aeterna
2628 4005 2904 4077 cognitio.
2931 4008 3402 4062 Incommutabili
3421 4026 3523 4065 au-

1868 4104 1982 4153 tem
2002 4106 2059 4154 et
2083 4103 2307 4153 aeternas
2327 4098 2582 4151 scientias
2607 4095 2754 4151 nihil
2774 4093 2987 4150 accidit
3012 4095 3360 4165 temporale.
3378 4098 3525 4160 Quo-

1869 4189 2025 4245 niam
2060 4188 2106 4243 si
2131 4187 2349 4259 aliquid
2372 4186 2421 4242 ei
2448 4191 2501 4241 in
2527 4192 2785 4256 tempore
2810 4183 3093 4239 accidisse
3116 4189 3517 4254 cognoscitur,

1867 4294 2104 4335 necesse
2136 4284 2224 4332 est
2254 4281 2318 4330 ut
2349 4275 2519 4331 initio
2552 4271 3045 4342 mutabilitatique
3076 4272 3385 4341 subdatur;
3413 4292 3517 4330 nec

1869 4377 2052 4441 potest
2077 4382 2206 4422 esse
2235 4366 2362 4420 sine
2394 4363 2562 4417 initio
2597 4368 2828 4428 natura,
2862 4361 3034 4430 cujus
3065 4360 3313 4415 scientia
3347 4364 3514 4420 initio

1869 4456 1926 4511 in
1938 4456 2305 4511 venituresse
2320 4449 2797 4521 subjecta.Ccepit
2811 4448 2965 4503 enim
2985 4466 3113 4504 esse
3126 4449 3227 4522 qui
3246 4467 3358 4505 non
3382 4453 3511 4523 fuit,

154 4528 645 4615 persicci-tissime
669 4556 884 4628 quippe
901 4554 1157 4608 divinam
1186 4528 1750 4621 praedestinationem
1787 4528 1833 4593 D
1863 4544 2209 4601 cuiscientia
2233 4541 2407 4611 ccepit
2423 4555 2551 4594 esse
2575 4555 2701 4609 quas
2734 4538 2938 4600 defuit;
2973 4555 3077 4594 nec
3099 4539 3296 4594 omnia
3320 4545 3513 4613 potest

156 4635 331 4697 Paulus
357 4655 405 4700 et
433 4647 744 4711 didicerat,
780 4649 837 4698 et
866 4644 1134 4708 docebat;
1157 4647 1213 4695 ct
1235 4657 1410 4712 quam
1437 4646 1670 4696 noverat
1695 4644 1752 4696 in

156 4728 329 4800 capite,
359 4751 465 4791 non
513 4734 847 4805 denegabat
896 4733 951 4787 in
1010 4747 1267 4802 corpore.
1323 4732 1552 4786 Sciebat
1598 4730 1753 4785 enim

157 4822 390 4878 aeternum
423 4832 597 4896 atque
623 4820 1168 4878 incommutabilem
1201 4824 1399 4881 Deum.
1435 4821 1753 4875 secundum

157 4908 386 4967 sternam
418 4920 593 4988 atque
616 4910 1156 4967 incommutabilem
1180 4908 1537 4963 voluntatem
1563 4926 1755 4976 suam,

160 5002 318 5055 Omnia
356 5008 620 5072 praeisse
671 5020 797 5074 qua:
849 5020 882 5057 a
932 5016 994 5056 se
1041 4999 1305 5056 facienda
1348 4999 1653 5069 disposuit,
1701 5004 1757 5057 et

159 5089 317 5143 0mnia
336 5096 778 5163 praedestinasse
810 5109 934 5164 quas
957 5107 1020 5146 se
1042 5091 1098 5144 in
1124 5088 1344 5145 sanctis
1366 5090 1492 5144 suis
1524 5090 1755 5145 miscri-

163 5177 371 5235 corditer
393 5199 454 5239 ac
478 5187 638 5255 juste
672 5184 957 5238 facturum
996 5195 1127 5235 esse
1161 5178 1467 5249 praeecivit.

214 5265 319 5321 CAP.
344 5287 458 5329 vm.
487 5304 555 5314 -—
590 5273 675 5329 12.
703 5270 980 5342 Quisquis
1011 5285 1148 5339 ergo
1171 5284 1754 5323 panoss'nm'nousu

165 5361 331 5426 non,
359 5360 424 5415 de
453 5360 786 5435 apostolicis
816 5376 941 5413 eam
971 5357 1132 5430 prius
1157 5356 1430 5428 Epistolis
1453 5356 1662 5425 deleat;
1688 5375 1754 5414 ac

168 5436 337 5501 deinde
366 5467 490 5506 cum
522 5449 841 5508 ostenderit
862 5450 1149 5520 justease
1180 5446 1597 5517 reprehensum
1622 5464 1754 5519 apo-

165 5528 340 5590 stolam
371 5537 626 5609 Paulum,
656 5547 795 5595 tunc
845 5555 905 5594 se
957 5535 1295 5591 hominibus
1348 5534 1755 5592 indubitanter

169 5621 379 5681 Praebeat
394 5634 763 5688 audiendum.
782 5631 992 5683 Beatus
1006 5630 1309 5697 apostolus
1322 5625 1541 5680 Paulus
1564 5624 1753 5681 noluit

172 5702 296 5765 δίίθνὶ
322 5722 463 5786 quod
495 5722 676 5780 voluit
704 5717 904 5783 scribi;
936 5717 1035 5771 sed
1062 5716 1214 5771 sicut
1246 5713 1301 5767 in
1331 5713 1604 5784 Epistolis
1627 5712 1751 5769 suis

1863 4636 2041 4692 simul
2057 4633 2309 4687 scientia
2326 4628 2691 4700 plenitudine
2713 4629 3035 4694 continere,
3056 4629 3153 4701 qui
3181 4632 3370 4699 potuit.
3400 4632 3511 4689 an-

1864 4727 2002 4798 quid
2023 4722 2339 4793 aliquando
2372 4719 2616 4774 nescire.
2649 4718 2891 4790 Semper
2906 4734 3044 4791 ergo
3068 4720 3370 4776 mutabilis
3399 4722 3511 4778 t‘uit

1865 4816 1963 4886 qui
1983 4811 2346 4884 plenitudine
2362 4807 2713 4880 cognitionis
2731 4808 2934 4880 indigu
2947 4808 3121 4875 it;nec
3138 4810 3267 4880 ejus
3281 4828 3340 4865 sa
3352 4811 3506 4882 pien-

1866 4906 1949 4962 tia
1977 4904 2199 4973 attingit
2227 4902 2336 4972 ﬁne
2364 4917 2401 4953 α
2430 4914 2600 4969 usque
2629 4898 2703 4952 ad
2728 4897 2891 4967 ﬁnem
2921 4898 3220 4968 for!iter,e¢
3269 4900 3511 4970 disponit

1865 4992 2050 5050 omnia
2074 4992 2316 5049 suaviter
2344 4988 2491 5061 (Sap.
2527 5004 2647 5055 vm,
2681 4989 2755 5056 1);
2789 5003 2893 5042 nec
2914 4986 3140 5055 attingit
3158 4987 3361 5057 ubique
3378 5005 3509 5058 pro-

1864 5090 1988 5156 pler
2015 5082 2349 5139 munditiam
2378 5096 2535 5135 suam
2564 5078 2715 5148 (Sap.
2749 5093 2850 5140 vn,
2880 5077 2992 5146 24),
3024 5078 3073 5131 si
3107 5077 3190 5130 vel
3223 5093 3351 5131 eam
3402 5076 3511 5132 ali-

1866 5175 2000 5246 quid
2037 5171 2218 5228 futuri
2252 5171 2442 5241 operis
2471 5167 2664 5234 latuit,
2696 5164 2782 5219 vel
2812 5182 2925 5219 non
2959 5164 3164 5219 habuit
3195 5165 3251 5218 in
3293 5170 3510 5221 aeterna

1865 5261 2248 5333 dispositione
2270 5275 2333 5315 ac
2360 5254 2867 5329 praedestinatione
2889 5253 3045 5325 quod
3073 5253 3226 5319 facit;
3252 5270 3356 5308 nec
3383 5255 3514 5310 reti-

1864 5352 2266 5423 netinti-grum
2289 5341 3037 5404 sueeincommutabilitatis
3053 5341 3351 5409 statum,si
3367 5348 3512 5400 tem-

1863 5441 2162 5514 poralibus
2177 5437 2451 5509 operibus
2465 5451 2529 5489 si:
2544 5434 2589 5487 is
2602 5448 2719 5487 non
2738 5441 3041 5498 aeternum,
3070 5432 3167 5487 sed
3186 5432 3507 5501 temporale

1864 5536 2054 5604 potest
2083 5527 2361 5583 adhibere
2391 5522 2728 5580 consilium.

1934 5618 2391 5690 “Quapropter
2404 5614 2653 5670 scientes
2667 5610 2847 5667 Deum
2862 5608 3431 5681 incommutabilem,
3445 5617 3505 5670 et

1863 5722 2165 5779 aeternum,
2198 5712 2257 5761 et
2288 5706 2632 5779 perfectum,
2663 5705 2941 5758 creatum
2994 5703 3502 5775 omnipotentiae!-
