3848 6328
377 326 497 388 859

393 551 685 624 gnitorem
721 556 890 616 atque
908 547 1314 617 dispositorum
1333 553 1636 613 aeternum,
1660 545 2045 600 conﬁteamur

394 657 527 696 eum
545 655 719 710 Opera
734 655 842 692 sua
860 637 1477 692 otnniaexaaternitate
1503 635 1944 706 praeordinasse,
1975 646 2043 685 ex

393 730 712 786 eternitate
731 728 885 782 dona
907 744 1011 782 sua
1030 726 1326 795 etjudicia
1361 741 1738 797 praeparasse.
1760 723 1860 777 llle
1885 720 2040 793 enim

393 819 485 875 cui
523 817 802 890 prepheta
827 818 986 873 dicit:
1021 817 1220 884 Omnia
1250 821 1309 871 in
1337 819 1611 885 sapientia
1641 813 1824 880 fecisti
1863 811 2042 882 (Psat.

394 909 641 974 cui,24(,
660 909 717 962 in
732 908 929 962 eadem
947 907 1237 978 sapientia
1262 907 1318 961 in
1343 922 1516 977 quam
1541 905 1739 960 omnia
1763 903 2043 970 condidit,

397 1003 608 1053 cuncta
638 1014 764 1070 quae
797 1013 858 1054 se
890 997 1179 1051 facturum
1216 1001 1561 1069 cognoverat
1611 1010 1679 1048 ex
1727 991 2045 1058 aeternitate

399 1087 714 1157 disposuit,
733 1087 865 1157 quia
883 1085 1024 1140 nihil
1041 1102 1240 1140 eorum
1263 1101 1395 1156 quas
1412 1088 1672 1138 tacturus
1691 1079 2048 1150 lueratigno—

403 1175 570 1233 ravit.
604 1178 819 1230 Omnes
844 1191 979 1248 ergo
1009 1180 1143 1230 ante
1176 1173 1378 1229 mundi
1405 1172 1880 1228 constitutionem
1913 1187 2050 1240 pra:-

401 1265 750 1321 destinando
775 1264 932 1319 Deus
948 1263 1141 1335 elegit,
1162 1280 1309 1334 quos
1333 1263 1424 1317 hic
1449 1263 1506 1316 in
1524 1275 1876 1334 quacunque
1900 1259 2051 1331 posi-

403 1362 490 1411 tos
519 1361 709 1422 aetate,
742 1354 1006 1426 quolibet
1024 1360 1303 1425 tempore,
1330 1354 1655 1407 secundum
1685 1350 2046 1421 propositum

401 1450 566 1499 vocat
595 1451 773 1515 atque
795 1441 1103 1514 justiﬁcat:
1137 1441 1283 1512 ipsis
1313 1441 1465 1498 488
1499 1439 1673 1494 etiam
1709 1439 1886 1493 donat
1920 1455 2047 1509 per-

402 1533 817 1596 severantiam,
851 1537 905 1586 et
939 1533 1174 1600 eosdem
1209 1547 1415 1588 omnes
1449 1529 1713 1598 perducit
1745 1529 1816 1588 ad
1864 1527 2044 1590 vitam

400 1627 701 1677 aeternam.
722 1622 834 1688 Hos
857 1621 1009 1676 enim
1030 1637 1214 1676 omnes
1237 1620 1352 1675 vult
1373 1619 1546 1676 salvos
1560 1618 1703 1687 ﬁeri,
1727 1627 1777 1686 et
1801 1617 1871 1672 ad
1892 1616 2051 1690 agni-

403 1714 604 1766 tionem
630 1712 884 1768 veritatis
904 1713 1086 1766 venire
1109 1711 1154 1780 (1
1187 1710 1317 1764 Tim.
1352 1727 1413 1777 ιι,
1440 1710 1512 1779 4).
1539 1707 1829 1764 Voluntas
1853 1715 2046 1768 autem

404 1800 837 1870 Omnipotentis
867 1815 1104 1854 necesse
1126 1805 1215 1853 est
1250 1798 1305 1852 in
1328 1798 1605 1855 omnibus
1625 1795 2048 1868 impleatur.Fit

405 1890 840 1964 ergoquidquid
864 1890 960 1946 ille
983 1890 1227 1960 voluerit
1244 1889 1485 1960 ﬁeri,ruj
1499 1906 1564 1943 us
1579 1887 1708 1950 volu
1721 1888 1863 1941 ntati
1881 1903 2051 1954 nemo

408 1981 650 2050 resistit;
686 1997 791 2036 nec
822 1980 976 2050 enirn
1013 1985 1265 2052 potestas
1294 1978 1391 2034 Dei
1417 1978 1610 2050 minor
1638 1981 1726 2042 est
1757 1994 1926 2045 quam
1955 1994 2052 2032 vo-

406 2069 626 2136 luntas,
661 2076 717 2124 et
747 2069 875 2137 ideo
903 2069 1039 2124 nihil
1066 2068 1360 2126 invenitur
1382 2067 1526 2128 velle
1542 2067 1695 2138 quod
1734 2083 1844 2121 non
1870 2065 2052 2137 possit

405 2162 652 2218 efficere.
677 2163 949 2226 Quaedam
975 2162 1210 2233 quidem
1236 2160 1389 2220 Deus
1413 2159 1599 2214 facere
1637 2164 1914 2230 posset,et
1938 2173 2051 2212 non

407 2252 563 2317 facit;
599 2251 739 2304 nihil
775 2255 862 2305 est
894 2256 1088 2304 tamen
1113 2249 1270 2323 quod
1288 2251 1408 2303 fieri
1433 2247 1572 2309 velit
1599 2246 2053 2318 aliquando,neo

406 2341 579 2394 faciat
612 2356 625 2393 :
661 2338 862 2394 Omnia
883 2341 1037 2392 enim
1063 2353 1398 2410 quernaque
1419 2337 1872 2392 votuitDominus
1900 2335 2053 2404 lecti,

406 2429 466 2481 in
495 2427 623 2488 aeto
652 2435 701 2481 et
748 2426 809 2482 in
835 2436 1012 2493 terra,
1068 2426 1126 2482 in
1162 2427 1310 2484 mari
1339 2430 1391 2481 et
1439 2428 1497 2480 in
1543 2425 1797 2480 omnibus
1846 2424 2053 2495 abyssis

407 2517 576 2585 (Psat.
609 2531 833 2584 cxxxtv,
854 2517 928 2585 6).
964 2515 1212 2582 Proinde
1243 2520 1299 2570 et
1319 2512 1378 2568 in
1405 2513 1745 2569 hominibus
1773 2513 2052 2585 quoniam

408 2621 773 2677 quaecunque
791 2605 1141 2673 voluitt’ecit,
1160 2603 1812 2677 quoscunquevultﬁeri
1837 2606 2052 2671 salvos,

408 2693 563 2748 facit:
597 2701 656 2749 et
678 2693 954 2764 quoniam
978 2695 1105 2763 ipsa
1135 2693 1364 2761 Veritas
1386 2693 1664 2758 veraciter
1689 2695 1869 2754 dicit:
1891 2695 2056 2750 Nemo

411 2785 557 2839 venit
587 2783 656 2838 ad
685 2801 791 2851 me,
823 2783 940 2839 nisi
970 2785 1156 2849 Pater,
1183 2785 1280 2856 qui
1308 2785 1461 2852 misit
1476 2799 1581 2852 me,
1605 2786 1899 2839 attraxerit
1931 2800 2055 2839 eum

405 2872 1172 2946 (Joan.v1,44),illosomnes
1187 2873 1310 2940 facil
1329 2875 1400 2928 ad
1416 2872 1776 2944 agnitionem
1793 2873 2056 2929 veritatis

407 2963 778 3034 venire,quos
801 2964 925 3033 ipse
953 2963 1406 3018 misericorditer
1438 2962 1713 3034 dignatur
1739 2962 2054 3033 attrahere.

477 3057 608 3108 CAP.
645 3071 699 3108 ι.
733 3084 800 3094 —-
833 3053 917 3106 15.
957 3053 1087 3108 Ideo
1121 3057 1317 3118 autem
1352 3052 1547 3110 Omnes
1579 3053 1876 3118 dicuntur,
1920 3053 2057 3124 quia

403 3159 472 3199 ex
497 3142 656 3199 omni
690 3142 996 3198 hominum
1030 3158 1242 3215 genere
1271 3141 1651 3213 colliguntur,
1683 3159 1748 3198 ex
1781 3143 2056 3214 omnibus

401 3233 773 3304 gentibus,ex
797 3231 1074 3300 omnibus
1100 3231 1462 3299 nationibus,
1483 3247 1551 3287 ex
1572 3231 1847 3288 omnibus
1865 3231 2051 3287 domi-

407 3321 519 3389 nis,
551 3338 620 3378 ex
647 3321 924 3378 omnibus
953 3322 1159 3385 servis,
1183 3337 1250 3392 ex
1272 3321 1549 3378 omnibus
1583 3320 1915 3392 regibus.ex
1937 3337 2055 3384 om-

410 3409 587 3464 nibus
620 3409 924 3477 militibus,
947 3427 1015 3466 ex
1045 3411 1323 3466 omnibus
1347 3410 1758 3480 provinciia,ex
1777 3409 2053 3465 omnibus

415 3499 728 3570 linguis,e_x
743 3502 1020 3558 omnibus
1042 3503 1338 3566 natatibus,
1359 3518 1428 3556 ex
1444 3500 1723 3556 omnibus
1745 3501 2048 3572 gradibus.

415 3588 498 3642 Ita
525 3590 666 3643 salvi
694 3590 1058 3654 ﬁuntomnes
1073 3607 1221 3662 quos
1239 3591 1530 3646 vultDeus
1546 3589 1736 3646 salvos
1756 3590 2052 3661 fieri,quia

413 3694 579 3732 nemo
602 3678 884 3745 salvator,
905 3678 1012 3732 nisi
1033 3695 1208 3750 quem
1237 3677 1330 3740 ille
1353 3679 1597 3734 voluerit
1617 3681 1866 3750 gratuita
1882 3680 2052 3750 justi-

409 3767 677 3820 iicatione
707 3766 950 3827 salvere.
987 3765 1130 3822 Nam
1162 3783 1292 3838 cum
1321 3767 1587 3824 Salvator
1621 3775 1813 3832 noster
1839 3769 2049 3824 dixerit

406 3855 625 3922 (,ttutth.
653 3871 730 3920 xu,
761 3854 871 3924 27):
906 3860 1072 3912 .Vemo
1115 3855 1266 3912 novit
1295 3856 1507 3912 Filium
1528 3858 1640 3916 nisi
1661 3858 1844 3922 Pater,
1874 3873 2046 3930 neque

401 3941 626 3994 Patrem
657 3939 779 4012 quis
809 3944 960 3998 novit
988 3941 1104 3996 nisi
1134 3944 1328 4009 Filius,
1363 3949 1413 4000 et
1440 3948 1533 3999 cui
1579 3946 1817 4000 voluerit
1870 3946 2046 4001 Filius

394 4029 647 4092 revelare
670 4034 843 4103 (quod
873 4031 1071 4104 utique
1097 4034 1296 4088 dicens
1320 4035 1576 4088 ostendit
1602 4051 1662 4090 se
1684 4036 2041 4107 quibusdam

394 4121 636 4177 revelari
672 4122 837 4191 velle,
871 4125 1221 4194 quibusdam
1260 4125 1453 4196 nolle),
1486 4129 1714 4180 dicatur
1746 4129 2041 4197 quomodo

394 4210 584 4268 salvos
619 4212 740 4268 ﬁeri
774 4214 912 4268 velit
939 4213 1154 4284 quibus
1187 4219 1415 4268 Patrem
1449 4230 1626 4269 suum
1675 4224 1732 4271 et
1775 4215 2038 4286 seipsum

397 4300 654 4362 revelare.
683 4301 958 4364 noluerit?
991 4302 1336 4360 Ostenditur
1364 4303 1584 4376 quippe
1629 4303 1686 4359 in
1731 4304 2038 4377 Evangelio

394 4392 742 4461 quibusdam
775 4391 1572 4466 inlparabolisisiclocutusmt
1595 4394 1766 4462 verba
1788 4412 1895 4450 sua
1919 4411 2042 4451 vat.-

398 4496 852 4550 LETAUDIRI,NEC
871 4499 1077 4547 vnum
1102 4500 1393 4540 lNTELLlGl.
1418 4487 1579 4550 Quod
1605 4485 1725 4556 ipse
1755 4486 2038 4542 Dominus

1372 327 1440 385 S.
1485 320 1910 384 FULGENTII
1955 316 2316 396 EPISCQPI
2360 323 2804 390 RUSPENSIS

397 471 555 510 mum
583 456 1030 521 conditorem,et
1059 455 1320 512 omnium
1356 471 1484 528 quas
1519 455 1776 510 facturus
1800 453 1923 508 erat
1951 465 2049 506 co-
2079 453 2124 516 Α

3606 336 3698 398 660

2235 451 2317 505 16.
2344 451 2558 526 Nempe
2589 455 2831 534 apparet
2865 455 2945 512 ita
2965 458 3446 518 Dominumturbis
3467 462 3704 540 locutum,

2155 543 2218 593 ut
2249 546 2442 604 tamen
2476 544 2560 614 eis
2593 547 2755 620 regni
2787 549 3062 602 caelorum
3106 548 3273 610 nollet
3308 552 3505 622 aperire
3533 562 3710 626 myste-

2155 631 2329 686 rium.
2365 633 2525 698 Quod
2561 635 2761 707 utique
2795 636 3034 702 faciens,
3065 637 3190 692 ideo
3218 655 3319 694 sua
3343 640 3500 706 verba
3523 644 3710 700 nolebat

2154 716 2426 791 intelligi,
2458 723 2592 792 quia
2629 741 2690 778 se
2723 724 2778 778 in
2814 723 2912 779 illo
2944 727 3214 797 mysterio
3243 727 3453 782 nolebat
3495 733 3706 800 agnosci.

2153 805 2316 861 Illam
2335 810 2924 884 quippeagnitionem
2951 816 3202 888 mysterii
3226 817 3421 871 Christi
3447 834 3573 883 esse,
3595 826 3710 876 Pau-

2156 893 2249 950 lus
2270 903 2517 954 testator
2536 901 2838 973 apostolus
2857 904 3075 959 dicens:
3099 907 3346 961 Instrut‘ti
3366 909 3417 961 in
3439 911 3651 976 caritate,
3675 915 3713 966 et

2157 985 2212 1039 in
2246 1002 2429 1044 omnes
2448 989 2674 1045 divitias
2693 993 3060 1062 plenitudinis
3083 996 3394 1061 intellectus,
3416 997 3468 1051 in
3487 1005 3714 1067 agnitione

2155 1077 2412 1148 mysterii
2434 1077 2640 1135 Christi
2661 1082 2809 1148 Jesu,
2843 1085 2902 1136 in
2930 1099 3035 1155 quo
3062 1093 3185 1138 sunt
3213 1100 3390 1140 amnes
3415 1086 3630 1142 thesauri
3651 1105 3717 1142 sa-

2154 1167 2388 1234 pientiae
2417 1172 2467 1222 et
2495 1172 2743 1225 scientia
2773 1171 3080 1227 abseonditi
3107 1171 3330 1244 (Cotoss.
3361 1188 3423 1241 Il,
3448 1175 3496 1241 2,
3519 1175 3581 1246 3).
3610 1180 3719 1230 Nam

2157 1260 2214 1308 et
2245 1255 2302 1310 in
2337 1257 2451 1312 alio
2484 1256 2605 1313 loco
2639 1258 2878 1316 dicitur:
2913 1262 2976 1318 Ut
3009 1263 3144 1316 Deus
3172 1262 3377 1328 aperiat
3402 1265 3540 1320 nobis
3565 1264 3723 1320 ostium

2155 1347 2446 1409 sermonis,
2479 1347 2555 1403 ad
2586 1349 2910 1420 loquendum
2943 1351 3264 1424 mysterium
3305 1352 3498 1409 Christi
3537 1355 3723 1426 (Cotoss.

2157 1433 2323 1504 1v,3).
2347 1435 2890 1511 Fidelihusquoque
2913 1440 3254 1495 instantiam
3270 1443 3528 1499 orationis
3551 1461 3646 1498 sua
3667 1446 3728 1501 in-

2160 1519 2406 1578 sinuans
2435 1525 2534 1594 ait:
2569 1526 2688 1580 Non
2719 1543 2871 1582 cesso
2901 1531 3116 1598 gratias
3147 1546 3314 1600 agens
3333 1547 3424 1602 pro
3458 1533 3605 1598 vobis,
3642 1550 3727 1588 me~

2159 1616 2394 1668 moriam
2421 1617 2586 1680 vestri
2610 1619 2824 1686 faciens
2855 1619 2917 1673 in
2965 1621 3301 1675 orationibus
3349 1623 3492 1689 meis;
3535 1631 3586 1676 ut
3626 1623 3726 1677 Deus

2161 1705 2383 1758 Domini
2413 1708 2600 1760 nostri
2623 1708 2749 1763 Iesu
2779 1706 3009 1776 Christi,
3043 1713 3208 1764 Pater
3245 1712 3456 1782 gloriae,
3499 1711 3574 1766 det
3614 1715 3725 1767 vobis

2161 1795 2440 1863 Scriptum
2459 1794 2614 1876 489’
2631 1800 2915 1866 sapientia:
2929 1802 2978 1854 et
3004 1800 3351 1855 reuelationis
3371 1803 3426 1872 in
3447 1801 3724 1874 agnitionem

2164 1883 2281 1954 ejus
2313 1885 2537 1957 (Ephes.
2567 1903 2607 1949 ι,
2642 1888 2725 1953 16,
2762 1889 2872 1956 17).
2914 1889 2969 1943 si
3019 1905 3156 1962 ergo
3207 1890 3534 1960 generaliter
3571 1907 3725 1946 omnes

2167 1973 2433 2042 homines
2459 1975 2578 2030 vult
2600 1975 2755 2032 Deus
2777 1977 2968 2033 salvos
2993 1979 3138 2045 fieri,
3156 1987 3212 2034 et
3233 1981 3298 2034 ad
3327 1978 3636 2049 agnitionem
3653 1977 3728 2033 Ve-

2167 2062 2355 2118 ritatis
2374 2066 2586 2136 venire,
2613 2068 2754 2140 quid
2775 2074 2862 2123 est
2885 2070 3038 2142 quod
3073 2070 3200 2139 ipsa
3217 2069 3428 2126 Veritas
3444 2069 3726 2142 quibusdam

2166 2155 2508 2226 mysterium
2525 2174 2643 2212 suae
2658 2158 2975 2230 agnitionis
2993 2159 3281 2216 occultat?
3300 2161 3726 2232 Etutiquequibus

2165 2261 2326 2300 suam
2344 2246 2983 2318 denegatagnitionem,
2999 2251 3250 2321 denegat
3264 2255 3320 2306 et
3332 2250 3574 2306 salutem.
3588 2249 3634 2304 In
3652 2250 3728 2303 hoc

2164 2334 2317 2389 enim
2355 2334 2624 2390 homines
2655 2336 2795 2390 salvi
2823 2335 2992 2404 ﬁunt,
3015 2340 3071 2395 in
3103 2357 3220 2411 quo
3243 2341 3312 2398 ad
3333 2340 3639 2412 agnitionem
3657 2355 3727 2392 ve-

2166 2423 2356 2492 ritatis
2390 2427 2754 2498 perveniunt.
2790 2431 2866 2482 De
2905 2426 3139 2488 Christo
3190 2429 3401 2500 quippe
3444 2429 3628 2483 dictum
3667 2432 3728 2481 est

2165 2515 2305 2588 quia
2334 2513 2448 2585 ipse
2485 2516 2702 2570 salvum
2729 2518 2901 2586 [aciet
2927 2518 3198 2588 populum
3225 2535 3380 2578 suum
3406 2535 3437 2573 a
3455 2519 3649 2588 peccatis
3663 2531 3724 2570 eo-

2164 2620 2290 2658 rum
2321 2604 2554 2674 (Matth,
2587 2621 2627 2673 i,
2661 2605 2771 2676 21);
2797 2607 2868 2661 de
2897 2623 3013 2680 quo
3043 2608 3224 2664 etiam
3259 2609 3455 2664 beatus
3482 2611 3648 2664 Petrus
3672 2605 3728 2660 ait

2165 2709 2306 2765 quia
2334 2711 2447 2747 non
2477 2698 2556 2749 est
2578 2695 2736 2750 aliud
2766 2712 2960 2751 nomen
2983 2698 3085 2752 sub
3105 2699 3237 2770 ciete
3258 2698 3446 2758 datum
3463 2697 3724 2762 hominibus,

2165 2782 2225 2836 in
2256 2797 2365 2854 quo
2384 2792 2628 2856 oporteat
2653 2799 2749 2850 nos
2768 2784 2946 2840 salvos
2967 2785 3096 2854 ﬁeri
3121 2786 3259 2857 (Act.
3282 2804 3356 2854 ιν,
3380 2786 3473 2856 12).
3498 2783 3728 2850 Quomodo

2166 2887 2303 2942 ergo
2322 2878 2445 2926 erat
2467 2873 2740 2938 voluntas
2761 2872 2857 2936 Dei
2877 2875 2933 2930 in
2958 2874 3076 2932 illis
3101 2877 3416 2946 salvandis,
3440 2876 3623 2948 quibus
3635 2873 3729 2936 abs-

2167 2961 2528 3022 condebatur
2557 2963 2686 3034 ipsa
2716 2963 2970 3034 cognitio
3003 2965 3298 3022 veritatis?

2237 3052 2370 3108 CAP.
2405 3069 2482 3126 xi.
2512 3083 2580 3094 -—-
2616 3054 2699 3108 l7.
2727 3061 2813 3110 An
2845 3056 3253 3126 l'ortedicitur,
3275 3055 3456 3112 cordis
3475 3051 3729 3110 eorumdn-

2169 3141 2303 3196 ritia
2325 3141 2589 3208 faciente,
2623 3141 2980 3216 Salvatorem
3015 3151 3290 3206 nostrum
3329 3163 3439 3210 sua:
3481 3141 3727 3216 agnitionis

2168 3231 2388 3302 aperire
2421 3230 2680 3288 noluisse
2715 3233 3095 3305 mysterium?
3129 3235 3236 3292 Ubi
3289 3250 3566 3307 possemus
3605 3230 3728 3286 latins

2165 3320 2539 3391 respondere.
2565 3320 2674 3376 Sed
2705 3328 2769 3377 ut
2791 3323 2989 3395 aliquo
3014 3331 3261 3384 utamur
3283 3343 3380 3399 pro
3395 3321 3728 3382 servandabro-

2163 3413 2339 3468 vitate
2352 3429 2476 3468 com
2489 3413 3065 3486 pendio,quicunque
3078 3417 3112 3471 d
3125 3418 3214 3472 icu
3227 3423 3289 3472 nt
3304 3411 3731 3488 propterduritiam

2161 3505 2354 3566 cordis
2377 3521 2578 3566 eorum
2597 3505 2856 3570 noluisse
2897 3505 3088 3574 ipsam
3102 3505 3410 3562 Veritatem
3427 3501 3730 3574 suuagnitio-

2163 3593 2254 3667 nis
2289 3594 2628 3660 mysterium
2661 3593 2932 3666 revelare,
2965 3593 3203 3668 interim
3236 3596 3293 3652 in
3324 3597 3424 3650 hoc
3461 3593 3723 3657 agnoscant,

2158 3699 2932 3756 NONDEUNIVERSISPROBSUS
2956 3683 3724 3758 hominibusdici,qu.iaomnes

2159 3771 2425 3838 homines
2448 3773 2639 3842 salvos
2664 3773 2784 3844 vult
2811 3773 2961 3838 Deus
2983 3772 3138 3843 ﬁeri,
3161 3782 3220 3830 et
3242 3778 3313 3839 ad
3335 3774 3645 3856 agnitionem
3664 3783 3723 3819 ve-

2159 3861 2350 3920 ritatis
2382 3863 2596 3918 venire:
2629 3877 2763 3917 cum
2801 3861 2930 3922 illos
2960 3880 3114 3952 quos
3147 3864 3410 3936 Christus
3458 3857 3721 3949 doricordes

2155 3951 2412 4026 videbat,
2444 3950 2624 4016 nollet
2656 3951 2855 4022 utique
2887 3943 3140 4021 salvere,
3165 3953 3380 4026 quibus
3395 3943 3722 4022 propterduri-

2154 4038 2292 4094 tiam
2327 4041 2520 4108 cordis
2550 4056 2750 4095 eorum
2786 4039 3020 4112 nolebat
3054 4059 3182 4108 suae
3211 4041 3510 4128 agnitionis
3550 4034 3716 4105 aperire

2153 4132 2519 4198 mysterium.
2553 4132 2666 4186 Aut
2695 4147 2830 4201 ergo
2865 4137 3081 4204 negent
3108 4123 3290 4189 Deum
3314 4133 3449 4187 velle
3468 4143 3627 4184 omnes
3645 4123 3716 4176 bo-

2151 4219 2339 4274 mines
2361 4218 2554 4288 salvos
2585 4219 2729 4288 ﬁeri,
2761 4225 2819 4276 et
2868 4223 3234 4296 agnitionem
3277 4221 3511 4293 veritatis
3547 4213 3713 4274 venire.

2150 4308 2248 4378 qui
2264 4307 2619 4380 Salvaterem
2640 4315 2837 4387 nostra
2851 4327 2902 4382 m
2919 4311 3279 4386 quihusdam
3296 4309 3717 4384 cognitionemmy-

2148 4397 2307 4452 sterii
2343 4400 2504 4472 regni
2537 4399 2815 4456 cmlorum
2848 4399 2986 4470 dare
3019 4401 3287 4458 noluisse
3316 4399 3652 4472 cognoscunt;
3676 4395 3716 4442 εἴ

2152 4486 2488 4544 mendacem
2525 4489 2904 4559 pronuntient
2937 4491 3278 4561 apostolum
3314 4491 3555 4546 Paulum:
3584 4485 3662 4539 aut
3684 4479 3716 4532 Si

392 4567 1057 4640 indubitanteraperuit.
1081 4573 1579 4644 lnterrogantibus
1596 4555 1846 4646 namque
1865 4574 2032 4642 disci-
2065 4555 2115 4630 Β
2146 4577 2392 4646 apostoli
2411 4555 2632 4632 dictum
2661 4555 3070 4633 universaliter
3091 4582 3160 4634 ad
3189 4587 3425 4643 cunctos
3444 4573 3643 4633 omnino
3662 4585 3718 4621 τεο

392 4655 695 4723 pulis,hoec
709 4674 842 4738 eum
869 4660 1173 4717 Mattheus
1185 4662 1402 4717 dixisse
1417 4672 1854 4720 commemorat:
1881 4665 2033 4728 Vobis

387 4742 578 4798 datum
607 4749 685 4798 est
716 4762 868 4802 nosse
895 4752 1215 4818 mysterium
1244 4755 1401 4819 regni
1431 4755 1550 4818 Dei,
1585 4752 1700 4808 illis
1722 4758 1904 4809 autem
1927 4772 2033 4811 non

389 4835 462 4886 est
494 4831 683 4888 datum
716 4835 933 4910 (Matth.
966 4853 1091 4906 xui,
1128 4839 1236 4908 lt).
1272 4840 1499 4896 Marcus
1525 4859 1757 4914 quoque
1778 4861 1890 4898 non
1915 4844 2036 4901 dis-

388 4921 642 4980 similem
659 4923 976 4982 Salvatoris
992 4927 1427 4996 responsionem
1444 4930 1900 5004 insinuat,cujus
1915 4933 2036 4990 haec

391 5029 519 5068 esse
549 5013 726 5082 verba
760 5018 1024 5080 testatur:
1041 5015 1190 5080 Vobis
1216 5016 1403 5072 datum
1436 5024 1514 5073 est
1543 5022 1684 5077 seire
1713 5022 2035 5094 mysterium

389 5103 547 5170 regni
565 5103 682 5170 Dei;
699 5103 812 5168 illis
843 5107 1026 5168 autem
1046 5107 1142 5176 qui
1168 5108 1305 5175 [oris
1327 5110 1530 5172 suntin
1549 5110 1775 5178 parabat
1802 5130 1826 5164 s
1849 5115 2035 5169 omnia

386 5192 551 5259 ﬁunt:
585 5197 642 5247 ut
675 5191 915 5254 videntes
948 5191 1185 5263 videant,
1216 5198 1265 5249 et
1296 5211 1403 5252 non
1436 5195 1730 5264 i-ideant,et
1751 5199 2036 5258 audientes

385 5283 638 5352 audiant,
670 5289 722 5339 et
756 5299 860 5339 non
899 5286 1234 5354 intettigant;
1271 5303 1339 5338 ne
1371 5287 1586 5357 quando
1615 5293 2030 5358 convertantur,

382 5378 432 5425 et
461 5373 824 5440 dimittantur
868 5373 948 5429 eis
979 5379 1204 5441 peccata
1233 5375 1418 5446 (litare.
1455 5393 1527 5446 iv,
1565 5379 1648 5446 11,
1696 5381 1798 5450 12).
1851 5385 2032 5438 Lucas

383 5462 553 5515 etiam
571 5463 776 5516 eadem
801 5462 1113 5536 Dominum
1137 5467 1512 5536 respondisse
1534 5467 1909 5534 conﬁrmans,
1925 5471 2028 5526 ait:

384 5548 540 5603 Vobis
569 5549 760 5604 datum
791 5553 869 5604 est
898 5566 1054 5606 nosse
1083 5557 1410 5624 mysterium
1447 5558 1606 5627 regni
1651 5557 1770 5628 Dei,
1815 5562 2030 5618 caeteris

388 5646 574 5708 autem
590 5639 647 5692 in
663 5639 964 5706 parabolis,
987 5650 1045 5694 ut
1069 5641 1307 5698 videntes
1323 5661 1428 5700 non
1451 5647 1691 5718 videant,
1723 5658 1776 5704 et
1793 5649 2027 5704 audien-

389 5733 464 5782 te:
496 5737 602 5780 non
641 5724 961 5791 intelligant
991 5727 1143 5797 (Duc.
1173 5745 1300 5800 vui,
1338 5732 1444 5804 10).

2143 4666 2325 4720 fertur
2357 4664 2647 4733 homines,
2680 4671 2960 4738 cogentur
2983 4675 3224 4726 sanctos
3246 4666 3597 4742 evangelistas
3618 4676 3713 4731 PW‘

2147 4753 2416 4810 nuntiare
2441 4756 2771 4810 mendaces.
2787 4753 3089 4818 Quomodo
3105 4757 3252 4813 enin
3282 4754 3602 4828 quibusdam
3618 4750 3716 4802 dam

2146 4841 2334 4898 noluit
2361 4859 2532 4898 nosse
2564 4844 2906 4912 mysterium
2939 4845 3099 4918 regni
3125 4848 3421 4910 cmlorum,
3451 4842 3536 4914 qui
3564 4849 3715 4913 omnes

2146 4931 2416 4990 hormines
2456 4931 2649 4988 salvos
2678 4933 2802 4988 vult
2833 4933 2978 5006 fieri,
3011 4935 3080 4990 ad
3115 4935 3464 5004 agnitionem
3510 4925 3716 4984 veritatis

2145 5021 2367 5078 venire?
2398 5022 2881 5096 Quandoquidem
2898 5024 2945 5079 ei
2966 5041 3170 5082 omnes
3186 5026 3422 5082 omnino
3436 5013 3714 5086 vult,netuio

2144 5130 2276 5169 nem
2300 5113 2502 5186 utique
2521 5130 2632 5169 non
2649 5113 2794 5180 vult;
2817 5118 2875 5169 et
2895 5115 2944 5168 si
2963 5131 3169 5170 omnes
3191 5120 3316 5170 vult
3336 5116 3402 5172 ad
3424 5111 3709 5186 agnitionem

2142 5219 2310 5259 suam
2333 5207 2548 5267 venire,
2562 5203 2837 5260 omnibus
2851 5203 3023 5270 debet
3039 5205 3380 5276 mysterium
3397 5219 3508 5260 suae
3522 5196 3710 5273 agnitio-

2143 5292 2234 5349 nis
2248 5292 2691 5366 ostendere.Sed
2705 5292 3057 5365 quibusdam
3075 5295 3208 5366 ipsu
3221 5312 3270 5349 in
3283 5293 3712 5366 rnysteriumnosse

2143 5398 2255 5437 non
2287 5381 2467 5437 dedit.
2631 5369 2633 5372 i

2213 5473 2297 5528 18.
2333 5473 2510 5538 Quale
2545 5472 2653 5529 fuit
2684 5489 2819 5544 ergo
2850 5477 2905 5530 et
2926 5471 3068 5526 velle
3099 5471 3349 5545 salvere,
3381 5476 3434 5526 et
3461 5467 3593 5525 nolle
3623 5478 3710 5533 my'

2139 5562 2383 5618 sterium
2402 5563 2610 5618 solutis
2634 5562 2971 5622 ostendere?
2993 5560 3175 5630 Quale
3202 5562 3334 5629 fuit,
3354 5574 3552 5629 quaeso,
3573 5557 3611 5609 si
3631 5550 3710 5604 Ve:

2140 5657 2281 5712 ritas
2310 5654 2491 5709 voluit
2524 5662 2579 5710 ut
2616 5655 2684 5708 ad
2721 5653 3069 5726 agnitionem
3104 5656 3237 5723 ejus
3268 5668 3463 5718 omnes
3499 5645 3706 5716 homines

2138 5743 2422 5812 venirent,
2439 5747 2494 5798 et
2509 5744 2593 5800 eis
2617 5744 2805 5800 noluit
2825 5744 3134 5800 ostendere
3157 5735 3561 5817 quavenirent?
3577 5731 3707 5806 Quale
