3848 6346
940 332 1039 395 DE
1079 330 1480 395 VEBITATE
1522 327 2316 404 PREDESTINATIONIS
2359 344 2513 411 LIB.
2561 344 2668 407 III.

119 340 212 403 σοι
940 340 1039 395 DE
1081 340 1480 395 VEBITATE
1523 340 2316 404 PRJEDESTINATIONIS
2359 344 2513 410 LIB.
2561 344 2668 407 ῙΙΙ.
3397 349 3516 410 682

117 475 204 531 hoc
221 480 322 540 εει,
347 477 415 528 ιιι
444 472 723 542 θίεῐιθεθί
738 470 939 534 Vitam.
961 485 1108 539 (ιιιοθ
1131 469 1340 523 imm-ﬁt
1362 469 1430 522 δά
1470 468 1712 536 patriam
1744 475 1766 527 Ρ
1795 473 1843 534 Α
1879 495 1992 533 non
2017 495 2154 549 ergo
2173 480 2495 536 erantinter
2517 480 2646 538 illos
2659 479 2875 538 Omnes
2897 482 2999 553 qui
3023 498 3134 537 sua
3153 483 3514 554 quaerebant,

116 567 223 635 Ipsa
253 565 410 619 enim
463 562 549 618 ait
581 579 594 618 :
653 563 766 632 Ego
796 578 915 615 sum
947 566 1036 616 via
1104 559 1306 615 veri-ns
1331 569 1381 612 et
1405 562 1512 612 vita
1550 574 1563 610 :
1596 574 1743 612 neme

1939 588 2049 625 non
2081 587 2210 640 quae
2233 569 2366 624 Jesu
2385 571 2623 626 Christi.
2660 571 2772 626 Hos
2801 575 2983 628 bonos
3013 571 3070 626 in
3097 571 3212 627 line
3248 572 3512 639 Epistolas

115 654 319 710 mitad
352 654 577 708 Patrem
604 655 723 706 nisi
749 667 847 720 per
875 666 958 705 me
989 651 1163 719 (Joan.
1199 665 1312 709 inv.
1345 649 1417 716 6).
1453 647 1743 710 Quomodo

1919 679 1976 715 ne
2009 665 2245 716 sanctos
2276 661 2530 730 appellat
2563 685 2577 726 ς
2612 668 2665 716 et
2715 661 2868 718 sicut
2910 662 3040 718 illos
3076 661 3265 718 malos
3295 661 3512 718 Omnes

113 742 724 818 ergoillosvultvenire
747 742 815 794 ad
841 741 1195 806 agnitionem
1229 755 1389 793 suam
1419 736 1751 809 quibusde-

113 841 261 906 negst
281 833 646 905 agnitionem
671 847 840 886 suam
863 830 891 884 ‘I
910 830 1058 894 Quid
1085 837 1177 884 est
1198 829 1351 883 enim
1375 833 1524 882 nolse
1545 834 1749 899 myste'

112 924 240 979 rium
265 922 761 991 sureagnitionem
790 921 1119 980 ostendere,
1157 919 1269 972 nisi
1315 916 1463 970 nolle
1497 917 1750 971 salvare?

109 1015 212 1070 Non
233 1028 372 1082 ergo
421 1027 631 1065 omnes
677 1008 946 1064 homines
977 1010 1101 1061 vult
1132 1008 1324 1062 salvos
1359 1005 1501 1064 ﬁeri.
1531 1005 1628 1076 qui
1662 1011 1747 1066 vel

111 1102 445 1175 quibusdam
483 1115 581 1168 pro
600 1099 818 1152 duritia
839 1096 1032 1152 cordis
1055 1097 1145 1151 sui
1178 1096 1354 1149 noluit
1375 1094 1750 1165 sumagnitio—

122 1193 186 1248 nis
219 1192 448 1263 aperire
483 1187 847 1260 mysterium,
872 1187 1134 1257 sinequo
1170 1186 1368 1240 nullus
1403 1184 1742 1254 pervenitad

120 1283 358 1338 salutem.
395 1279 452 1335 Si
472 1277 510 1335 d
537 1275 848 1348 Apostolus
869 1275 1099 1331 mentiri
1122 1292 1233 1330 non
1263 1272 1570 1345 potuit.qui
1600 1272 1746 1326 dixit

117 1372 224 1444 quia
243 1385 440 1423 omnes
459 1367 708 1421 homines
719 1365 829 1420 vult
853 1365 1032 1420 salvos
1065 1365 1208 1432 ﬁeri,
1234 1373 1286 1416 et
1317 1361 1384 1417 ad
1407 1362 1744 1431 agnitionem

115 1460 331 1515 irritatis
392 1455 582 1511 venire
625 1455 670 1523 (1
701 1453 834 1508 Tim.
889 1471 952 1516 ιι,
986 1453 1062 1523 li}.
1097 1453 1203 1507 Sed
1243 1467 1347 1507 nec
1376 1449 1743 1519 evangelista:

113 1547 318 1603 mentiti
337 1545 605 1615 sunt,qui
622 1544 890 1598 dixerunt
910 1541 1100 1614 ipsum
1114 1542 1420 1596 Dominum
1438 1537 1743 1608 discipulis

109 1639 340 1703 dedisse,
374 1635 509 1692 aliis
562 1651 676 1689 non
735 1633 968 1688 dedisse
1005 1647 1175 1688 nosse
1205 1631 1543 1703 mysterium
1579 1627 1740 1697 regni

108 1728 464 1784 celorum.Et
488 1723 690 1795 utique
707 1722 828 1778 illis
850 1722 991 1794 quia
1011 1722 1150 1776 dare
1172 1723 1378 1781 voluit,
1398 1719 1595 1784 dedit;
1624 1716 1741 1771 illis

1855 752 2018 818 dicit,
2051 751 2130 804 ita
2159 757 2213 803 et
2245 751 2388 804 i~tos
2431 752 2612 805 bonos
2642 751 2857 807 Omnes
2902 751 3288 807 nihilominus
3322 752 3464 807 dicit
3497 794 3510 818 ,

1855 845 1939 896 sit
1967 841 2120 894 enim
2153 840 2448 894 :Siilutant
2472 856 2556 894 vos
2585 842 2774 896 sancti
2802 857 2986 898 omnes
3015 841 3256 912 (Philip.
3291 858 3367 906 iv,
3398 844 3509 908 22).

1857 931 1996 986 Ecce
2021 932 2079 984 in
2105 947 2218 983 una
2240 930 2560 1000 eademque
2583 930 2732 984 beati
2753 929 2996 1001 apostoli
3015 931 3272 1002 Epistola
3296 947 3518 1000 ponun-

1852 1025 1970 1085 tur,
1996 1026 2053 1074 et
2074 1035 2279 1073 omnes
2303 1019 2512 1084 sancti,
2534 1024 2592 1072 et
2615 1035 2818 1074 omnes
2845 1020 2942 1090 qui
2968 1035 3072 1074 sua
3092 1025 3508 1090 quaerunt,non

1852 1112 2135 1181 quaeJesu
2169 1105 2415 1170 Christi;
2465 1123 2598 1162 cum
2634 1107 2837 1180 utique
2869 1115 2925 1164 et
2953 1124 3157 1163 omnes
3189 1110 3286 1179 qui
3320 1108 3508 1164 sancti

1851 1202 2019 1252 erant
2050 1213 2159 1250 sua
2191 1211 2303 1251 non
2340 1202 2687 1266 qumrerent,
2719 1203 2775 1251 et
2805 1213 3010 1252 omnes
3041 1197 3140 1269 qui
3169 1214 3274 1252 sua
3298 1214 3510 1265 quaere-

1849 1287 1993 1340 bant
2026 1284 2209 1340 sancti
2242 1301 2352 1338 non
2387 1290 2606 1340 essent.
2645 1284 3024 1351 Accipientur
3051 1301 3187 1357 ergo
3210 1291 3267 1339 et
3302 1303 3507 1342 omnes

1849 1375 1944 1429 isti
1972 1379 2252 1428 etomnes
2278 1373 2386 1437 illi,
2423 1389 2536 1427 non
2568 1373 2830 1442 confuse,
2865 1375 2963 1428 sed
3001 1374 3310 1440 distincte;
3336 1381 3392 1430 et
3421 1376 3506 1430 sic

1852 1465 2082 1535 utrique
2097 1462 2316 1516 Omnes
2338 1463 2698 1528 dicantur,ut
2729 1479 2933 1517 omnes
2958 1462 3051 1516 isti
3078 1463 3150 1518 ab
3184 1462 3303 1517 illis
3324 1464 3509 1518 omni-

1850 1552 1982 1613 bus,
2014 1555 2072 1606 et
2103 1550 2184 1603 illi
2220 1567 2426 1605 omnes
2457 1551 2530 1604 ab
2564 1551 2658 1604 isti
2693 1551 2972 1607 omnibus
3033 1555 3189 1607 recto
3240 1553 3504 1608 veritatis

1848 1640 2052 1694 ordine
2082 1639 2518 1693 discernantur.

1918 1730 2010 1782 2t.
2047 1727 2202 1783 Idem
2239 1744 2450 1782 sensus
2480 1733 2569 1783 est
2597 1732 2733 1784 etin
2759 1728 3037 1786 omnibus
3057 1728 3333 1784 tribubus
3355 1745 3504 1799 quas

109 1825 284 1873 autem
308 1813 450 1886 quis
470 1813 609 1870 dare
627 1812 834 1878 noluit,
870 1827 982 1866 non
1006 1809 1199 1866 dedit:
1229 1817 1288 1864 et
1327 1809 1458 1879 quia
1485 1809 1579 1861 isti
1605 1823 1736 1878 pro-

1919 1835 2010 1873 308
2033 1817 2241 1872 semini
2274 1817 2509 1872 Abrahae
2534 1817 2957 1888 promisit,et‘in
2990 1834 3057 1873 eo
3075 1819 3504 1874 benedicendas

109 1912 290 1978 pterea
304 1904 468 1960 dedit
493 1909 559 1958 ut
579 1902 723 1957 salvi
750 1901 944 1956 tierent
973 1897 1446 1970 agnosciturillis
1470 1895 1597 1953 ideo
1632 1913 1745 1952 non

110 1995 324 2049 dedisse
345 2009 418 2048 ne
438 1993 659 2047 ﬁerent.
692 1991 841 2046 Istos
863 2004 1001 2061 ergo
1027 1987 1220 2044 salvos
1250 1987 1373 2041 fieri
1406 1985 1590 2041 voluit
1619 1985 1747 2056 qui-

110 2085 204 2139 lius
217 2087 746 2150 nossemysterium
763 2078 974 2135 salutis
988 2078 1147 2132 dedit
1166 2095 1179 2144 ;
1200 2076 1535 2132 illosauiem
1563 2075 1754 2130 noluit

111 2177 305 2243 quibus
336 2172 614 2229 salutaris
646 2169 906 2243 mysterii
941 2167 1204 2224 notitiam
1231 2168 1385 2230 490
1415 2167 1746 2238 denegavit.

113 2262 235 2318 Nam
265 2263 310 2319 si
334 2268 614 2332 utrosque
634 2259 826 2314 salvos
849 2258 970 2313 ﬂeri
993 2257 1567 2326 voluisset,utrisque
1594 2254 1753 2327 agni-

114 2352 308 2407 lienem
337 2349 615 2406 saluteris
647 2346 908 2420 mysterii
932 2345 1293 2402 contulisset.

166 2441 290 2498 Cie.
322 2456 426 2496 ιιι.
460 2469 524 2481 -——
561 2437 649 2494 i9.
679 2437 966 2502 Quoniam
999 2450 1137 2506 ergo
1171 2440 1420 2504 utraque
1451 2433 1750 2504 Scriptura

111 2542 343 2597 veraest,
361 2536 610 2598 utraque
633 2533 857 2588 sancta,
882 2531 1129 2596 utraque
1146 2521 1748 2592 divinitusinspirata,

109 2625 154 2674 et
180 2621 254 2674 ob
283 2619 394 2674 hoc
425 2625 677 2687 utraque
706 2613 1114 2670 venerabiliter
1146 2621 1232 2667 est
1261 2611 1628 2679 servanda,et
1659 2611 1746 2665 in-

111 2709 437 2764 dubitanter
462 2705 754 2760 audienda
768 2709 826 2759 et
853 2703 1216 2774 accipienda,
1251 2708 1659 2756 removeantur
1675 2703 1748 2756 ab

106 2799 363 2854 omnibus
393 2795 515 2852 illis
545 2811 751 2850 omnes
777 2793 875 2847 isti
910 2790 1130 2863 quibus
1157 2790 1424 2846 Christus
1451 2807 1564 2845 non
1589 2791 1748 2845 dedit

105 2904 260 2943 nosse
275 2886 620 2956 mysterium
641 2882 801 2953 regni
824 2882 1101 2936 cmlorum
1121 2901 1135 2949 ;
1155 2886 1213 2935 et
1233 2881 1406 2950 digne
1423 2879 1747 2945 iutelligan‘

101 2983 182 3030 tur
203 2977 284 3032 illi
316 2991 526 3031 omnes
580 2973 848 3027 homines
875 2987 1024 3043 quos
1054 2969 1179 3024 vult
1201 2969 1360 3024 Deus
1389 2969 1584 3024 salvos
1621 2965 1745 3024 fieri

98 3070 145 3120 et
171 3067 236 3120 ad
297 3064 663 3137 agnitionem
725 3059 989 3116 veritatis
1017 3061 1214 3114 venire
1245 3073 1258 3113 :
1293 3059 1432 3130 quia
1459 3074 1652 3113 revera
1685 3057 1742 3111 in

98 3153 200 3210 illis
219 3156 494 3210 voluntas
515 3149 797 3209 salvautis
817 3146 1404 3220 agnoscitur,quibus
1428 3163 1744 3212 agnoscen-

102 3244 172 3299 de
189 3245 450 3301 veritatis
485 3246 675 3314 gratia
695 3256 806 3295 non
832 3248 1093 3310 negatur.
1127 3238 1216 3292 Sic
1240 3236 1416 3302 Deus,
1450 3237 1591 3307 quia
1621 3253 1746 3292 om-

98 3331 176 3387 uis
193 3347 560 3406 quacunque
577 3329 756 3386 voluit
777 3327 933 3396 fecit,
958 3343 1126 3382 suam
1155 3325 1360 3397 implet
1382 3327 1438 3380 in
1462 3325 1740 3381 omnibus

97 3422 440 3484 voluntatem
471 3437 483 3476 :
509 3421 650 3492 quia
669 3418 949 3473 omnibus
972 3432 1122 3488 quos
1150 3415 1280 3470 vult
1300 3413 1492 3470 salvos
1515 3414 1661 3478 fieri,
1689 3425 1748 3475 et

95 3512 153 3565 ad
180 3512 546 3584 agnitionem
561 3508 824 3564 veritatis
838 3507 1056 3571 venire,
1088 3505 1270 3560 donat
1299 3505 1580 3558 salutaris
1599 3521 1748 3576 mys-

99 3603 240 3656 sterii
262 3607 484 3657 rectam
512 3614 647 3656 sum
673 3595 922 3652 caritate
944 3595 1360 3650 notitiam.Hos
1382 3610 1589 3650 omnes
1615 3595 1748 3652 bes-

96 3693 177 3744 tus
200 3690 404 3746 Petrus
419 3690 506 3744 sio
530 3685 939 3758 intelligendos
969 3685 1251 3750 ostendit,
1283 3689 1346 3739 ut
1374 3682 1506 3737 illos
1539 3682 1743 3741 Omnes

97 3776 635 3850 diceret,quosDeus
652 3790 859 3830 vocare
875 3771 1379 3845 diguatur.lpsius
1395 3773 1548 3832 enim
1565 3773 1741 3829 verba

98 3875 233 3930 sunt,
258 3870 328 3924 ad
351 3869 588 3924 Judaaos
619 3866 701 3919 ita
727 3863 1053 3937 loquentis:
1095 3864 1249 3919 Vobis
1269 3865 1419 3919 enim
1453 3873 1530 3918 est
1561 3878 1748 3935 repro_

99 3958 287 4022 missio,
321 3969 376 4014 et
393 3957 541 4028 ﬁliis
571 3954 789 4021 vestris,
821 3959 872 4010 et
927 3955 1184 4011 omnibus
1223 3955 1339 4024 (qui
1385 3952 1544 4025 longe
1589 3958 1739 4028 sunt,

101 4060 423 4120 quoscunque
476 4046 827 4102 advocaverit
883 4043 1149 4100 Dominus
1197 4044 1337 4100 Deus
1388 4052 1576 4099 noster
1603 4043 1739 4114 (Act.

103 4149 151 4201 ii,
173 4136 283 4201 39).

154 4227 235 4280 20.
269 4230 420 4282 Nam
444 4229 503 4280 et
525 4225 733 4278 beatus
761 4222 975 4278 Paulus
996 4222 1250 4295 quodam
1281 4220 1408 4276 loco
1436 4221 1577 4276 dicit
1607 4221 1737 4279 0m-

98 4328 191 4380 iies,
228 4331 366 4371 cum
401 4319 597 4368 tamen
635 4310 1209 4368 nolituniversaliter
1231 4327 1436 4365 omnes
1469 4309 1735 4383 intelligi.

104 4399 353 4461 Scriberis
379 4403 539 4459 enim
568 4400 1069 4472 Philippeneibus,
1095 4400 1208 4454 ait:
1236 4399 1430 4456 Omnes
1459 4401 1608 4454 enim
1637 4417 1738 4455 sua

99 4500 331 4562 (luerunt
359 4510 474 4550 non
504 4506 629 4563 qua
667 4493 792 4549 Jesu
852 4489 1057 4545 Christi
1111 4489 1345 4560 (Philip.
1387 4506 1450 4558 ii,
1482 4490 1590 4558 21).
1627 4488 1735 4544 Ubi

107 4555 283 4657 utique
305 4585 358 4640 si
379 4583 455 4638 ab
477 4555 752 4637 omnibus
775 4579 905 4634 istis
938 4555 1136 4634 nullus
1156 4555 1461 4648 excipitur,
1496 4555 1735 4634 necesse
1765 4555 1812 4620 Ῑ)

101 4674 446 4730 estutetism
462 4685 666 4727 omnes
688 4667 957 4741 apostoli,
991 4667 1246 4722 eicieteri
1276 4666 1734 4736 illiustemporis

104 4760 274 4819 ﬁdeles
297 4778 432 4819 cum
451 4761 582 4816 istis
600 4759 880 4815 omnibus
899 4762 1339 4828 computentur:
1363 4757 1515 4828 quod
1540 4755 1737 4816 nullus

103 4851 512 4920 quantumlibet
540 4849 759 4919 impius
817 4847 1237 4919 suspicabitur.
1275 4850 1472 4902 Restat
1501 4864 1644 4920 ergo
1681 4854 1741 4905 ut

105 4943 356 5007 quosdam
381 4941 582 4998 Omnes
611 4940 932 4993 debeamus
950 4937 1231 5007 accipere,
1267 4935 1323 4990 id
1365 4941 1589 4992 estnon
1616 4956 1739 4995 om-

108 5030 219 5087 nino
235 5047 438 5088 omnes
455 5029 848 5089 homines,sed
868 5025 1064 5082 Omnes
1086 5027 1224 5098 quia
1246 5042 1355 5080 sua
1377 5027 1737 5098 quaerebant,

112 5132 196 5174 non
211 5139 333 5193 quae
357 5123 500 5175 Jesu
523 5117 762 5174 Christi.
808 5117 948 5171 Nam
968 5115 1025 5171 in
1050 5117 1250 5172 eadem
1271 5116 1525 5186 Epistola
1564 5134 1629 5172 su
1642 5134 1742 5188 pe-

111 5206 210 5264 rtus
237 5210 521 5282 quosdam
549 5208 736 5263 bonos
769 5206 1112 5268 ostendens,
1135 5205 1217 5260 ait
1243 5222 1256 5260 :
1291 5205 1528 5275 Quidam
1556 5217 1743 5262 autem

105 5301 377 5367 “propter
422 5300 622 5354 bonam
666 5297 1005 5350 voluntatem
1067 5295 1346 5351 Christum
1376 5296 1735 5364 annuntiant,

101 5389 299 5448 dilidam
321 5405 394 5445 ea:
415 5387 790 5449 contentione,
845 5384 1080 5440 scientes
1127 5384 1270 5457 quod
1327 5387 1387 5438 in
1417 5384 1741 5455 defensione

86 5468 363 5549 Evangelii
409 5478 626 5550 positus
656 5491 781 5528 sum
811 5473 1046 5545 (Philip.
1081 5491 1119 5543 ι,
1156 5475 1263 5536 15).
1299 5474 1404 5539 Qui
1440 5491 1576 5546 ergo
1612 5492 1742 5546 pro-

82 5568 218 5624 \Wer
235 5572 437 5626 bonam
464 5565 823 5622 voluntatem
845 5581 911 5619 ex
935 5563 1177 5619 caritate
1200 5564 1494 5619 Christum
1517 5581 1740 5621 annun-

105 5644 480 5731 Y\sbant,quia
501 5661 717 5710 caritas
746 5671 854 5709 non
877 5655 1075 5726 querit
1106 5667 1232 5725 qua:
1268 5669 1369 5709 sua
1389 5659 1515 5708 sunt
1547 5655 1596 5724 (Ι
1615 5655 1735 5710 Cor.

133 5751 312 5822 811,5),
346 5765 466 5805 non
500 5762 613 5802 sua
644 5745 999 5816 quilareliant=
1027 5745 1126 5799 sed
1154 5760 1282 5813 qua:
1312 5743 1450 5798 Jesu
1481 5743 1737 5798 Christi:

1858 1908 2118 1965 ostendit
2146 1906 2349 1963 dicens
2374 1921 2387 1960 :
2421 1907 2484 1961 Et
2525 1907 2910 1963 benedicentur
2937 1908 2996 1961 in
3028 1911 3079 1963 te
3107 1922 3291 1962 omnes
3321 1909 3504 1963 tribus

1860 1993 2254 2066 terrée(Genes.
2285 2012 2487 2061 xxvui,
2523 1998 2631 2063 14).
2667 1996 2828 2062 Quod
2851 1996 3026 2050 etiam
3061 1996 3266 2051 beatus
3299 1996 3503 2053 Petrus

1859 2086 2236 2148 confirmans,
2271 2084 2350 2138 ait
2379 2083 2600 2140 Judaeis
2628 2101 2640 2139 :
2681 2085 2927 2139 Vosestis
2947 2084 3495 2155 ﬁliipropbetarum,

1857 2179 1908 2232 et
1933 2177 2247 2229 testamenti
2276 2173 2418 2244 quod
2475 2173 2742 2243 disposuit
2792 2173 2932 2228 Deus
2969 2174 3038 2228 ad
3065 2184 3249 2243 patres
3269 2177 3503 2242 nostros,

1857 2265 2045 2322 dicens
2072 2262 2143 2317 ad
2174 2263 2453 2318 Abraham
2489 2279 2502 2317 :
2536 2265 2597 2318 In
2622 2265 2830 2318 semine
2848 2272 2939 2318 tuo
2972 2263 3362 2318 benedicentur
3382 2281 3499 2319 om-

1855 2370 1951 2410 nes
1965 2358 2152 2424 gentes
2167 2363 2334 2409 terra:
2355 2353 2491 2423 (Act.
2522 2369 2605 2416 ut,
2627 2353 2721 2423 25)
2762 2351 3093 2408 Ostendens
3107 2357 3302 2407 autem
3318 2353 3510 2409 Chris-

1859 2451 2015 2500 stum
2037 2458 2165 2499 esse
2180 2441 2720 2509 semenAbrahts,in
2735 2457 2848 2512 quo
2864 2440 3225 2496 estomnium
3247 2441 3506 2496 tribuum

1859 2532 2188 2588 benedictio
2205 2529 2868 2601 repromissa,continuo
2891 2528 3011 2585 huic
3033 2529 3207 2584 verba
3230 2531 3500 2599 subjecit:

1864 2622 2022 2678 Vobis
2065 2621 2201 2675 Deus
2250 2619 2493 2684 primum
2540 2620 2820 2674 suscitans
2864 2617 3073 2676 Filium
3103 2635 3290 2682 suum,
3339 2619 3500 2676 misit

1858 2709 2004 2768 401
2034 2725 2160 2764 eum
2185 2706 2584 2764 benedicenlem
2605 2708 2757 2763 vobis
2781 2706 2963 2777 (lbid.,
2984 2708 3099 2778 26).
3124 2706 3395 2762 Christus
3418 2712 3508 2763 est

1858 2801 2058 2872 itaque
2088 2813 2286 2854 semen
2319 2797 2587 2866 Abraha,
2622 2798 2677 2851 in
2711 2812 2824 2866 quo
2858 2795 3278 2851 benedicentur
3300 2813 3502 2852 omnes

1856 2889 2046 2943 tribus
2077 2891 2263 2940 terrae.
2291 2889 2356 2939 Et
2376 2885 2581 2956 utique
2600 2901 2734 2940 vera
2763 2892 2854 2942 est
2875 2883 2972 2940 Dei
3000 2887 3331 2956 promissio,
3363 2885 3502 2956 quia

1855 2977 2032 3046 fidelis
2061 2973 2432 3032 estDominus
2453 2977 2514 3029 in
2535 2974 2794 3032 omnibus
2816 2974 2992 3030 verbis
3025 2977 3164 3038 suis,
3195 2985 3245 3029 et
3274 2983 3502 3031 sanctus

1855 3069 1917 3124 in
1948 3066 2203 3126 omnibus
2234 3067 2487 3138 operibus
2530 3068 2648 3121 suis
2675 3065 2844 3136 (Psal.
2876 3081 3058 3132 cxuv,
3094 3065 3178 3136 t3)
3202 3084 3216 3132 ;
3238 3067 3294 3120 ia
3327 3067 3496 3135 cujus

1782 3199 1824 3266 Ο
1856 3157 2248 3230 promissione
2271 3155 2562 3213 Abraham
2580 3171 2690 3210 non
2723 3153 2995 3210 haesitavit
3022 3153 3373 3224 difﬁdentia,
3403 3153 3500 3209 sed

1850 3255 2194 3315 canteriatas
2249 3255 2328 3301 est
2357 3245 2484 3312 fide,
2515 3245 2653 3299 dans
2675 3244 2913 3314 gloriam
2944 3243 3071 3308 Deo,
3095 3249 3146 3298 et
3175 3240 3498 3309 plenissime

1848 3352 2026 3392 sciens
2071 3337 2204 3410 quia
2260 3349 2598 3406 quacunque
2649 3334 2933 3405 promisit,
2989 3334 3162 3403 potest
3215 3339 3267 3386 et
3319 3334 3501 3401 facere

1855 3426 2027 3495 (Rom.
2061 3441 2138 3489 iv,
2171 3423 2284 3495 20).

1921 3520 2055 3570 (ΑΡ.
2083 3529 2207 3569 imi.
2239 3542 2308 3554 —
2327 3514 2471 3566 Cum
2497 3525 2633 3581 ergo
2663 3510 2720 3564 in
2735 3509 2964 3566 Christo
2989 3509 3251 3565 benedici
3285 3525 3492 3566 omnes

1851 3603 2041 3660 tribus
2075 3609 2238 3658 terrae
2272 3599 2472 3656 nullus
2494 3598 2755 3671 ambigat
2782 3599 3390 3664 Christianus,heatus
3413 3605 3493 3656 ta-

1853 3709 1984 3748 men
2007 3691 2266 3747 Joannes
2290 3690 2346 3744 in
2388 3687 2737 3760 Apocalypsi
2787 3687 3034 3761 loquens
3057 3689 3128 3743 de
3148 3689 3398 3753 Christo,
3431 3689 3490 3746 id

1849 3787 1941 3838 est
1969 3782 2042 3836 de
2072 3781 2200 3853 ipso
2257 3779 2480 3836 semine
2508 3777 2774 3838 Alirahte.
2825 3777 2884 3834 in
2924 3793 3038 3848 quo
3071 3778 3489 3834 benedicentur

1848 3885 2053 3928 omnes
2083 3869 2274 3924 tribus
2295 3873 2484 3934 terris,
2504 3869 2788 3922 veraciter
2813 3868 3017 3937 utique
3046 3865 3225 3921 dicit:
3262 3871 3392 3922 Ecce
3407 3882 3494 3923 ve-

1846 3962 1962 4017 niet
1989 3975 2114 4016 cum
2141 3957 2400 4022 nubibus,
2427 3961 2478 4012 et
2500 3956 2713 4012 videbit
2731 3972 2854 4012 eum
2877 3955 3056 4012 omnis
3081 3956 3291 4023 oculus,
3323 3965 3374 4012 et
3397 3959 3494 4028 qui

1845 4067 1970 4108 sum
1988 4049 2432 4119 compunxerunl
2457 4064 2470 4114 ;
2492 4049 2544 4102 et
2581 4047 2844 4116 plangant
2882 4061 2939 4102 se
2972 4061 3142 4118 super
3165 4061 3291 4100 eum
3311 4062 3495 4102 omnes

1845 4137 2022 4194 tribus
2052 4147 2221 4194 terrae
2275 4137 2459 4208 (Apoc.
2511 4153 2552 4205 ι,
2584 4137 2662 4204 7).
2697 4135 2841 4190 Ecce
2872 4149 3078 4189 omnes
3115 4134 3303 4188 tribus
3330 4139 3494 4189 terra:

1847 4227 2335 4284 benedicenturin
2370 4227 2746 4300 Christo,quo
2769 4230 2964 4281 tamen
2989 4223 3283 4291 veniente,
3321 4223 3495 4296 plan-

1845 4324 1982 4392 gent
2015 4335 2077 4376 se
2107 4335 2314 4375 omnes
2336 4317 2529 4376 tribus
2552 4322 2740 4372 terra.

1918 4409 2005 4462 22.
2029 4407 2332 4474 Quomodo
2355 4407 2552 4478 itaque
2569 4404 2736 4461 nobis
2759 4407 3080 4474 utrumque
3093 4400 3412 4470 constabit,
3439 4401 3488 4457 si

1844 4495 1929 4550 vel
1955 4496 2013 4550 in
2040 4497 2212 4560 bono,
2236 4494 2320 4549 vel
2342 4493 2400 4549 in
2422 4493 2576 4548 malo
2596 4493 2680 4546 sic
2701 4491 2966 4546 omnium
3002 4490 3265 4545 tribuum
3299 4487 3490 4561 pleni-

1845 4586 1988 4640 tudo
2012 4582 2362 4639 universalis
2381 4581 2762 4652 accipitur,ut
2780 4577 2925 4634 nihil
2951 4579 3098 4653 parti
3122 4579 3289 4635 alteri
3315 4578 3492 4636 relin-

1845 4672 2108 4745 quatur?
2129 4672 2237 4728 Sed
2263 4671 2416 4726 idem
2443 4667 2935 4734 beatusJoannes,
2968 4669 3071 4741 qui
3091 4668 3162 4725 de
3187 4670 3374 4742 ipsius
3401 4687 3494 4743 pe-

1845 4763 2278 4820 otoreVeritatis
2299 4761 2620 4814 ubertatem
2637 4758 2898 4814 veridica
2915 4758 3346 4830 praedicationis
3374 4760 3496 4817 ebi-

1847 4854 2124 4919 berat,sic
2145 4849 2400 4904 ostendit
2431 4847 2648 4904 Omnes
2671 4848 2818 4903 istas
2833 4847 3024 4904 tribus
3046 4865 3174 4922 quis
3197 4865 3258 4904 se
3284 4850 3343 4904 in
3384 4851 3491 4906 ad-

1849 4945 2022 4997 ventu
2056 4938 2270 4996 Christi
2296 4938 2612 5008 planctum
2642 4941 2804 5005 sunt,
2824 4944 2889 4992 ut
2919 4938 3284 4993 omnesistas
3303 4939 3494 4995 tribus

1848 5047 1993 5102 quas
2026 5029 2083 5084 in
2143 5026 2366 5082 semine
2401 5026 2642 5082 Abrahae
2679 5027 3110 5083 benedicendas
3141 5031 3290 5082 Deus
3323 5043 3490 5083 verax

1852 5117 2117 5191 promisit
2146 5133 2212 5172 ex
2247 5116 2363 5171 illis
2395 5117 2674 5171 omnibus
2704 5115 2982 5170 tribubus
3015 5113 3209 5186 colligi
3240 5115 3454 5169 demon
3479 5145 3491 5157 ο

1851 5209 2152 5265 straret.ln
2172 5209 2373 5265 eodem
2396 5207 2612 5278 quippe
2629 5205 2779 5260 libro
2796 5222 2894 5260 eos
2919 5205 3018 5276 qui
3043 5206 3188 5276 Agni
3210 5205 3492 5275 redempti

1851 5316 1916 5354 su
1929 5305 1988 5353 nt
2019 5297 2305 5370 sanguine
2330 5296 2551 5350 inducit
2569 5299 2872 5350 cantantes
2890 5293 3181 5348 canticum
3203 5297 3501 5359 novum,et

1849 5389 2109 5442 dicentes
2161 5402 2172 5439 :
2225 5387 2432 5452 Dignus
2487 5399 2563 5447 es,
2625 5381 2872 5449 Domine,
2905 5383 3151 5451 accipere
3183 5382 3409 5445 librum,
3444 5387 3497 5437 et

1847 5476 2070 5546 aperire
2088 5473 2383 5540 signacula
2413 5473 2530 5542 ejus
2563 5489 2575 5526 :
2610 5473 2744 5542 quia
2773 5470 2978 5526 occisus
3007 5485 3083 5536 es,
3131 5475 3184 5526 et
3213 5471 3499 5527 redemisti

1847 5578 1946 5618 nos
1977 5563 2035 5617 in
2065 5560 2340 5629 sanguine
2365 5563 2479 5622 tuo,
2512 5575 2582 5616 ex
2596 5560 2748 5615 omni
2777 5557 2948 5627 tribu,
3002 5568 3054 5614 et
3086 5558 3279 5628 lingua
3310 5564 3364 5613 et
3409 5574 3499 5630 p0-

1844 5655 1997 5725 puto,
2029 5660 2077 5707 et
2096 5654 2252 5721 gente
2276 5665 2288 5704 :
2319 5658 2368 5704 et
2396 5651 2577 5720 fecisti
2607 5663 2701 5703 nos
2727 5649 2831 5704 Deo
2860 5654 3048 5706 nostro
3077 5666 3312 5718 regnum
3332 5658 3388 5705 et
3403 5665 3494 5703 sa-

1847 5743 2108 5817 cerdotes,
2138 5750 2190 5800 et
2217 5741 2531 5813 regnabant
2556 5755 2728 5812 super
2747 5746 2958 5799 terram
2983 5741 3178 5814 (Apoc.
3202 5757 3261 5812 v,
3289 5742 3346 5811 α,
3378 5740 3494 5813 40).
