3848 6318
174 370 273 431 689

1403 373 1506 433 DE
1553 369 1743 431 FIDE
1786 365 2029 426 LIBER
2072 363 2312 426 UNUS.

3439 367 3559 427 690

170 505 324 562 etiam
355 522 465 562 non
497 507 961 580 exstinguentur,
995 513 1058 565 ut
1087 509 1231 566 illud
1257 511 1400 582 juge
1421 513 1779 566 tormentum
1814 507 1864 572 Α
1903 517 2038 572 pore
2070 501 2244 557 homo
2275 500 2474 573 egerit,
2501 500 3430 574 quamlibetiniquus,quamlibst
3453 521 3553 559 an-

172 599 369 666 corpori
403 602 578 668 atque
599 616 805 654 animae
827 600 904 654 sit
926 602 1127 656 mortis
1150 608 1377 655 aeternae
1402 600 1572 671 suppl
1591 600 1788 653 :cium.

171 684 326 740 Justa:
356 703 484 741 vero
515 689 741 750 animae,
769 705 915 760 quas
945 690 1035 744 hic
1062 691 1409 760 Redemptor
1435 695 1583 744 Deus
1607 687 1790 758 gratis

174 782 227 821 ex
248 770 348 823 tide
366 769 720 837 justiticavit,
748 773 1163 839 etJustiticatis
1185 773 1328 826 bene
1352 771 1577 825 vivendi
1604 785 1791 839 usque

175 854 221 910 in
237 857 392 914 tinem
412 861 1273 932 perseverantiarrtribuitla),iu
1293 862 1434 932 ipsis
1449 861 1791 929 corporibus

174 943 220 998 in
239 951 441 1018 quibus
473 949 1017 1018 hicjustiﬁcationis
1047 953 1289 1016 gratiam
1314 949 1596 1004 divinitus
1625 964 1790 1002 acce-

174 1039 1082 1111 perunt,etinquibusjustificataa
1118 1057 1220 1112 per
1251 1039 1513 1101 lidem,in
1548 1039 1788 1093 caritate

175 1126 253 1180 Dei
277 1129 627 1201 proximique
647 1130 933 1193 vixerunt,
960 1131 1122 1200 regni
1149 1129 1397 1184 cmlestis
1418 1135 1632 1182 aeterna
1660 1127 1788 1180 bea-

173 1214 388 1273 titudine
404 1219 715 1288 potientur:
733 1219 876 1290 glori
890 1219 1014 1274 tical
1027 1219 1263 1274 isetiam
1279 1219 1500 1287 corpori
1513 1219 1619 1270 bus
1638 1215 1782 1280 suis,

176 1317 280 1371 quis
306 1305 427 1361 sine
457 1308 660 1380 dubio,
692 1308 886 1363 carnis
910 1315 1138 1378 natura,
1164 1323 1343 1379 quam
1371 1305 1524 1360 Deus
1547 1303 1783 1369 creavit,

171 1395 424 1451 veraciter
451 1403 852 1469 permanente,
889 1415 998 1452 non
1034 1397 1186 1452 sicut
1221 1397 1309 1450 hic
1341 1396 1642 1458 animalia,
1677 1391 1784 1448 sed

168 1480 424 1547 spiritalia
443 1493 582 1541 tunc
598 1487 1200 1542 babebunt.8anctoru
1215 1502 1266 1539 m
1285 1485 1438 1540 enim
1459 1482 1786 1537 seminatur

167 1570 225 1636 (δ)
239 1586 433 1640 corpus
449 1578 728 1636 animale.
744 1582 1168 1648 surgetcorpus
1189 1572 1468 1644 spiritale.
1498 1574 1559 1626 In
1578 1573 1668 1626 his
1687 1587 1786 1641 per

166 1657 298 1716 illam
320 1662 1568 1738 immutationem,quiesolisdubiturjustis,
1585 1661 1786 1732 imple-

169 1747 297 1802 bitur
313 1753 458 1822 quod
484 1763 756 1826 oportere
779 1755 916 1811 dicit
943 1755 1256 1826 Apostolus
1278 1755 1321 1822 (Ι
1343 1752 1462 1808 Cor.
1487 1767 1558 1806 xv
1582 1751 1693 1820 53).
1720 1753 1782 1802 ut

168 1841 506 1910 corruptibile
553 1844 664 1899 hoc
698 1845 898 1901 induat
923 1845 1518 1911 incorruptionem,et
1539 1837 1779 1894 mortale

167 1925 456 1985 bocinduat
477 1933 1004 1990 immortalitatem.
1026 1936 1082 1988 ln
1101 1933 1318 2004 quibus
1339 1947 1512 1986 sexus
1543 1945 1742 1983 mascu
1765 1959 1779 1968 -

171 2013 388 2075 linusvel
410 2025 722 2088 femineus,
738 2027 894 2079 sicut
914 2025 1116 2078 eadem
1141 2037 1384 2092 corpora
1405 2027 1598 2074 creata
1619 2022 1781 2083 sunt,

171 2111 524 2174 permanebit:
548 2129 805 2184 quorum
825 2114 1013 2185 gloria
1033 2112 1136 2167 erit
1164 2127 1267 2183 pro
1288 2112 1568 2165 factorum
1595 2109 1781 2162 bono-

172 2210 275 2252 rum
291 2197 618 2258 diversitate
643 2202 892 2258 diversa.
914 2203 1126 2260 Omnia
1148 2209 1342 2256 tamen
1368 2215 1630 2271 corpora,
1660 2197 1782 2252 sive

171 2288 549 2358 masculorum,
583 2293 709 2348 sive
732 2293 1109 2358 feminarum,
1134 2307 1496 2364 quacunque
1520 2289 1574 2342 in
1602 2303 1780 2358 regno

167 2372 249 2428 illo
265 2385 443 2443 erunt,
475 2381 737 2452 gloriosa
772 2388 960 2438 erunt:
997 2382 1093 2436 ille
1125 2389 1317 2436 autem
1351 2381 1449 2449 (at.
1478 2377 1652 2446 enim)
1677 2377 1779 2445 ju-

165 2462 250 2517 dex
270 2465 414 2521 novit
443 2475 731 2539 quantum
767 2470 1078 2542 unicuique
1108 2471 1186 2525 sit
1217 2470 1468 2524 daturus
1511 2467 1777 2538 gloriam.

169 2550 280 2620 quia
295 2553 344 2607 in
360 2555 464 2611 hac
475 2558 597 2612 vita
619 2576 722 2625 per
737 2559 1196 2615 misericordiam
1211 2557 1542 2630 gratisjusti
1554 2555 1779 2609 ticando

173 2645 582 2718 prevenit,quos
601 2647 724 2704 illic
748 2649 1154 2721 perjustitiam
1172 2648 1497 2721 gloriﬁcare
1520 2644 1782 2716 disponit

175 2729 249 2794 (at.
276 2732 604 2809 disposuit).

227 2819 551 2897 36Tempus
566 2843 706 2882 vero
730 2827 1070 2898 acquirendi
1090 2827 1267 2882 vitam
1291 2829 1565 2880 aeternam
1584 2822 1642 2877 in
1667 2821 1782 2876 ista

172 2911 363 2967 tantum
395 2917 507 2970 vita
537 2915 702 2971 Deus
733 2915 1068 2972 hominibus
1099 2915 1282 2980 dedit,
1318 2915 1413 2969 ubi
1445 2913 1629 2968 voluit
1654 2927 1783 2966 esse

172 2998 315 3056 etiam
332 3006 731 3072 penitentiam
759 3012 1142 3063 fructuosam.
1175 3004 1304 3060 [dco
1327 3009 1521 3060 autem
1548 3002 1642 3056 hic
1667 3017 1780 3070 pm-

174 3087 693 3150 nitenlial'ructuosa
715 3100 822 3163 est,
850 3095 987 3166 quia
1005 3101 1192 3168 potest
1215 3095 1307 3150 hic
1334 3096 1503 3148 homo
1518 3089 1783 3163 deposita

175 3179 363 3235 malitia
392 3183 534 3240 bene
552 3187 772 3251 vivere,
796 3191 853 3240 et
875 3192 1098 3240 mutata
1121 3188 1420 3240 voluntate
1443 3184 1662 3253 injusta
1688 3181 1777 3250 (ο),

173 3267 342 3325 merita
367 3273 538 3329 simul
570 3291 872 3346 operaque
905 3282 1150 3341 mutare,
1184 3282 1239 3330 et
1269 3275 1325 3329 in
1359 3277 1566 3328 timore
1589 3271 1685 3326 Dei
1711 3287 1778 3324 ea

168 3368 332 3425 gerere
358 3379 480 3433 quae
513 3364 791 3435 placeant
822 3365 951 3422 Deo.
981 3365 1145 3430 Quod
1167 3366 1266 3436 qui
1301 3367 1354 3418 in
1385 3364 1496 3419 hac
1521 3364 1636 3417 vita
1661 3377 1775 3416 non

169 3444 590 3516 lecerit,babebit
604 3454 846 3524 quidem
865 3455 1264 3525 paenitentiam
1280 3455 1336 3509 in
1355 3456 1434 3508 fut
1447 3470 1550 3509 uro
1564 3469 1712 3507 εωου
1725 3452 1775 3505 lo

166 3533 222 3590 de
248 3539 398 3597 malis
423 3543 568 3611 suis,
608 3546 708 3598 sed
743 3544 1172 3616 indulgentiam
1206 3545 1260 3599 in
1315 3549 1627 3614 conspectu
1681 3540 1776 3596 Dei

167 3640 259 3681 non
287 3629 544 3688 inveniet:
579 3634 725 3703 quia
749 3635 840 3690 5|
861 3635 897 3688 τ
935 3634 1041 3689 etsi
1066 3633 1176 3689 erit
1203 3634 1280 3688 ibi
1300 3632 1581 3689 stimulus
1603 3631 1780 3703 paeni-

165 3715 376 3788 tudinis,
394 3722 763 3779 nullatamsn
781 3724 859 3778 ibi
889 3724 994 3779 erit
1012 3723 1262 3794 amplius
1275 3723 1557 3778 correctio
1578 3721 1779 3776 volun-

168 3806 296 3862 tatis.
320 3817 356 3864 A
386 3813 612 3871 talibus
625 3813 780 3870 enim
802 3814 881 3870 ita
899 3813 1234 3885 culpabitur
1256 3813 1539 3886 iniquitas
1563 3829 1691 3879 sua,
1716 3818 1780 3868 ut

170 3895 462 3959 nullatenus
490 3905 566 3960 ab
603 3905 689 3960 eis
724 3904 902 3976 possit
948 3905 1030 3960 vel
1081 3904 1269 3973 diligi,
1318 3903 1407 3958 vel
1456 3901 1780 3958 desiderari

163 3983 381 4050 iustitia.
399 3991 586 4049 Volun
601 3998 690 4049 tas
703 3995 860 4049 enim
875 4010 1076 4049 eorum
1102 3993 1236 4049 talis
1257 3993 1387 4055 erit,
1412 4001 1476 4047 ut
1495 3991 1780 4047 babeatin

171 4082 842 4154 sesempermalignitatis
859 4083 1680 4155 suesuppliciummuuquam
1703 4087 1784 4136 ta-

173 4177 281 4219 men
310 4171 550 4243 recipere
592 4172 782 4242 possit
812 4173 1092 4228 bonitatis
1121 4171 1412 4228 atl‘ectum.
1451 4171 1596 4235 Quia
1629 4173 1784 4225 sicut

170 4248 235 4305 illi
265 4258 354 4325 qui
382 4276 512 4316 cum
543 4261 782 4318 Christo
815 4263 1142 4334 regnabunt
1175 4261 1367 4317 nullas
1398 4260 1458 4316 in
1503 4277 1566 4316 se
1619 4259 1781 4314 malae

172 4340 452 4405 voluntatis
487 4351 775 4422 rel-quias
808 4351 1124 4416 habebunt,
1159 4353 1238 4406 ita
1270 4352 1350 4406 illi
1387 4349 1488 4422 qui
1520 4356 1690 4404 erunt
1724 4352 1781 4403 in

174 4434 432 4504 supplicio
461 4440 622 4511 ignis
650 4441 849 4496 aeterni
883 4457 1016 4496 cum
1053 4440 1286 4495 diabolo
1318 4445 1375 4496 et
1398 4444 1527 4504 eius
1559 4439 1783 4510 angelis

173 4517 420 4593 deputati,
448 4529 610 4584 sicut
640 4529 860 4585 nullam
896 4530 1141 4585 ulterius
1177 4528 1782 4599 babebuntrequiem,

1898 592 2155 656 nosus,si
2174 597 2293 646 toto
2308 591 2479 647 corde
2501 591 2921 645 renuntiaverit
2942 598 3189 661 peccatis
3208 594 3544 660 praeteritis,

1897 688 1954 736 et
1986 698 2087 752 pro
2121 682 2204 736 eis
2233 687 2549 752 conSpectu
2589 680 2682 734 Dei
2713 697 2822 735 non
2858 681 3046 734 solum
3104 683 3388 753 corporis,
3439 685 3542 739 sed

1896 771 2068 826 etiam
2100 772 2293 826 cordis
2327 771 2615 842 lacrymas
2649 771 2882 833 fuderit,
2908 776 2964 824 et
2988 771 3273 826 malorum
3295 789 3543 841 cperum

1897 861 2157 914 maculas
2194 861 2360 914 bonis
2388 861 2662 931 Operibus
2693 861 2916 913 diluere
2939 862 3250 921 curaverit,
3278 861 3543 915 o'nniurn

1897 957 2264 1019 peccatorum
2282 967 2522 1004 suorum
2541 951 2966 1021 indulgentiam
2991 968 3120 1004 mox
3145 951 3398 1004 habebit.
3427 949 3548 1005 Hoc

1893 1038 2049 1092 enim
2077 1039 2245 1093 nobis
2282 1045 2321 1092 υ
2366 1040 2556 1094 minus
2593 1038 2929 1109 prophetico
2972 1038 3258 1110 promittit
3307 1039 3543 1110 eloquio

1892 1125 2114 1182 dicens:
2147 1129 2209 1182 Si
2238 1143 2526 1182 conversus
2548 1130 2746 1196 fueris,
2770 1137 2821 1183 et
2850 1132 3198 1198 ingemuem’s,
3221 1128 3406 1184 salvus
3427 1128 3541 1182 eris

1891 1216 2037 1284 (Isai.
2073 1233 2202 1282 xxx,
2239 1217 2324 1278 15,
2353 1233 2456 1271 sec.
2487 1217 2647 1284 XXX).
2684 1217 2749 1270 El.
2789 1217 2902 1271 alio
2939 1219 3061 1272 loco
3092 1218 3350 1272 dicitur:
3400 1216 3528 1280 Fili,

1884 1309 2147 1375 peccasti;
2179 1323 2248 1360 ne
2279 1306 2513 1370 adiicias
2545 1310 2765 1371 iterum,
2801 1307 2895 1360 sed
2927 1314 2978 1360 et
3008 1307 3072 1362 de
3100 1305 3408 1377 praeteritis
3445 1305 3540 1359 de-

1888 1404 2218 1464 precare,ut
2247 1395 2356 1449 (ibi
2385 1397 2741 1450 dimittantur
2769 1395 2967 1466 (lircli.
2989 1413 3103 1460 xm,
3129 1398 3198 1463 1).
3222 1395 3536 1465 Nunquam

1893 1485 2153 1554 peccanti
2175 1483 2560 1539 essetindicta
2586 1502 2685 1551 pro
2708 1484 2957 1554 peccatis
2991 1485 3343 1556 deprecatio,
3369 1485 3414 1537 si
3443 1485 3544 1538 de-

1889 1575 2146 1643 precanti
2183 1591 2290 1628 non
2327 1581 2481 1628 esset
2506 1575 2774 1630 remissio
2797 1574 3191 1629 concedenda.
3215 1574 3323 1628 Sed
3361 1574 3537 1628 etiam

1889 1663 2226 1731 pmuitentia
2259 1681 2324 1733 pe
2347 1666 2543 1717 :catori
2569 1672 2705 1717 tunc
2731 1665 2984 1732 prodest,
3021 1663 3065 1717 si
3102 1679 3227 1718 eain
3255 1665 3312 1716 in
3344 1663 3530 1716 Eccle-

1889 1751 1974 1805 sia
2006 1751 2289 1806 catholica
2322 1757 2500 1821 gerat:
2537 1754 2628 1806 cui
2666 1752 2818 1807 Deus
2851 1753 2909 1806 in
2941 1769 3186 1821 persona
3203 1752 3356 1806 beati
3381 1751 3530 1806 Petri

1893 1839 2114 1912 ligandi
2134 1841 2515 1912 solvendique
2537 1843 2744 1895 tribuit
2769 1847 3137 1912 potestatem,
3162 1841 3383 1895 dicens:
3407 1845 3541 1910 Quae

1893 1930 1966 2000 (al
2021 1935 2394 2002 Ouzecunque;
2410 1929 2740 2000 alligaveris
2753 1947 2919 2000 super
2935 1940 3159 1994 terram,
3175 1939 3339 1984 erunt
3366 1932 3543 1997 ligata

1893 2025 1943 2074 et
1973 2022 2032 2074 in
2063 2019 2435 2091 rwti.-;elqu.'e
2454 2021 2857 2091 solmrissuper
2882 2027 3118 2082 terram,
3142 2025 3331 2075 errant
3354 2018 3540 2074 soluta

1890 2115 1942 2165 et
1972 2109 2030 2164 in
2061 2113 2207 2166 catis
2234 2112 2436 2181 (Matth.
2475 2127 2588 2178 xvi,
2616 2112 2690 2180 9).
2730 2111 2790 2166 In
2827 2127 3179 2182 quacunque
3211 2111 3392 2180 igitur
3431 2109 3541 2164 bo-

1892 2217 1988 2256 mo
2019 2207 2185 2256 aetate
2216 2218 2407 2255 veram
2445 2205 2814 2272 peccatorum
2849 2217 3090 2255 suorum
3136 2200 3540 2270 paenitentiam

1888 2291 2342 2363 egerit,etvitam
2361 2308 2527 2346 suam
2554 2289 2669 2345 Deo
2691 2289 3061 2345 illuminante
3082 2291 3540 2352 correxerit,non

1889 2381 2214 2451 privabitur
2237 2379 2610 2450 indulgentia:
2637 2395 2894 2435 munere.
2914 2380 3053 2451 quia
3080 2379 3416 2448 Deus,sicut
3442 2394 3542 2448 per

1889 2469 2230 2540 prophetam
2249 2467 2671 2538 dicit,aonvnlt
2686 2476 2930 2523 mortem
2949 2468 3543 2538 morientis(d),quan-

1889 2564 2012 2612 tum
2049 2564 2110 2613 ut
2144 2564 2465 2614 revertatur
2491 2576 2521 2613 a
2554 2559 2644 2612 via
2675 2575 2780 2613 sua
2818 2557 2988 2625 mala,
3039 2566 3091 2612 et
3140 2558 3296 2612 vivat
3340 2559 3540 2614 anima

1889 2649 2018 2719 ejus
2047 2648 2259 2716 (Eucti.
2297 2665 2496 2714 xxxm,
2533 2647 2642 2719 11).

1959 2738 2048 2791 38.
2084 2737 2495 2792 Verumtamen
2532 2737 2730 2792 nullus
2761 2736 3066 2792 hominum
3102 2737 3274 2793 debet
3303 2737 3414 2792 sub
3436 2753 3540 2809 spe

1891 2826 2304 2882 misericordia:
2329 2828 2423 2882 Dei
2450 2827 2505 2881 in
2530 2827 2652 2881 suis
2687 2829 2913 2882 diutius
2939 2843 3238 2882 remanere
3261 2828 3536 2898 peccatis,

1891 2932 2023 2971 cum
2054 2918 2227 2971 etiam
2249 2917 2302 2970 in
2323 2918 2702 2988 ipsocorpore
2719 2934 2886 2972 nemo
2910 2919 3044 2972 velit
3067 2920 3176 2972 sub
3200 2933 3304 2988 spe
3330 2923 3533 2972 futuras

1892 3009 3002 3073 Salutisoliutiusaegrotare.Talesenirn
3025 3009 3120 3078 qui
3157 3009 3228 3062 ab
3262 3008 3536 3078 iniquita-

1892 3101 2049 3155 tibus
2079 3099 2202 3154 suis
2228 3102 2490 3154 recedere
2515 3097 2839 3168 negligunt,
2864 3103 2920 3151 et
2945 3098 3054 3152 sibi
3088 3097 3158 3150 de
3174 3097 3287 3151 Deo
3306 3097 3534 3166 (at.ltci)

1889 3189 3209 3261 indulgentiamrepromittunt,nonnunquam
3229 3187 3300 3240 ita
3326 3204 3536 3260 praeve-

1893 3283 2137 3338 niuntur
2169 3271 2470 3352 repentino
2509 3281 2601 3334 Dei
2635 3280 2850 3341 furore,
2885 3285 2948 3333 ut
2982 3294 3084 3333 nec
3132 3277 3532 3332 conversionis

1882 3376 2140 3443 tempus,
2160 3387 2260 3424 nec
2286 3369 2634 3424 beneficium
2664 3367 3026 3422 remissionis
3050 3367 3372 3422 inveniant.
3401 3369 3534 3423 Ideo

1885 3475 2354 3532 unumquemque
2372 3465 2632 3512 nostrum
2645 3475 2809 3512 sacra
2824 3457 3048 3528 Scriptu
3061 3474 3120 3511 ra
3137 3459 3384 3526 benigne
3402 3473 3542 3526 prte-

1886 3557 2084 3606 monet
2113 3550 2342 3604 dicens:
2379 3549 2452 3602 Ne
2482 3549 2792 3602 lardaveris
2821 3545 2918 3618 (al.
2952 3548 3158 3616 tardes)
3187 3547 3434 3602 converti
3463 3545 3534 3600 ad

1884 3641 2078 3702 Deum,
2113 3641 2162 3692 et
2188 3651 2256 3690 ne
2285 3636 2508 3707 ili/feras
2537 3635 2601 3690 de
2631 3636 2728 3689 die
2761 3636 2818 3689 in
2849 3635 3019 3690 diem:
3055 3636 3234 3689 subito
3260 3634 3405 3689 enim
3440 3650 3539 3688 ve-

1883 3727 2001 3782 niet
2033 3729 2117 3782 ira
2138 3727 2256 3798 ejus
2276 3736 2328 3780 et
2355 3727 2411 3780 in
2435 3737 2675 3794 tempore
2697 3723 2958 3779 vindictae
2979 3723 3251 3794 disperdat
3273 3729 3323 3777 te
3345 3723 3533 3794 (Eccli.

1883 3834 1940 3882 ν,
1972 3817 2048 3888 8).
2077 3817 2416 3872 Dicitetiam
2450 3817 2652 3870 beatus
2679 3814 2851 3870 David
2881 3830 2894 3868 :
2919 3813 3118 3885 (Ilodie
3139 3813 3189 3868 si
3217 3829 3397 3869 vocem
3423 3813 3541 3877 eius

1885 3905 2178 3962 audieritis
2209 3907 2380 3960 nolite
2407 3905 2680 3961 obdurare
2717 3905 2885 3960 corda
2934 3915 3113 3960 vestra
3162 3904 3334 3975 (Psal.
3385 3919 3536 3969 χειν,

1884 3999 1960 4067 8).
1993 3995 2096 4050 Cui
2129 3996 2333 4050 beatus
2365 4011 2600 4067 quoque
2634 3994 2846 4050 Paulus
2877 3995 3189 4050 concordat
3211 3993 3300 4048 his
3322 3992 3535 4047 verbis:

1899 4087 2101 4147 Videte,
2125 4089 2351 4158 fratres,
2375 4102 2444 4140 ne
2465 4091 2611 4154 [erle
2641 4085 2716 4138 sit
2748 4085 2805 4138 in
2827 4084 3019 4154 aliquo
3043 4087 3283 4136 vestrum
3312 4096 3408 4135 cor
3427 4096 3541 4133 ma-

1889 4177 2008 4231 lum
2039 4176 2442 4231 intrcdulitatis
2472 4175 2542 4244 (ε)
2572 4172 2899 4228 discedendi
2920 4171 3116 4229 8150
3147 4175 3255 4224 Deo
3279 4167 3540 4223 vivozscd

1887 4265 2267 4321 adltnrlamiai
2289 4265 2640 4332 vosmetipsos
2656 4279 2754 4332 per
2782 4261 3030 4330 singulos
3060 4263 3172 4312 dies
3223 4259 3390 4312 donec
3440 4257 3538 4311 Ηο-

1889 4355 1977 4410 die
2008 4355 2432 4422 cognominatur
2462 4361 2518 4406 ut
2547 4369 2656 4405 non
2688 4349 2987 4405 obduretur
3011 4350 3131 4418 quis
3155 4362 3224 4400 ex
3246 4347 3395 4400 vobis
3425 4345 3538 4416 fat-

1892 4444 2267 4512 laciapcccati
2297 4443 2476 4512 (Hebr.
2511 4457 2596 4506 ιιι,
2664 4441 2746 4500 t2,
2811 4439 2915 4507 13).
2966 4437 3306 4492 Obduratus
3356 4434 3539 4504 igitur

1890 4535 2030 4589 vivit
2058 4534 2127 4603 (f)
2159 4531 2278 4586 sive
2310 4532 2408 4602 qui
2445 4547 2556 4584 non
2591 4527 2980 4594 convertitur,
3012 4527 3334 4598 desperans
3364 4525 3435 4578 de
3457 4523 3542 4578 in-

172 4606 240 4662 sic
255 4611 450 4671 bonam
483 4620 827 4675 nullatenus
851 4621 1060 4675 habere
1091 4625 1363 4692 poterunt
1385 4619 1738 4674 voluntatem
1773 4662 1788 4686 ,
1823 4623 1868 4686 D
1898 4622 2196 4692 dulgentia
2223 4625 2587 4690 peccatorum
2613 4633 2854 4672 suorum
2880 4618 2975 4688 (θ),
2997 4615 3117 4670 sive
3136 4615 3230 4685 qui
3258 4613 3343 4669 sic
3370 4613 3542 4668 mise-

175 4693 229 4749 Et
253 4700 805 4763 sicutcobaeredibus
818 4707 1031 4764 Christi
1045 4708 1242 4763 dabitu
1254 4725 1281 4762 r
1297 4707 1569 4780 perfectio
1584 4707 1783 4778 gratim

173 4783 231 4838 ad
256 4796 510 4850 eternam
542 4795 814 4868 gloriam,
842 4797 925 4853 sic
951 4798 1321 4852 consortibus
1343 4794 1554 4852 diaboli
1578 4813 1778 4852 cumu-

174 4870 295 4933 labit
319 4881 442 4951 ipsa
471 4887 812 4958 malignitas
845 4905 1094 4958 pcenam,
1128 4890 1361 4960 quando
1391 4888 1782 4945 exterioribus

175 4963 404 5063 deputati
435 4977 714 5045 tenebris,
738 4976 898 5034 nullo
920 4977 1380 5034 illustrabuntur
1406 4978 1679 5034 interiore
1702 4976 1786 5032 lu-

177 5065 311 5113 mine
337 5063 619 5123 veritatis.

235 5145 507 5208 37.01am:
523 5158 696 5212 Petri.
715 5187 784 5198 -
799 5157 1044 5215 Proinde
1058 5158 1217 5214 omni
1233 5158 1457 5215 homini
1473 5158 1528 5213 in
1547 5157 1654 5212 hac
1667 5157 1787 5212 vita

179 5243 291 5290 "se
308 5246 486 5309 potest
511 5245 1046 5319 utilispcenitentia,
1067 5265 1243 5321 quam
1269 5265 1622 5320 quocunque
1645 5256 1787 5302 tem-

238 5412 300 5502 (ξι)
445 5426 750 5502 quambene
766 5427 1693 5502 iiivemligraliametperseveranti
1711 5446 1785 5485 im

187 5496 340 5567 “3929
361 5496 414 5567 in
443 5497 605 5562 linem
633 5499 848 5556 tribuit:
887 5496 1049 5567 alter,
1083 5502 1251 5556 dedit.

331 5558 458 5621 Mss.
486 5584 633 5625 unus
656 5590 768 5627 non
795 5574 967 5629 habet
989 5558 1324 5630 sancwrum
1347 5575 1445 5628 sed
1471 5575 1791 5631 Seminatur

340 5701 469 5786 illas.
502 5711 756 5786 quinque
787 5733 900 5773 non
941 5716 1156 5773 habent
1185 5718 1411 5783 iniusta.

251 5769 320 5841 (d)
345 5774 430 5832 Sic
452 5769 587 5838 ms's.
610 5769 901 5845 saginam
922 5769 1652 5859 satis};agnuam".
1669 5804 1792 5861 pec-

1893 4710 2207 4766 ricordiam
2241 4708 2339 4764 Dei
2372 4711 2587 4778 sperat,
2623 4713 2685 4762 ut
2718 4723 2905 4778 usque
2935 4705 2993 4760 in
3029 4706 3204 4760 tinem
3241 4703 3368 4758 vitae
3396 4720 3544 4773 prse-

1895 4799 2078 4856 sentis
2111 4799 2169 4854 in
2202 4815 2444 4854 suorum
2477 4797 2787 4852 criminum
2825 4795 3210 4869 perversitate
3243 4796 3546 4849 remaneat

1895 4891 2000 4962 (at.
2044 4890 2429 4960 permaneat).

1967 4981 2055 5036 39.
2090 4981 2377 5036 Peccatum
2407 4978 2470 5034 in
2499 4977 2777 5051 Spiritum
2809 4981 3084 5032 sanctum.
3136 4973 3386 5028 Proinde
3408 4971 3540 5025 dili-

1898 5075 2100 5142 gentes
2131 5069 2597 5125 misericordiam
2619 5069 2736 5136 Dei,
2758 5072 3203 5133 metuentesque
3225 5060 3542 5131 justitiam,

1900 5176 2006 5216 nec
2035 5160 2104 5214 de
2135 5159 2482 5215 remissione
2509 5165 2874 5228 peccatorum
2898 5156 3303 5224 desperemus,
3330 5165 3436 5202 nec
3465 5165 3548 5202 re-

1900 5266 2246 5305 maneamus
2281 5248 2337 5302 in
2373 5246 2624 5319 peccatis
2653 5261 2666 5299 :
2702 5243 2953 5300 scientes
2983 5239 3118 5311 quia
3151 5237 3249 5293 illa
3279 5237 3544 5293 omnium

1900 5430 2124 5491 tutoris,
2158 5427 2274 5482 sire
2305 5425 2610 5487 morientis,
2635 5421 2725 5476 sed
2751 5421 2949 5488 magis.
2972 5417 3160 5478 Vatic,
3178 5414 3551 5485 duo,sedlan-

1901 5506 2042 5640 (“1(2)
2064 5505 2256 5624 vatio.
2293 5585 2468 5632 unus,
2496 5565 2806 5640 carnalium
2840 5562 3154 5640 infidelitas.

1972 5630 2036 5712 (Ι)
2067 5644 2156 5716 S_ic
2187 5641 2342 5716 editi.
2385 5630 2620 5716 atvmss.
2654 5638 2790 5716 duo.
2827 5635 3005 5716 obitu,
3021 5638 3108 5687 ato
3156 5631 3330 5716 igitur
3380 5630 3540 5688 corde

1901 5709 2051 5770 vivit.
2089 5713 2196 5768 Ms.
2232 5711 2396 5774 alter,
2428 5713 2490 5767 In
2522 5709 2880 5764 obduratione
2907 5709 3084 5774 igitur
3113 5709 3270 5762 vivit.

1973 5787 2055 5858 (g)
2071 5790 2170 5842 Ms.
2188 5781 2714 5857 Corb.,desperandu
2733 5777 3152 5850 indulgentiam
3171 5785 3532 5851 peccatorum.
