3848 6342
342 370 455 434 691

1333 364 1397 426 S.
1444 359 1871 426 FULGENTII
1919 357 2274 440 EPlSCOPI
2317 360 2762 425 RUSPENSIS

342 507 647 565 hominum
671 493 1995 570 debitasitexacturaaequitasjustissimijudi-
2033 497 2082 559 Α
2117 494 2258 551 bona
2277 500 2525 567 fecerunt
2549 497 2612 553 in
2639 498 3095 554 resurrectionem
3121 497 3261 562 vitae,
3289 500 3377 569 qui
3416 515 3524 557 vero
3547 506 3668 560 mala

344 599 451 666 cis,
483 613 610 669 quae
644 611 756 650 non
787 589 1077 648 dimiserit
1118 589 1517 644 misericordia
1547 583 1992 642 clementissimi

345 684 772 758 Redemptoris.
808 683 969 739 Sicut
998 679 1155 737 enim
1189 678 1594 734 misericordia
1621 674 1869 742 suscipit
1890 673 1992 728 ab-

343 775 634 845 solvttque
661 789 999 842 conversos,
1039 771 1120 825 ita
1158 769 1387 840 justitia
1433 765 1675 838 repellet
1705 770 1761 820 et
1793 762 1994 834 puniet

342 865 686 922 obduratos.
722 863 785 918 lli
820 868 961 918 sunt
990 861 1086 932 qui
1123 864 1431 932 peccantes
1467 859 1523 911 in
1549 855 1837 927 Spiritum
1864 869 1994 906 san-

342 959 526 1022 ctum,
560 970 750 1026 neque
774 952 831 1007 in
868 951 976 1007 hoc
997 950 1232 1017 saeculo,
1271 965 1457 1020 neque
1482 947 1536 1002 in
1565 947 1758 1000 futuro
1787 942 1990 998 remis-

343 1043 564 1099 sionem
599 1043 889 1115 accipient
922 1045 1315 1113 peccatorum.
1349 1039 1479 1092 Ideo
1513 1040 1707 1090 autem
1736 1031 1993 1088 hominis

346 1130 970 1190 animaiutellectualis
986 1130 1230 1202 spiritus
1247 1125 1990 1199 est,utquzerat,agnoscat,

347 1230 521 1295 atque
539 1222 831 1278 discernat
862 1227 919 1276 et
950 1226 1183 1290 tempus
1206 1235 1447 1290 operum
1473 1229 1852 1284 suorum,pro
1875 1211 1994 1280 qui-

344 1313 458 1370 bus
491 1321 796 1386 receptura
826 1317 918 1367 est
951 1311 1005 1366 in
1031 1311 1257 1380 judicio
1289 1309 1440 1379 quod
1476 1307 1767 1362 ordinavit
1798 1305 1992 1358 divina

339 1403 593 1475 justitia,
624 1410 680 1458 et
703 1403 964 1473 ejusdem
999 1397 1398 1454 retributionis
1432 1404 1684 1468 tempus,
1721 1412 1834 1466 quo
1878 1411 1991 1448 non

347 1496 522 1548 etiam
559 1492 774 1559 licebit,
809 1496 908 1545 aut
941 1507 1115 1561 opera
1157 1496 1404 1552 mutare,
1441 1494 1542 1541 aut
1585 1485 1990 1541 remissionem

352 1589 720 1656 peccatorum
747 1598 988 1636 suorum
1013 1581 1082 1634 de
1116 1579 1313 1634 divina
1347 1576 1744 1632 misericordia
1774 1575 1995 1629 utiliter

349 1673 664 1742 postulare.
689 1675 886 1726 Ceteri
921 1687 1052 1726 vero
1085 1669 1328 1741 spiritus
1347 1667 1608 1723 omnium
1645 1664 1991 1720 animalium

349 1768 568 1834 quibus
601 1778 710 1816 non
748 1767 837 1816 est
869 1759 1219 1817 intellectus.
1253 1759 1391 1831 quia
1421 1758 1655 1826 quidam
1691 1771 1889 1810 eorum
1926 1753 1995 1807 de

2106 596 2335 656 egerunt
2363 587 2423 643 in
2453 591 2915 645 resurrectionem
2955 586 3163 658 judicii
3182 589 3359 660 (Joan.
3385 606 3434 655 v,
3460 593 3538 660 28,
3579 595 3666 662 29).

2108 674 2180 730 Ut
2209 676 2431 734 scilicet
2461 678 2601 750 quia
2617 679 2770 734 mala
2791 686 3038 751 egerunt
3059 679 3260 734 eantin
3276 680 3668 740 combustionem

2106 771 2382 822 sternam
2397 784 2618 840 semper
2630 785 2764 824 arsu
2775 769 2819 822 ri
2835 785 2966 823 cum
2983 767 3208 824 diabolo
3222 768 3458 840 principe
3469 773 3676 828 omnium

2108 858 2421 925 malorum,
2454 859 2558 931 qui
2599 875 2730 917 vero
2779 860 2930 915 bona
2979 859 3234 915 fecerunt
3277 867 3401 916 eant
3443 860 3494 916 in
3533 863 3672 918 vitam

2106 955 2379 1003 aeternam
2417 949 2713 1019 regnaturi
2745 949 2875 1004 sine
2905 949 3020 1004 fine
3050 965 3177 1004 cum
3207 947 3422 1005 Christo
3445 965 3556 1021 rege
3579 967 3672 1006 om-

2107 1037 2271 1093 nium
2297 1037 2669 1094 saeculorum.
2691 1039 2775 1093 Illi
2792 1045 2988 1094 autem
3012 1055 3142 1094 cum
3167 1039 3387 1095 Christo
3409 1041 3677 1110 regnabant

2108 1145 2256 1198 quos
2290 1128 2439 1184 Deus
2471 1129 2730 1201 gratuita
2761 1129 3020 1184 bonitate
3055 1146 3158 1184 sua
3191 1129 3580 1200 predestinavit
3620 1131 3672 1184 ad

2110 1233 2376 1290 regnum.
2411 1219 2560 1283 Quia
2579 1217 2736 1275 enim
2761 1235 2859 1274 eos
2883 1218 3029 1275 tales
3055 1217 3493 1290 praedestinando
3513 1235 3680 1290 praepa-

2106 1309 2332 1364 ravitut
2350 1325 2528 1380 regno
2555 1308 2711 1377 digni
2737 1309 3300 1380 essent,prteparavit
3318 1315 3499 1379 utique
3513 1325 3678 1364 secun-

2110 1400 2248 1452 dum
2274 1399 2639 1470 propositum
2661 1399 2954 1455 vocandos
2979 1403 3043 1453 ut
3065 1398 3367 1464 obediant;
3403 1397 3681 1468 preparavit

2100 1488 2537 1559 justiﬁcandos,
2564 1495 2626 1544 ut
2657 1494 2894 1559 accepta
2915 1488 3104 1560 gratia
3131 1494 3278 1544 recte
3299 1488 3532 1554 credant,
3552 1493 3599 1542 et
3615 1489 3683 1542 be-

2114 1595 2186 1633 ne
2219 1577 2435 1644 vivant;
2473 1584 2817 1648 praeparant
2848 1579 3021 1633 etiam
3051 1576 3469 1645 gloriﬁcandos,
3489 1582 3544 1630 ut
3560 1576 3681 1631 Chri-

2111 1669 2182 1724 sti
2202 1667 2532 1724 coheredes
2550 1670 2762 1736 etl‘ecti,
2785 1685 3029 1740 regnum
3054 1670 3326 1724 ccslorum
3348 1669 3460 1724 sine
3479 1667 3576 1722 tice
3588 1684 3686 1739 pos-

2113 1760 2366 1814 sideant.

347 1857 524 1919 terra,
558 1852 795 1922 quidam
833 1851 903 1905 de
935 1850 1103 1917 aquis
1129 1851 1413 1920 originem
1447 1848 1671 1901 ducunt
1702 1846 1797 1916 (de
1829 1842 2000 1914 aquis
2033 1841 2078 1906 Β
2180 1851 2267 1903 41,
2303 1854 2422 1906 Non
2452 1849 2774 1920 repetendus
2798 1851 3195 1918 bap(ismus,_
3219 1847 3302 1904 Ad
3331 1847 3472 1919 quod
3492 1861 3682 1917 regnum

349 1942 504 1997 enim
527 1949 667 1995 sunt
690 1940 917 2012 reptilia
935 1947 992 1994 et
1009 1938 1290 2005 volatilia,
1311 1939 1379 1993 de
1407 1942 1558 1991 terra
1583 1953 1714 1990 vero
1733 1933 1998 2006 qumdam

359 2047 486 2102 qua:
523 2037 753 2100 repunt.
787 2029 1056 2102 quaedam
1091 2046 1225 2084 vero
1257 2045 1384 2099 qua:
1417 2027 1786 2098 gradiuntur,
1811 2028 2005 2078 exorta

361 2125 546 2184 sunt),
567 2121 767 2175 taudiu
785 2121 1030 2190 spiritus
1049 2126 1187 2174 sunt
1210 2120 1465 2188 quandiu
1489 2119 1542 2171 in
1569 2115 1906 2186 corporibus
1928 2112 2008 2166 vi-

363 2215 527 2264 vunt.
564 2210 772 2265 Anima
807 2209 1022 2281 quippe
1053 2227 1178 2281 quas
1213 2208 1455 2264 rationis
1505 2223 1684 2276 capax
1729 2203 2007 2258 divinitus

361 2300 515 2354 facta
547 2317 659 2354 non
689 2305 799 2365 est,
834 2315 966 2354 cum
1002 2316 1176 2355 carne
1207 2315 1314 2354 sua
1344 2303 1401 2353 et
1454 2297 1660 2367 incipit
1693 2300 1747 2349 et
1795 2292 2010 2348 desinit

358 2389 570 2443 vivere:
607 2390 743 2459 quia
775 2388 1011 2458 quando
1043 2386 1270 2459 corpori
1305 2386 1478 2440 vitam
1515 2401 1626 2439 non
1681 2383 1907 2449 tribuit,
1955 2385 2012 2434 et

361 2476 490 2548 ipsa
516 2493 630 2531 non
664 2477 802 2531 vivit
831 2483 1004 2547 atque
1038 2477 1117 2530 ita
1143 2476 1288 2530 miro
1313 2475 1481 2530 modo
1503 2490 1634 2528 cum
1662 2472 1820 2528 omni
1851 2469 2009 2526 carni

364 2565 562 2621 anima
581 2565 658 2620 sit
689 2582 867 2620 cavsa
898 2565 1146 2633 vivendi,
1171 2563 1414 2634 spiritus
1438 2570 1631 2618 tamen
1660 2559 2014 2616 irrationalis

364 2655 571 2709 tandiu
602 2655 743 2709 vivit
773 2654 1034 2726 quandiu
1071 2655 1128 2708 in
1163 2671 1334 2709 carne
1376 2670 1606 2708 manere
1654 2656 1926 2724 potuerit,
1961 2653 2013 2704 et

371 2745 511 2798 dum
547 2762 579 2798 a
609 2759 782 2798 carne
815 2761 923 2798 sua
957 2749 1284 2814 separatur,
1317 2742 1822 2814 exstinguiturw).
1854 2739 1936 2794 Ita
1958 2740 2019 2791 fit

371 2838 455 2899 ut,
509 2849 640 2888 cum
693 2832 818 2903 ipse
868 2834 986 2888 vita
1033 2833 1225 2888 carnis
1268 2850 1388 2888 suae
1439 2838 1534 2896 sit,
1590 2831 1773 2887 vivere
1822 2837 2018 2883 tamen

384 2929 656 2994 nequeat,
707 2923 943 2993 quando
992 2923 1164 2977 vitam
1213 2923 1371 2978 carni
1423 2923 1875 2977 subministrare
1921 2919 2022 2972 de—

379 3013 618 3076 stiterit;
649 3018 706 3068 et
735 3012 784 3069 si
819 3030 932 3068 non
964 3013 1036 3068 sit
1077 3030 1210 3068 caro
1254 3013 1345 3067 cui
1396 3012 1570 3067 vitam
1623 3012 1760 3064 dare
1811 3007 2021 3074 valeat,

377 3103 502 3174 ipse
533 3119 768 3175 quoque
801 3120 928 3158 eam
964 3103 1230 3173 protinus
1264 3119 1374 3157 non
1429 3101 1683 3156 habebit.
1739 3099 1870 3155 ldeo
1921 3113 2025 3151 nec

2113 1942 2356 1996 diversis
2383 1941 2743 2012 temporibus
2773 1957 2873 2012 per
2900 1946 3266 1995 sacramenta
3294 1955 3412 2007 quae
3447 1938 3509 1992 ad
3551 1935 3682 1990 ﬁdem

2115 2030 2541 2088 incarnationis
2558 2047 2675 2085 sua:
2689 2030 2960 2086 Christus
2977 2028 3253 2095 instituit,
3270 2027 3347 2082 illi
3371 2029 3686 2099 pervenerunt

2118 2139 2264 2192 quos
2296 2125 2450 2176 Deus
2480 2119 2660 2189 gratis
2694 2117 2858 2173 nullo
2909 2119 3074 2173 bonas
3124 2116 3424 2172 voluntatis
3466 2114 3537 2170 vel
3578 2112 3682 2168 boni

2118 2229 2222 2283 Ope
2233 2212 2308 2266 ris
2325 2212 2462 2265 meri
2475 2216 2530 2264 to
2546 2209 2905 2280 praecedente
2919 2205 3634 2273 salvavit.Quemadmodun:
3649 2205 3691 2256 et

2119 2318 2186 2357 ex
2219 2301 2316 2354 illo
2349 2307 2608 2371 tempore
2639 2316 2755 2370 quo
2788 2297 3054 2353 Salvator
3087 2303 3278 2353 nOster
3302 2297 3466 2352 dixit:
3511 2294 3558 2348 Si
3594 2292 3690 2363 quis

2121 2396 2344 2447 renatus
2373 2407 2484 2445 non.
2515 2393 2684 2459 fuerit
2713 2405 2781 2444 ex
2810 2406 2956 2460 aqua
2989 2394 3038 2443 et
3072 2389 3282 2460 Spiritu
3318 2389 3485 2443 sancto
3510 2400 3596 2438 non
3619 2397 3691 2453 p0-

2121 2489 2220 2539 εδει
2240 2482 2472 2538 introire
2503 2484 2565 2536 in
2597 2496 2824 2550 regnum
2859 2480 2957 2533 Dei
2988 2480 3169 2550 (Joan.
3205 2495 3286 2544 ιιι,
3318 2480 3392 2548 5).
3421 2476 3606 2546 absque
3623 2488 3691 2526 sa-

2125 2570 2509 2640 cramento(d)
2526 2567 2923 2641 baptismatis,
2944 2573 3155 2638 praeter
3183 2582 3282 2622 eos
3312 2563 3403 2634 qui
3423 2562 3474 2618 in
3496 2558 3694 2616 Ecclesia

2125 2661 2414 2717 catholica
2445 2660 2571 2714 sine
2605 2657 2955 2729 baptismate
2987 2672 3094 2727 pro
3143 2656 3364 2712 Christo
3413 2649 3692 2721 sanguinem

2130 2752 2518 2815 l'undunt,nec
2538 2763 2781 2817 regnum
2799 2747 3080 2802 oculorum
3100 2743 3574 2817 potestquisquam
3590 2737 3698 2792 acci-

2133 2857 2286 2912 pere,
2312 2856 2415 2893 nec
2445 2837 2620 2892 vitam
2646 2843 2942 2891 aeternam.
2960 2835 3113 2898 Quia
3138 2836 3259 2889 sive
3279 2833 3332 2887 in
3365 2830 3616 2886 Catholica
3633 2825 3695 2893 (ε),

2131 2933 2250 2986 sive
2273 2930 2329 2984 in
2346 2927 2546 2982 haeresi
2564 2941 2914 2997 quacunque
2936 2925 3021 2980 vel
3047 2924 3360 2979 schismate
3381 2922 3642 2992 quisquam
3659 2913 3699 2966 in

2135 3020 2370 3075 nomine
2394 3018 2580 3072 Patris
2606 3022 2662 3070 et
2677 3015 2800 3070 Filii
2822 3023 2879 3070 et
2901 3014 3158 3086 Spiritus
3181 3014 3359 3070 sancti
3387 3004 3621 3081 baptismi
3639 3019 3703 3056 sa-

2136 3114 2501 3164 cramentum
2531 3104 2841 3176 acceperit,
2859 3106 3156 3177 integrum
3179 3108 3577 3158 sacramentum
3597 3090 3706 3148 acci-

381 3195 674 3249 teternitas
722 3192 1166 3249 irrationalibus
1215 3191 1704 3265 spiritibus.data
1754 3194 1864 3258 est,
1916 3206 2019 3243 nec

2142 3201 2350 3273 pit;sed
2367 3198 2773 3267 salutem,quae
2790 3195 2971 3249 virtus
2987 3202 3080 3249 est
3103 3191 3427 3259 sacramati,
3459 3204 3555 3244 non
3577 3183 3707 3238 babe-

378 3284 611 3356 aliquod
648 3284 731 3340 eis
756 3284 1048 3355 judicium
1103 3288 1479 3356 praeparatur,
1534 3285 1593 3338 in
1641 3292 1755 3354 Quo
1803 3282 1888 3336 eis
1935 3279 2022 3336 vel

381 3375 680 3430 beatitudo
715 3391 818 3445 pro
851 3375 1040 3444 bonis,
1075 3374 1162 3430 vel
1196 3374 1494 3431 damnatio
1527 3391 1630 3445 pro
1677 3373 1851 3428 malis
1899 3370 2027 3426 red-

381 3463 556 3518 datur
587 3463 883 3534 operibus.
920 3463 1055 3520 Ideo
1085 3465 1183 3535 (at.
1219 3463 1380 3530 Inde)
1409 3471 1602 3519 autem
1647 3462 1705 3517 in
1756 3462 1840 3517 eis
1896 3462 2027 3516 nul-

383 3552 435 3608 la
469 3569 710 3625 operum
765 3555 1036 3611 discretio
1087 3554 1440 3626 requiretur,
1486 3553 1626 3626 quia
1674 3551 1891 3607 nullam
1943 3550 2030 3605 in-

384 3641 678 3714 telligendi
699 3643 1029 3698 facultatem
1055 3644 1338 3700 divinitus
1355 3647 2034 3716 acceperunt.Propterea

387 3748 524 3805 ergo
554 3749 754 3789 eorum
775 3750 1016 3804 corpora
1038 3742 1436 3790 resurrectura
1465 3752 1576 3790 non
1605 3735 1909 3806 sunt,quia
1931 3749 2033 3788 nec

392 3821 452 3875 in
498 3822 643 3891 ipsis
663 3823 975 3876 animabus
990 3830 1323 3889 eorum,aut
1345 3823 1610 3893 aequitas,
1629 3829 1730 3877 aut
1752 3822 2035 3893 iniquitas

394 3907 637 3979 fuit,pro
652 3925 768 3979 qua
781 3909 865 3964 eis
883 3911 1218 3980 eterna,vel
1242 3912 1536 3967 beatitudo
1552 3911 1626 3966 sit
1641 3909 2036 3978 retribuendu,

395 3997 481 4052 vel
519 4014 710 4068 penna.

466 4088 553 4144 40.
577 4085 675 4142 llla
692 4085 868 4158 igitur
889 4086 1253 4158 (c)animalia
1271 4090 1572 4160 praesentis
1585 4091 1780 4146 saeculi
1797 4108 2038 4148 cursum

393 4181 570 4250 atque
599 4181 870 4232 ornatum
892 4179 1214 4234 secundum
1240 4179 1525 4234 Creatoris
1549 4182 1737 4236 incum
1751 4182 2044 4252 prehensi-

399 4268 570 4326 bilem
591 4268 1806 4342 peraguntvoluntatem,quaadosuisfactis
1824 4271 2042 4328 nullam

398 4359 686 4414 rationem
723 4358 1024 4414 redditura
1053 4366 1213 4424 sunt,
1243 4361 1382 4432 quia
1413 4359 1716 4415 rationalia
1737 4378 1848 4416 non
1881 4367 2040 4427 sunt,

398 4447 662 4520 Nunquid
692 4450 839 4504 enim
869 4448 934 4504 de
963 4449 1125 4504 bobus
1151 4466 1286 4505 cura
1314 4461 1394 4503 est
1428 4451 1530 4505 Deo
1560 4452 1610 4519 (Ι
1645 4452 1764 4507 Cor.
1799 4467 1857 4516 v,
1915 4453 1997 4514 1οι
2020 4451 2047 4506 ?

2130 3292 2286 3355 bit,si
2305 3294 2462 3344 extra
2475 3287 2820 3342 catholicam
2832 3283 3078 3339 Ecclesia
3093 3283 3351 3354 mipsum
3366 3275 3709 3336 sacramentum

2131 3382 2421 3438 habuerit.
2457 3378 2601 3445 Ergo
2631 3375 2759 3430 ideo
2792 3375 2965 3429 debet
2994 3372 3070 3429 ad
3095 3371 3404 3428 Ecclesiam
3426 3367 3602 3428 redire,
3622 3375 3704 3416 non

2135 3479 2196 3528 ut
2215 3472 2648 3526 sacramentum
2676 3463 3055 3534 baptismatis
3074 3464 3284 3518 iterum
3309 3458 3576 3529 acccipiat,
3592 3448 3704 3523 quod

2136 3577 2305 3616 nemo
2341 3559 2512 3613 debet
2543 3557 2598 3610 in
2632 3553 2892 3626 quolibet
2921 3551 3163 3608 homine
3195 3549 3472 3623 baptizato
3493 3547 3708 3614 repetere.

2138 3650 2237 3706 sed
2262 3655 2322 3704 ut
2346 3649 2403 3702 in
2428 3647 2705 3701 societate
2720 3641 3208 3698 catholicavitam
3224 3647 3479 3695 aeternam
3501 3630 3708 3700 accipiat.

2141 3741 2211 3796 ad
2246 3754 2424 3810 quam
2450 3733 2827 3792 obtinendam
2846 3749 3150 3803 nunquam
3167 3748 3296 3787 esse
3311 3732 3481 3800 potest
3503 3721 3710 3810 idoneus.

2141 3830 2240 3901 qui
2258 3804 2390 3883 cum
2424 3832 2786 3882 sacramento
2808 3821 3183 3894 baptismatis
3205 3821 3277 3875 ab
3290 3814 3519 3875 Ecclesia
3533 3804 3712 3901 catholi-

2144 3899 2210 3977 ca
2245 3916 2590 3975 remanserit
2619 3913 2869 3970 alienus.
2899 3913 3006 3979 Qui
3033 3914 3081 3968 si
3106 3913 3204 3980 (al.
3228 3911 3384 3976 Quod
3407 3905 3582 3975 etsi)et
3603 3899 3710 3955 elea-

2146 4025 2422 4081 mosynas
2455 4008 2649 4077 largas
2676 4003 2869 4072 faciat,
2903 4008 2958 4057 et
2989 4019 3094 4074 pro
3128 4002 3358 4057 nomine
3378 3993 3560 4053 Christi
3579 3992 3706 4047 etiam

2151 4101 2497 4168 sanguinem
2531 4096 2752 4156 fundat,
2789 4109 2891 4164 pro
2916 4107 2982 4147 eo
3013 4091 3176 4162 quod
3206 4092 3265 4146 in
3297 4089 3403 4145 hac
3424 4087 3529 4141 vita
3551 4081 3714 4137 nente-

2147 4188 2276 4244 nuit
2307 4184 2571 4242 Ecclesiae
2596 4181 2892 4238 catholicas
2916 4182 3228 4249 unitatem,
3251 4197 3361 4235 non
3388 4174 3711 4232 babebilnlt‘r'

2150 4294 2283 4334 nam
2319 4277 2590 4331 salutem.
2626 4271 2733 4328 Ubi
2765 4270 2919 4326 enim
2946 4271 3167 4342 cuique
3190 4269 3456 4343 prodesse
3476 4254 3714 4337 potestba-

2151 4368 2424 4440 ptismus,
2457 4363 2537 4417 ibi
2567 4367 2756 4434 potest
2777 4366 2835 4416 et
2853 4359 3226 4432 eleemosyna
3258 4357 3530 4430 prodesse.
3553 4343 3716 4440 Baptis:

2151 4429 2286 4512 inus
2303 4462 2496 4512 autem
2513 4429 2672 4509 ex-tra
2696 4450 3014 4507 Ecclesium
3041 4429 3284 4521 quidem
3307 4461 3429 4504 esse
3455 4443 3629 4517 potest,
3646 4429 3715 4489 sed

399 4536 676 4593 Homines
713 4553 844 4595 vero
877 4539 976 4610 qui
1017 4540 1329 4595 rationales
1355 4540 1507 4597 519
1544 4542 1676 4596 lacti
1709 4547 1869 4606 sunt,
1895 4547 1950 4594 et
1973 4541 2042 4594 de
2080 4576 2121 4640 υ
2157 4549 2267 4603 ι]ἰεὶ
2303 4548 2459 4601 intra
2491 4542 2804 4598 Ecclesium
2841 4541 3120 4610 prodesse
3154 4557 3266 4594 non
3303 4541 3498 4611 potest.

404 4643 482 4689 se,
504 4633 560 4682 et
583 4628 653 4682 de
674 4630 950 4685 omnibus
966 4630 1137 4684 rebus
1169 4631 1387 4701 quasin
1407 4648 1576 4686 usum
1593 4633 1725 4687 vita
1740 4631 2044 4703 praesentis

405 4721 776 4786 acceperunt,
801 4717 1084 4773 rationem
1105 4719 1386 4776 reddituri
1413 4729 1545 4777 sunt
1561 4723 1697 4791 Deo,
1716 4729 1774 4778 et
1794 4738 1894 4793 pro
1917 4737 2043 4777 suo-

406 4820 536 4858 rum
569 4809 800 4859 actuum
833 4805 1113 4874 qualitate
1147 4811 1445 4880 recipient,
1493 4821 1588 4867 aut
1642 4828 1894 4884 pmnam,
1947 4815 2048 4865 aut

407 4892 676 4965 gloriam.
721 4894 916 4949 Omnes
947 4897 1092 4949 enim
1133 4911 1228 4952 nos
1277 4899 1628 4967 manifestari
1673 4910 1880 4972 Oportet
1919 4904 2048 4955 ante

402 4983 650 5040 tribunal
683 4983 898 5039 Christi
927 4987 983 5038 ut
1014 4986 1243 5056 recipiat
1277 4987 1650 5058 unusquisque
1667 4993 1894 5062 propria
1925 5007 2046 5044 cor-

393 5073 570 5148 poris,
600 5077 764 5145 prout
795 5076 990 5147 gessit,
1021 5077 1140 5130 sive
1177 5075 1396 5146 bonum,
1429 5077 1546 5132 sive
1585 5079 1794 5133 malum
1823 5082 1895 5144 (ll
1925 5080 2044 5136 Cor.

397 5182 453 5234 v,
485 5167 571 5240 10)
600 5170 780 5222 :tunc
811 5164 1032 5222 scilicet
1062 5179 1215 5232 cum,
1249 5167 1573 5222 secundum
1623 5167 1812 5238 ipsius
1861 5171 2045 5226 nostri

398 5255 683 5314 Creatoris
709 5273 774 5312 ac
807 5255 1210 5328 Redemptoris
1241 5256 1567 5328 eloquium:
1603 5256 1798 5313 Omnes
1841 5261 1941 5329 qui
1990 5261 2048 5314 in

399 5349 771 5404 monumentis
801 5351 925 5403 sunt
956 5346 1182 5403 audient
1206 5362 1385 5404 vocem
1411 5347 1546 5420 ejus;
1569 5353 1624 5404 et
1643 5347 1930 5420 precedent
1952 5350 2052 5419 qui

453 5512 550 5589 .(a)
573 5509 682 5591 Ms.
716 5508 924 5573 Vatic.,
957 5525 1080 5565 cum
1097 5511 1276 5566 omnis
1298 5511 1488 5567 anima
1510 5513 1569 5567 in
1593 5527 1762 5567 carne
1787 5513 1859 5568 sit
1880 5529 2052 5570 causa

405 5581 650 5636 vivendi.

481 5651 554 5718 (ὁ)
589 5651 731 5708 Mss.
765 5655 904 5716 tres,
935 5657 1285 5710 extenuatur.

483 5721 552 5790 (ε)
585 5722 764 5776 Abest
793 5724 972 5790 igitur
1001 5741 1034 5778 a
1062 5741 1205 5781 mss.
1240 5730 1512 5790 quatuor.

486 5790 564 5864 (ἆ)
590 5790 781 5846 Vatic.
817 5807 988 5860 unus,
1012 5795 1071 5848 id
1097 5800 1176 5850 est
1205 5790 1412 5867 absque
1432 5807 1799 5857 sacramento:

2229 4638 2316 4692 42.
2352 4635 2593 4690 Ecclesia
2642 4629 2936 4687 catholica.
2970 4661 3035 4672 --
3070 4631 3133 4685 Ir.
3167 4629 3420 4684 Ecclesia
3448 4623 3602 4697 igitur
3625 4621 3719 4670 tan-

2157 4726 2463 4782 tummodo
2494 4721 2782 4779 catholica
2814 4725 3004 4792 potest
3034 4718 3354 4790 unicuique
3398 4713 3648 4788 prodesse,
3684 4705 3722 4755 el

2159 4816 2451 4890 perceptio
2471 4811 2866 4884 baptismatis,
2891 4820 2942 4865 et
2970 4825 3149 4881 opera
3171 4803 3577 4869 misericordiae,
3597 4802 3641 4890 et
3657 4807 3724 4890 tto-

2159 4883 2347 4961 ininis'
2365 4883 2578 4960 Christi
2612 4900 2867 4972 gloriosa
2891 4900 3213 4956 confessio:
3239 4899 3284 4956 si
3312 4895 3560 4954 tamenin
3582 4883 3724 4944 Eccle-

2158 4997 2249 5052 sia
2276 4993 2561 5051 catholica
2591 4993 2738 5048 bene
2789 4991 3033 5045 vivatur.
3065 4990 3234 5046 520
3262 4989 3418 5043 Sicut
3461 4983 3594 5039 enim
3635 4973 3723 5028 sine

2158 5082 2430 5139 Ecclesia:
2446 5079 2748 5136 catholicae
2767 5079 3040 5133 societate
3055 5094 3161 5132 nec
3177 5063 3725 5149 baptismusalicuipo-

2158 5177 2274 5229 test
2302 5171 2595 5242 prodesse,
2631 5184 2737 5223 nec
2766 5184 2942 5238 opera
2972 5165 3402 5234 misericordiae,
3427 5160 3525 5216 nisi
3555 5157 3668 5211 forte
3684 5153 3724 5201 ul

2159 5262 2364 5318 mitius
2394 5260 2471 5331 (al
2501 5257 2719 5328 minus)
2771 5263 3128 5328 torqueatur,
3180 5273 3292 5311 non
3335 5260 3514 5310 tamen
3543 5242 3727 5302 utinler

2161 5351 2258 5406 Dei
2282 5350 2432 5406 ﬁlios
2455 5350 2802 5420 deputetur:
2829 5350 2912 5403 sic
2940 5348 3091 5402 intra
3115 5344 3428 5402 Ecclesium
3451 5331 3725 5396 catholicam

2234 5515 2298 5585 (ε)
2331 5511 2425 5567 Sic
2467 5515 2792 5585 ms_s.ﬂtres.
2818 5511 2890 5585 At
2919 5508 3079 5585 editi,
3107 5510 3166 5585 in
3198 5507 3457 5585 catholica
3479 5496 3726 5585 ﬁdeliatif.

2164 5577 2341 5652 unus,
2363 5587 2423 5640 in
2447 5583 2718 5638 catholica
2749 5579 3020 5652 Ecclesia.
3051 5581 3302 5635 Priorem
3329 5577 3726 5652 lectionemnptﬁ'

2613 5634 2758 5725 quia
2779 5634 2874 5706 SS.
2905 5651 3010 5706 PP.
3031 5634 3333 5725 familiare
3352 5655 3436 5706 est
3461 5634 3732 5725 solo

2165 5731 2293 5787 licae
2317 5715 2554 5784 nomine
2577 5715 2895 5782 Ecclesium
2921 5723 3379 5794 designars,tum
3401 5722 3526 5794 quia
3545 5715 3727 5769 interius

2166 5801 2330 5870 dicit,
2365 5799 2420 5858 si
2441 5809 2602 5857 extra
2633 5795 2930 5854 Ecclesium
2956 5795 3306 5852 catholicam.
