3848 6326
201 337 228 346 σι

1479 328 1582 416 ns
1628 322 2106 414 sinsitlss‘a'
2127 330 2360 418 UNUS.

3474 365 3478 368 ’
3511 369 3631 429 694

212 510 308 565 per
329 490 524 550 solum
549 491 911 562 baptismum
933 492 1050 548 vita
1076 495 1293 548 aeterna
1311 507 1423 547 non
1450 487 1852 564 acquiritur,si
1882 486 1935 554 Α
1965 486 2156 545 solum
2178 490 2225 545 si
2247 491 2642 549 fornicationis
2659 494 2954 551 mortifero
2974 496 3220 554 crimine
3241 499 3337 572 (al.
3360 502 3620 576 vulnere)

210 589 333 656 post
357 584 723 654 baptismum
749 583 896 638 male
922 582 1166 638 vivatur.
1199 581 1342 639 Nam
1373 588 1427 637 et
1458 582 1542 637 illi
1575 580 1675 653 qui
1710 582 1858 636 bene

1971 579 2521 644 maculetur,verum
2553 583 2730 640 etiam
2756 585 2801 640 si
2837 591 2938 641 aut
2963 587 3048 641 vir
3067 605 3304 645 uxorem
3333 593 3620 665 accipere,

206 676 404 729 vivunt
437 673 654 729 debent
691 672 967 745 operibus
1013 673 1429 731 misericordiae
1462 673 1862 728 indesinenter
1967 669 2115 726 52]
2145 674 2987 743 autmuliernubcrevoluerit,
3011 681 3332 737 secundum
3356 686 3611 756 Apostoli

204 763 518 819 insistere:
552 763 808 819 scientes
845 780 908 820 se
937 762 1074 818 licet
1125 763 1290 831 levia,
1334 763 1618 819 nonnulla
1661 767 1857 818 tamen

206 854 468 925 quotidie
500 853 846 909 contrahere
868 859 1121 923 peccata,
1156 871 1259 924 pro
1274 855 1490 925 quibus
1515 853 1692 908 etiam
1718 869 1856 908 san—

204 943 278 999 cti
308 948 366 999 et
389 943 542 1013 justi
575 959 808 1012 semper
835 943 896 998 in
929 943 1038 1001 hac
1069 943 1187 1000 vita
1221 949 1332 999 Deo
1354 944 1546 999 dicere
1569 943 1846 997 debeant:

201 1033 428 1089 Dimitte
452 1034 615 1088 nobis
635 1032 819 1088 debita
835 1034 1191 1102 nostra,sicut
1212 1037 1264 1090 et
1281 1049 1382 1089 nos
1404 1031 1750 1089 dimittimus
1764 1032 1853 1087 de-

205 1123 471 1179 bitoribus
488 1125 691 1179 nostris
721 1123 940 1195 (Matth.
973 1140 1049 1194 vi,
1081 1124 1188 1195 12).
1215 1125 1350 1190 Quae
1373 1128 1609 1194 peccata
1629 1125 1849 1192 quanto

203 1214 366 1271 etiam
392 1215 479 1282 (τι)
511 1214 569 1268 in
617 1213 791 1268 rebus
821 1211 1002 1268 licitis
1051 1219 1108 1269 et
1153 1231 1186 1269 a
1228 1218 1338 1269 Deo
1386 1213 1683 1269 concessis
1725 1213 1845 1268 fre-

205 1309 446 1376 quenter
467 1303 813 1358 hominibus
833 1306 1183 1374 subrepunt,
1206 1307 1493 1375 etquanto
1510 1302 1698 1374 magis
1726 1303 1846 1357 for-

207 1393 452 1450 tioribus
475 1393 625 1449 cibis
647 1409 860 1462 corpus
877 1393 1154 1463 impletur
1183 1398 1238 1448 et
1263 1392 1598 1448 carnalibus
1621 1409 1719 1448 cor
1745 1393 1844 1447 ho-

205 1484 369 1540 minis
383 1483 616 1540 actibus
632 1490 808 1554 atque
831 1483 1136 1539 affectibus
1158 1483 1516 1554 implicatur,
1548 1488 1712 1538 tanto
1729 1483 1842 1539 fre-

216 1575 474 1646 quentior
491 1573 664 1643 culpa
693 1573 752 1628 in
789 1577 895 1629 hac
927 1573 1282 1629 mortalitate
1314 1573 1699 1628 contrahitur.

270 1665 350 1719 43.
386 1663 753 1719 Abstinentia.
788 1696 857 1704 —
888 1664 1196 1731 Pr0pterea
1222 1663 1472 1719 humiles
1495 1664 1644 1719 servi
1677 1663 1838 1719 Chri-

212 1757 295 1818 sti,
324 1755 419 1827 qui
444 1755 696 1822 cupiunt
725 1753 972 1809 Domino
1004 1771 1110 1810 suo
1142 1753 1268 1808 sine
1306 1754 1730 1825 impedimento
1779 1760 1836 1811 et

1967 761 2317 817 sententiam
2335 767 2378 831 (I
2400 765 2532 820 Tim.
2555 783 2606 833 v,
2630 767 2733 830 12),
2756 767 3189 823 damnationem
3210 770 3616 844 habebit,quia

1964 849 2192 919 priman
2215 852 2378 908 ﬁdem
2395 854 2610 910 irritam
2631 854 3612 930 fecit.Sicutergo,secundumApo-

1962 939 2096 994 stoli
2112 944 2463 999 sententiam
2481 947 2522 1016 (Ι
2540 949 2637 1004 σω
2654 991 2665 1003 .
2685 947 2868 1011 vu.3),
2889 947 3132 1018 dignum
3161 954 3248 1005 est
3264 956 3328 1004 ut
3344 952 3505 1006 uxori
3521 953 3608 1008 vir

1960 1027 2217 1086 debitum
2253 1035 2477 1100 reddat,
2504 1035 2778 1091 similiter
2799 1042 2854 1092 et
2886 1053 3032 1093 uxor
3055 1037 3196 1106 viro,
3231 1041 3372 1111 quia
3403 1041 3449 1096 si
3475 1043 3611 1113 quis

1959 1120 2246 1189 acceperit
2279 1139 2516 1178 uxorem
2553 1141 2666 1179 non
2705 1130 3004 1196 peccat.et
3044 1125 3094 1182 si
3138 1127 3298 1198 virgo
3344 1132 3612 1200 nupserit

1957 1223 2070 1262 non
2089 1216 2306 1280 peccat,
2322 1211 2400 1265 ita
2418 1213 2741 1268 secundum
2779 1213 3045 1283 ejusdem
3065 1215 3325 1286 Apostoli
3355 1217 3575 1272 dictum
3594 1262 3609 1288 ,

1955 1297 2054 1369 qui
2087 1300 2359 1355 statuerit
2381 1301 2436 1356 in
2455 1304 2628 1358 corde
2650 1319 2757 1358 suo
2774 1302 2977 1358 firmus
2999 1320 3112 1359 non
3147 1303 3364 1361 habens
3403 1324 3610 1365 neces-

1952 1386 2206 1454 sitatem,
2243 1394 2590 1461 potestatem
2625 1398 2819 1447 autem
2855 1392 3077 1447 habens
3107 1410 3223 1448 sua;
3253 1394 3597 1461 voluntatis,

1949 1481 2006 1531 et
2031 1479 2248 1532 voverit
2279 1479 2703 1536 continentiam
2751 1481 2882 1542 Deo.
2933 1481 3105 1536 debet
3145 1499 3272 1538 eam
3319 1500 3503 1555 usque
3537 1485 3596 1540 in

1949 1565 2122 1621 linem
2138 1573 2264 1623 tota
2287 1572 2499 1624 mentis
2516 1569 2912 1626 sollicitudine
2930 1569 3247 1634 custodire.
3265 1589 3336 1627 ne
3353 1573 3596 1630 damna-

1946 1655 2162 1712 tionem
2197 1658 2428 1724 habeat,
2462 1659 2510 1713 si
2539 1660 2785 1731 primam
2811 1659 2986 1715 fidem
3019 1661 3243 1716 irritam
3272 1662 3484 1718 fecerit.
3509 1664 3592 1718 Si-

1946 1745 2161 1802 militer
2191 1757 2247 1802 et
2276 1750 2570 1820 conjugiti
2603 1749 2734 1817 viri,
2759 1749 2842 1804 vel
2875 1752 3196 1822 conjugatae
3231 1751 3584 1819 mulieres,si

213 1846 415 1917 absque
441 1844 623 1900 animi
657 1845 829 1899 noxia
869 1843 1247 1912 occupatione
1289 1845 1525 1914 servire,
1567 1847 1834 1916 conjugi.
1865 1849 1913 1914 Β
1942 1853 2010 1892 ex
2041 1853 2329 1892 consensu
2361 1855 2672 1909 perennem
2702 1839 2811 1894 Deo
2837 1839 3102 1894 vowrint
3138 1841 3588 1909 continentiam,

213 1935 428 1990 omnino
461 1951 573 1990 non
599 1937 905 2005 appetunt,
948 1938 1003 1986 et
1025 1949 1058 1987 a
1091 1930 1365 1987 carnibus
1388 1949 1454 1988 ac
1475 1933 1607 1989 vino
1639 1936 1826 1992 absti-

214 2030 351 2090 nent,
380 2025 436 2080 in
471 2034 761 2096 quantum
794 2021 1054 2094 corporis
1087 2021 1354 2077 valetudo
1387 2024 1828 2095 permittit.Non

213 2114 329 2184 quia
353 2119 652 2169 neccatum
674 2117 763 2168 est
781 2117 884 2168 aut
920 2112 1228 2184 conjugem
1255 2112 1485 2176 habere.
1518 2119 1619 2170 aut
1636 2116 1832 2172 vinum

214 2220 460 2260 carnesve
493 2204 789 2276 percipere
813 2219 826 2256 :
850 2219 982 2256 nam
1013 2207 1072 2256 et
1093 2203 1300 2257 beatus
1327 2203 1633 2273 Apostolus
1656 2205 1826 2262 dicit:

211 2294 329 2362 Quia
356 2295 531 2349 omnis
560 2295 825 2348 creatura
859 2292 954 2346 Dei
985 2291 1127 2345 bona
1154 2297 1251 2354 est,
1282 2300 1334 2347 et
1377 2294 1522 2348 nihil
1566 2293 1830 2363 reficien-

206 2383 316 2438 dum
345 2388 484 2454 quod
502 2399 626 2438 eum
646 2383 965 2452 gratiarum
980 2382 1202 2436 actione
1221 2381 1558 2453 perripitur:
1583 2384 1828 2454 sanctiﬁ-

201 2484 346 2530 catur
369 2474 516 2530 enim
545 2491 645 2545 per
673 2473 896 2530 verbum
923 2473 1039 2537 Dei,
1071 2478 1124 2528 et
1154 2475 1456 2530 arationem
1481 2475 1536 2544 (Ι
1573 2475 1705 2531 Tim.
1751 2494 1828 2545 iv,

201 2566 248 2625 Δ,
273 2566 345 2636 5).
367 2564 719 2637 Conjugium
747 2579 980 2635 quoque
1004 2562 1058 2618 in
1079 2563 1286 2635 primis
1314 2563 1830 2622 hominihus’lieus

199 2660 250 2710 et
276 2654 546 2719 instituit,
577 2659 637 2708 et
658 2651 957 2708 benedixit
979 2651 1128 2723 (Gen.
1162 2667 1222 2720 ιι,
1254 2655 1365 2723 22).
1400 2659 1645 2724 Propter
1673 2657 1825 2725 quod

197 2744 488 2814 Apostolus
523 2743 642 2799 ait:
679 2741 1021 2799 Ilonorabile
1049 2742 1384 2798 eonnubium
1417 2745 1473 2797 in
1497 2743 1748 2799 omnibus
1777 2748 1830 2801 et

197 2842 336 2890 lorus
355 2833 743 2890 immaculatus
776 2832 950 2895 (Hebr.
973 2849 1098 2897 xm,
1133 2834 1208 2889 4).
1243 2833 1432 2904 Igitur
1463 2832 1538 2902 (b)
1563 2833 1710 2888 servi
1733 2832 1825 2889 Dei

190 2923 243 2978 in
258 2941 322 2980 eo
337 2926 485 2998 quod
511 2941 544 2978 a
568 2924 845 2979 carnibus
858 2921 1059 2976 etvino
1072 2921 1392 2987 abstinent,
1411 2939 1523 2977 non
1544 2932 1822 2994 tanquam

187 3013 608 3070 resimmundas
625 3012 1046 3080 refugiunt.sed
1067 3011 1392 3066 mundioris
1410 3011 1536 3065 vitae
1558 3010 1826 3068 instituta

186 3111 498 3170 sectantur,
529 3111 582 3159 et
626 3101 685 3156 in
719 3118 786 3157 eo
810 3101 965 3172 quod
992 3099 1265 3171 conjugis
1296 3117 1410 3156 nou
1445 3100 1682 3165 habent,
1709 3118 1822 3157 non

1943 1927 2210 1982 noverint
2236 1942 2296 1981 se
2328 1926 2438 1982 νοιὶ
2471 1930 2560 1982 sui
2587 1928 2867 1983 obnoxios
2911 1928 3153 1984 detineri
3200 1931 3269 2001 (e)
3311 1947 3412 1985 nec
3453 1932 3581 2000 jam

1940 2016 2051 2072 sibi
2084 2016 2292 2072 debere
2321 2018 2796 2072 commixtionem
2827 2018 3019 2073 carnis
3037 2036 3209 2090 quam
3231 2019 3448 2074 licitam
3469 2021 3584 2090 pri-

1940 2105 2120 2160 mitus
2145 2106 2474 2161 habuerunt
2519 2105 2620 2161 sed
2645 2105 2757 2162 Deo
2779 2124 2840 2162 se
2861 2108 3070 2163 debere
3093 2109 3589 2181 continentiamtl)

1941 2212 2116 2266 quam
2158 2203 2457 2251 voverunt.
2489 2195 2652 2250 Tunc
2697 2197 2851 2252 enim
2887 2197 3298 2269 unusquisque
3347 2215 3590 2270 regnum

1940 2285 2244 2352 ccelorum,
2281 2285 2436 2354 quod
2469 2286 2692 2340 sanctis
2736 2286 3109 2355 promittitur,
3155 2287 3493 2356 possidebit,
3543 2289 3591 2344 si

1941 2372 2292 2430 obliviscens
2325 2391 2452 2445 qua;
2478 2379 2630 2430 retro
2649 2380 2875 2441 sunt,et
2891 2374 2949 2430 in
2966 2375 3258 2430 anteriora
3272 2377 3592 2435 extendens

1941 2460 2224 2530 seipsum.
2245 2462 2571 2516 secundum
2592 2463 2744 2533 quod
2770 2462 2825 2516 in
2844 2462 3090 2516 Psalmis
3115 2460 3358 2517 dicitur:
3380 2462 3585 2528 Vuvete,

1937 2556 1995 2604 et
2022 2549 2231 2605 reddite
2265 2551 2496 2605 Omnino
2526 2551 2632 2605 Deo
2688 2562 2864 2606 vestro
2894 2551 3246 2620 (Psal.Lxxv,
3281 2550 3393 2620 l2).
3429 2552 3587 2622 quod

1939 2640 2050 2695 scit
2077 2655 2204 2695 esse
2234 2638 2486 2702 licitum,
2506 2645 2561 2694 et
2584 2641 2651 2694 ad
2681 2641 3000 2711 profectum
3030 2640 3286 2695 melioris
3307 2641 3440 2695 vitae
3465 2657 3590 2710 per-

1937 2728 2123 2784 tinere
2152 2729 2466 2799 cognOscit,
2489 2736 2543 2784 et
2575 2729 2823 2784 libenter
2845 2736 3066 2797 voveat,
3098 2734 3156 2785 et
3182 2729 3445 2785 celeriter
3462 2730 3590 2784 red-

1936 2827 2038 2882 dat
2052 2829 2147 2898 (g),
2167 2828 2294 2881 etin
2316 2827 2423 2882 huc
2448 2829 2601 2899 quod
2631 2835 2826 2883 votum
2853 2829 3063 2891 reddit,
3083 2828 3322 2884 meliore
3355 2845 3584 2901 semper

1937 2923 2146 2970 conatu
2177 2916 2644 2988 proliciat.0mni
2671 2917 2823 2972 enim
2849 2918 3072 2972 voventi
3101 2917 3297 2985 Deo,et
3317 2917 3582 2972 reddenti

1935 3006 2086 3076 quod
2121 3006 2298 3070 vovit,
2330 3007 2454 3076 ipse
2485 3023 2718 3078 quoque
2742 3007 2894 3062 Deus
2921 3006 3122 3061 reddet
3143 3006 3395 3061 caelestis
3420 3005 3584 3078 regni

1936 3096 2173 3167 praemia
2204 3112 2330 3166 quae
2366 3097 2650 3166 promisit.

180 3193 513 3264 nuptiarum
543 3191 764 3247 bonum
793 3189 1012 3245 crimen
1037 3205 1168 3246 esse
1189 3189 1551 3257 existimant,
1574 3191 1672 3245 sed
1688 3207 1821 3245 con-
1846 3213 1894 3282 ο
2003 3189 2134 3239 CAP.
2170 3201 2243 3249 1v,
2275 3201 2371 3240 seu
2406 3185 2635 3240 Racum
2667 3183 2855 3253 prima
2899 3185 3105 3239 Natura
3137 3185 3346 3240 divina.
3383 3214 3444 3226 —
3473 3185 3562 3241 45.

180 3282 482 3339 tinentiam
507 3281 712 3353 jugem
743 3279 915 3336 bonis
953 3279 1174 3350 nuptiis
1211 3279 1508 3334 meliorem
1540 3295 1670 3333 esse
1702 3296 1817 3334 non

183 3371 448 3429 dubitant
475 3388 489 3429 :
513 3373 626 3426 isto
647 3387 820 3444 quam
847 3371 1101 3425 maxime
1123 3374 1406 3440 tempore,
1429 3369 1664 3441 quando
1684 3369 1823 3424 dici-

187 3463 276 3515 tur
311 3462 380 3517 de
410 3459 804 3517 continentia:
838 3461 955 3532 Qui
979 3466 1150 3530 potest
1174 3475 1385 3522 cauere,
1405 3459 1819 3530 eapiatWatth.

184 3565 298 3619 xix,
335 3553 450 3620 l2);
483 3551 556 3606 de
589 3549 814 3622 nuptiis
845 3566 978 3605 vero
1008 3549 1259 3605 dicitur:
1295 3549 1400 3618 Qui
1428 3566 1486 3603 se
1514 3565 1623 3604 non
1651 3552 1825 3606 canti-

186 3645 294 3708 net,
317 3643 492 3697 nubat
525 3643 568 3710 (Ι
596 3641 716 3696 Cor.
750 3657 850 3706 vn,
890 3639 970 3706 9).
1019 3640 1082 3696 In
1130 3657 1246 3695 uno
1293 3640 1448 3695 enim
1491 3640 1821 3696 hortatione

182 3727 362 3785 virtus
377 3730 728 3802 erigitur(e),
743 3729 800 3783 in
823 3729 1004 3784 altero
1019 3727 1336 3784 infirmitas
1353 3729 1608 3785 remedio
1623 3729 1822 3785 suble-

179 3824 363 3875 vatur.
387 3819 546 3876 Unde
574 3818 715 3890 quia
739 3815 1070 3890 aegritudini
1107 3833 1342 3889 semper
1382 3824 1470 3873 est
1499 3818 1817 3875 consulen-

178 3907 340 3980 dum,
371 3916 674 3984 pmpterea
704 3909 751 3964 si
775 3909 865 3964 cui
894 3911 1080 3979 primo
1103 3909 1411 3980 contigerit
1443 3910 1650 3981 privari
1677 3927 1822 3966 con-

169 3993 351 4070 jugio.
374 4001 421 4055 si
450 3999 705 4056 voluerit
736 4000 1046 4066 secundas,
1099 3999 1185 4054 vel
1207 3998 1381 4055 etiam
1435 3999 1634 4055 tertias
1665 4001 1814 4058 inire

178 4089 428 4159 nuptias.
457 4088 690 4145 nullum
709 4087 916 4144 deillis
943 4094 1250 4160 peccatum
1267 4089 1527 4154 habebit,
1547 4090 1593 4144 si
1610 4107 1708 4146 eas
1727 4108 1820 4147 ca-

175 4179 263 4231 ste
287 4178 623 4243 servaverit,
646 4177 700 4232 id
734 4183 842 4247 est,
877 4177 924 4232 si
953 4195 1106 4232 unus
1127 4184 1184 4233 et
1214 4195 1349 4243 una,
1379 4177 1640 4250 legitime
1669 4180 1823 4235 dun-

174 4267 329 4322 taxat
367 4267 692 4338 conjuncti,
728 4267 900 4322 ﬁdem
932 4272 1186 4327 servant.
1220 4273 1411 4323 utnec
1454 4267 1552 4323 ille
1591 4269 1818 4325 mulieri

174 4364 378 4428 praeter
406 4374 786 4424 uxorem,nec
816 4359 914 4414 illa
937 4358 1059 4412 viro
1081 4363 1285 4428 praeter
1307 4358 1582 4414 maritum
1610 4359 1820 4415 ullate-

173 4462 287 4503 nus
320 4449 725 4506 misceatur.ln
750 4447 1038 4504 talibuset
1059 4449 1105 4502 si
1135 4448 1303 4503 fuerit
1323 4449 1534 4518 aliquis
1551 4451 1822 4517 conjuge.

171 4533 246 4591 lis
286 4553 582 4604 excessus,
623 4537 722 4609 qui
770 4544 962 4592 tamen
1005 4535 1330 4606 legitimum
1366 4553 1483 4591 non
1524 4535 1697 4591 violet
1727 4542 1818 4591 to-

174 4641 326 4694 rum,
353 4627 598 4684 habebit
626 4625 971 4681 nonnullum
1003 4627 1107 4695 (d,)
1133 4625 1232 4680 sed
1254 4624 1476 4680 veniale
1495 4631 1820 4698 peccatum.

245 4716 330 4771 44.
381 4716 756 4773 Continentia?
785 4725 980 4770 votum.
1006 4746 1071 4755 —
1102 4715 1212 4771 Sed
1255 4714 1376 4770 διες
1409 4713 1643 4771 illorum
1689 4721 1828 4772 sunt

176 4803 277 4875 qui
309 4804 533 4862 nullam
578 4809 858 4861 voverunt
894 4804 1310 4860 continentiam
1357 4803 1494 4861 Deo.
1539 4805 1822 4861 Caeterum

173 4894 445 4967 quisquis
467 4895 731 4967 seipsum
760 4894 1102 4950 castraverit
1131 4898 1369 4967 propter
1390 4911 1632 4967 regnum
1657 4895 1828 4951 caelo-

171 4997 325 5057 rum,
358 4995 414 5041 et
444 4985 506 5041 in
539 4984 714 5041 corde
736 5001 842 5040 suo
867 4984 1291 5040 continentiam
1315 4984 1432 5041 Deo
1454 4984 1690 5057 voverit,
1709 5002 1821 5043 non

245 5179 314 5249 (α)
342 5180 441 5236 Sic
464 5179 632 5254 editi.
667 5181 738 5236 At
770 5197 879 5254 ms.
909 5181 1107 5248 Corb.,
1136 5181 1402 5254 quoniam
1434 5181 1816 5241 etzam.Vatic.

188 5252 690 5322 “numquamiqu
713 5251 901 5308 etiam.

242 5323 307 5394 (b)
339 5324 523 5396 Editi.
561 5324 814 5395 Ideoque.
847 5323 986 5381 Mss.
1017 5329 1261 5395 septem,
1289 5327 1478 5396 Igitur.

240 5397 305 5466 (e)
341 5395 406 5451 lu
430 5397 630 5460 editis,
669 5397 730 5451 In
760 5413 874 5451 una
902 5396 1055 5451 enim
1083 5401 1298 5454 ratione
1335 5397 1512 5453 virtus
1543 5397 1816 5455 exoritur.

192 5455 273 5540 ξεᾶ
289 5455 517 5540 ’ωοιὶιιρ
539 5455 694 5539 quod
721 5468 1086 5524 restituimus
1107 5485 1175 5524 ex
1199 5471 1478 5526 ms.Curb.
1505 5471 1820 5540 Vatinduo,

190 5529 231 5585 1η
257 5555 374 5595 una
401 5529 835 5595 enim'orutione
866 5541 982 5601 (alii
1017 5542 1153 5601 duo.
1186 5541 1469 5608 orationis)
1491 5544 1665 5598 virtus
1693 5529 1818 5598 ε’εοῖ

202 5611 312 5666 Itur
341 5653 364 5683 ,Α
393 5611 563 5683 Angl.
596 5613 734 5674 duo,
767 5617 1018 5668 oratione
1046 5614 1220 5668 virtus
1250 5616 1520 5669 exeritur.

255 5683 318 5751 ιι)
346 5681 640 5748 Μιιῐηυθ,
665 5684 886 5741 habebit
914 5701 1023 5740 non
1054 5685 1309 5750 mortale,
1338 5687 1443 5741 sed
1481 5685 1717 5743 veniale.

261 5758 317 5822 e)
348 5754 705 5818 Vaticanus.
728 5772 783 5812 se
809 5759 900 5812 sui
927 5755 1041 5812 voti
1069 5772 1215 5812 nexu
1235 5756 1491 5813 detineri.

239 5828 309 5896 (f)
369 5825 560 5884 Vatia.
631 5844 804 5884 unus.
865 5829 974 5886 Iteo
1023 5843 1080 5884 se
1136 5828 1327 5885 debere
1375 5845 1597 5888 servare
1645 5829 1819 5886 conti-

1853 4579 1902 4646 D

1927 3273 2006 3345 (b)
2024 3273 2570 3345 Firmissineitaque
2595 3273 3172 3340 tenc,etnnll:itenus
3187 3273 3442 3339 dubites,
3474 3276 3574 3330 Pa-

1930 3368 2146 3419 tremet
2169 3364 2373 3418 Filium
2401 3370 2458 3418 et
2477 3365 2759 3434 Spiritum
2782 3369 3048 3418 sanctum
3070 3381 3250 3418 unum
3267 3381 3395 3420 esse
3413 3371 3576 3420 natu-

1931 3453 2133 3508 raliter
2149 3454 2412 3518 Deum,in
2430 3456 2620 3521 cujus.
2642 3454 2874 3508 nomine
2897 3454 3168 3523 baptizati
3187 3470 3412 3510 sumus.
3429 3454 3572 3512 Cum

1931 3543 2082 3599 enim
2108 3541 2262 3597 aliud
2291 3559 2499 3597 nomen
2526 3543 2604 3597 sit
2635 3543 2819 3608 Pater,
2846 3541 3004 3596 aliud
3037 3542 3238 3606 Fiius,
3259 3540 3414 3597 aliud
3451 3543 3578 3613 Spi-

1930 3632 2079 3687 ritus
2109 3638 2370 3700 sanctus,
2403 3631 2512 3686 hoc
2543 3637 2630 3687 est
2663 3635 2863 3703 utique
2896 3649 3076 3686 unum
3113 3638 3332 3686 naturae
3366 3649 3576 3689 nomen

1929 3721 2139 3775 horum
2174 3721 2372 3783 trium,
2408 3721 2560 3789 quod
2596 3720 2813 3775 dicitur
2843 3720 3579 3792 Deus,quidlcitinDeute-

1931 3809 2226 3865 ronomio:
2266 3809 2464 3872 Videte,
2491 3809 2555 3880 (ἑ)
2579 3809 2757 3865 videte
2785 3811 3052 3882 quoniam
3072 3827 3168 3878 ego
3189 3827 3312 3865 sum
3354 3811 3574 3876 Deus,et

1927 3905 2125 3956 nonest
2137 3902 2286 3956 alius
2307 3903 2366 3967 (Ῐι
2381 3906 2585 3972 μνίειεν
2598 3903 2871 3968 me(Deat.
2889 3918 3064 3966 χχχιι,
3085 3902 3141 3974 9)
3160 3909 3238 3968 ;et
3261 3904 3331 3957 de
3351 3919 3382 3974 q
3395 3919 3467 3957 uo
3483 3903 3576 3958 di-

1930 3994 2118 4048 citur:
2153 3991 2313 4059 Audi,
2348 3992 2534 4058 Israel,
2569 3992 2828 4047 Dominus
2851 3994 2987 4047 Deus
3009 4007 3139 4046 tuus
3189 3994 3448 4047 Dominus
3475 3992 3576 4062 (al.

1934 4083 2094 4153 Deus)
2143 4099 2286 4137 unus
2354 4087 2432 4138 est
2470 4083 2652 4153 (Deut.
2695 4100 2770 4144 νι,
2815 4082 2869 4152 4)
2909 4088 3005 4151 ;et,
3060 4081 3354 4137 Dominum
3412 4083 3582 4138 Deum

1931 4181 2087 4228 tuum
2117 4170 2370 4226 adorabis
2395 4177 2445 4226 et
2476 4173 2569 4226 illi
2594 4171 2700 4226 soli
2726 4170 2929 4226 servies
2956 4171 3140 4241 (Ibid.,
3174 4172 3278 4239 l3).

2002 4261 2141 4333 Cap.
2173 4278 2226 4328 ν,
2258 4277 2350 4317 seu
2386 4262 2524 4317 Rau.
2559 4278 2622 4316 ιι.
2667 4262 2814 4318 Unus
2839 4261 2996 4316 Deus.
3030 4260 3199 4313 -46.
3223 4259 3580 4314 Firmissime

1928 4356 2082 4421 tene,
2107 4360 2164 4407 et
2187 4346 2518 4408 nullatenus
2541 4351 2798 4417 dubites,
2830 4353 3050 4405 Patrem
3077 4357 3132 4405 et
3155 4350 3362 4404 Filium
3386 4349 3583 4420 etSpi-

1930 4441 2106 4496 ritum
2127 4440 2483 4506 sanctum,id
2499 4447 2588 4495 est
2605 4446 2865 4493 sanctam
2883 4439 3222 4494 Trinitatem
3239 4455 3369 4492 esse
3387 4437 3578 4494 solum

1940 4530 2285 4585 naturaliter
2315 4545 2514 4584 verum
2538 4529 2743 4583 Deum.
2769 4528 2916 4592 Quia
2936 4544 3068 4582 cum
3096 4532 3210 4582 tres
3235 4527 3376 4581 deos
3407 4527 3574 4582 nobis

1939 4619 2126 4675 colere
2157 4637 2268 4674 non
2294 4618 2482 4683 liceat,
2508 4617 2620 4672 nisi
2644 4634 2824 4672 unum
2851 4617 3042 4673 solum
3063 4632 3263 4671 verum
3293 4615 3579 4684 Deum(k),

1938 4712 2158 4772 tamen,
2185 4710 2337 4764 sicut
2361 4706 2696 4762 PaterDeus
2717 4724 2888 4763 verus
2907 4707 3139 4773 dicitur,
3164 4713 3415 4762 testante
3437 4709 3581 4776 Apo-

1935 4799 2104 4866 stolo,
2132 4799 2232 4870 qui
2263 4797 2344 4854 ait
2379 4797 2655 4854 :Conversi
2681 4801 2810 4854 estis
2843 4798 2913 4854 ad
2975 4803 3154 4854 Deum
3193 4815 3228 4852 a
3265 4797 3583 4852 simulacris

1930 4888 2139 4946 servire
2161 4888 2265 4944 Deo
2294 4893 2412 4944 vivo
2437 4897 2491 4944 et
2512 4903 2660 4957 vero,
2693 4896 2745 4944 et
2772 4893 3087 4956 exspectare
3129 4887 3339 4945 Filium
3372 4886 3486 4957 ejus
3516 4884 3584 4938 de

1931 4980 2102 5050 caelis,
2125 4996 2285 5050 quem
2307 4980 2590 5035 suscitavit
2619 4995 2653 5033 a
2680 4980 2914 5035 mortuis
2943 4979 3126 5036 Iesum
3153 4977 3199 5048 (Ι
3235 4977 3417 5032 Thess.
3441 4975 3472 5029 Ι
3492 4975 3578 5045 9);

1929 5183 2202 5238 nentiam.

2002 5255 2078 5323 (g)
2108 5251 2508 5315 Vactic.unus,
2532 5259 2584 5306 et
2610 5250 2853 5323 ﬁdeliter
2889 5249 3096 5323 reddat.

2001 5319 2077 5395 (In)
2095 5329 2384 5378 Hactenus
2397 5319 2672 5378 continua
2688 5321 3176 5395 orationelegitur
3203 5319 3260 5395 in
3286 5320 3575 5376 ms.Corb.

1930 5393 2076 5450 Hinc
2097 5412 2230 5449 vero
2250 5395 2318 5448 ad
2347 5398 2519 5449 tinem
2544 5410 2728 5464 usque
2745 5393 3074 5464 singulae-40
3097 5393 3306 5464 regulis
3327 5409 3435 5446 suo
3469 5410 3576 5448 nuo

1931 5483 2091 5522 mero
2121 5468 2531 5532 designantur.

1999 5539 2063 5608 (i)
2100 5539 2232 5592 Mss.
2269 5545 2385 5591 tres
2421 5536 2600 5590 Vatic.
2634 5543 2685 5590 et
2718 5535 2908 5602 Corb.,
2942 5535 3138 5603 Videte,
3166 5537 3360 5592 videte.
3385 5535 3587 5593 Ceteri

1928 5609 2107 5666 semel
2168 5615 2423 5673 tantum,
2459 5623 2585 5662 rom

2021 5682 2058 5751 ἱ)
2089 5679 2272 5735 Vatic.
2307 5681 2442 5742 duo.
2466 5697 2576 5735 non
2606 5682 2683 5734 est
2713 5679 2860 5734 alius
2885 5681 3042 5736 Deus.

2019 5751 2074 5823 lc)
2121 5751 2304 5807 Vatic.
2358 5768 2531 5823 unus,
2584 5767 2774 5808 verum
2822 5757 2878 5808 et
2928 5755 3358 5826 omnipotentem
3407 5755 3577 5811 Deum
