3848 6328
385 314 506 375 695

1384 318 1453 378 S.
1497 315 1933 380 FULGENTII
1974 310 2327 375 EPISCOPI
2371 314 2803 379 BUSPENSIS

386 449 471 505 ίία
492 465 727 543 (ιιιομίιιιο
760 450 1183 543 ίιίυωπζθτυτη
1203 452 1651 543 Deum-1930083
1666 452 2034 543 Commendat
2065 451 2116 516 Α
2147 455 3388 539 Jordanesecundumcarnemhaptixatusest
3413 468 3690 543 Unigenitus

395 539 698 611 apostolus
727 542 924 596 dicens
948 556 961 595 :
995 539 1355 615 Scimusquia
1369 542 1549 599 Filius
1575 542 1675 598 Dei
1687 545 1857 608 venit,
1882 548 1934 598 et
1954 543 2042 597 tte-

389 628 474 684 dit
497 629 657 685 nobis
681 630 1041 696 intellectum,
1080 640 1139 686 ut
1186 647 1569 703 cognoscamus
1616 649 1807 687 verum
1847 632 2037 697 Deum,

389 724 440 776 et
471 719 645 775 simus
686 721 746 776 in
788 736 917 778 vero
944 722 1083 778 Filio
1136 723 1252 793 ejus
1276 725 1403 780 Jesu
1425 722 1658 780 Christo.
1686 724 1783 778 Hic
1796 736 1873 779 est
1902 724 2041 778 Deus

390 823 578 877 verus,
609 814 664 865 et
696 808 808 865 vita
836 817 1042 867 teter-na
1065 812 1288 883 (Iloan.
1315 830 1369 881 ν,
1399 814 1488 882 20)
1514 830 1528 869 :
1563 814 1663 885 qui
1688 813 2044 885 utiquequo—

392 898 550 954 niam
591 916 762 955 verus
784 904 933 957 Deus
949 905 1057 970 est,
1075 902 1251 958 etiam
1266 902 1488 958 Veritas
1506 906 1614 970 est,
1631 901 1784 958 sicut
1800 902 1920 973 ipse
1935 918 2041 956 nos

392 986 594 1045 edocet
643 989 794 1046 522
826 989 1065 1048 dicens:
1100 993 1220 1061 Ego
1249 1008 1372 1047 sum
1417 1008 1531 1061 via,
1574 990 1791 1047 veritas
1837 998 1887 1046 et
1930 989 2042 1046 vita

389 1078 568 1148 (Joan.
594 1095 708 1148 xiv,
740 1079 815 1150 6).
850 1084 926 1134 De
977 1080 1199 1152 Spiritu
1250 1097 1483 1153 quoque
1537 1086 1740 1137 sancto
1782 1080 2041 1137 Joannes

392 1166 691 1239 apostolus
726 1168 825 1239 ait,
847 1170 1237 1244 QuiaSpiritus
1261 1180 1339 1225 est
1359 1169 1558 1225 veritas
1574 1171 1706 1242 (a)(l
1716 1172 1948 1236 Joan,v.
1962 1169 2039 1239 6).

391 1260 464 1313 Et
494 1257 698 1330 utique
723 1274 837 1313 non
879 1263 1067 1331 potest
1111 1259 1459 1316 naturaliter
1505 1265 1655 1315 Deus
1702 1276 1875 1315 verus
1927 1274 2042 1313 non

393 1362 544 1415 esse,
572 1346 673 1418 qui
695 1347 925 1402 Veritas
941 1352 1048 1404 est.
1074 1350 1253 1415 Quem
1280 1349 1453 1404 etiam
1474 1350 1650 1405 Deum
1672 1348 1886 1404 Paulus
1906 1364 2043 1419 apo-

395 1436 584 1492 stolus
605 1436 918 1493 conﬁtetur
940 1437 1137 1495 dicens
1172 1455 1185 1492 :
1211 1462 1239 1488 ‹‹
1276 1438 1537 1495 Membra
1556 1447 1748 1495 vestra
1762 1437 2038 1510 templun

403 1544 431 1578 ι
452 1528 591 1580 sunt
610 1523 866 1598 Spiritus
888 1527 1073 1582 sancti
1104 1526 1203 1598 qui
1229 1527 1287 1583 in
1304 1527 1470 1585 vobis
1488 1534 1596 1595 est,
1621 1545 1793 1600 quem
1821 1527 2046 1584 habetis

404 1635 426 1664 ι
462 1631 497 1670 a
524 1613 662 1683 Deo,
693 1618 750 1670 et
776 1632 890 1671 non
911 1616 1054 1672 estis
1083 1615 1286 1673 vestri.
1316 1618 1505 1689 Empti
1538 1618 1696 1673 enim
1726 1618 1870 1674 estis
1913 1633 2045 1689 pre-

406 1728 428 1754 ι
463 1703 545 1761 tio
576 1720 788 1777 magno
815 1724 830 1775 ;
863 1703 1186 1777 gloriﬁcate
1219 1712 1277 1763 et
1299 1712 1524 1779 portate
1564 1707 1748 1764 Deum
1800 1707 1858 1763 in
1909 1723 2046 1763 cor-

405 1815 434 1844 ‹‹
468 1808 607 1865 pore
632 1798 826 1850 vestro
861 1816 889 1843 »
912 1795 957 1865 (l
995 1793 1116 1851 Cor.
1150 1812 1224 1864 νι,
1260 1797 1346 1863 19,
1378 1797 1491 1868 20).

478 1884 610 1939 CAP.
645 1899 719 1951 v1,
744 1899 837 1939 seu
860 1883 1004 1942 Ras.
1038 1901 1123 1940 ιιι.
1150 1885 1289 1941 Deus
1311 1889 1571 1942 asternus.
1605 1918 1673 1928 —-
1696 1886 1782 1943 47.
1814 1885 2054 1942 Firmis-

405 1972 555 2030 sime
576 1976 728 2042 tene,
756 1976 813 2029 et
833 1973 1169 2030 nullatenus
1197 1973 1687 2038 dubites.Patrem
1713 1975 1978 2031 etFilium
1997 1980 2056 2031 et

405 2063 683 2136 Spiritum
708 2069 1002 2132 sanctum,
1028 2064 1087 2120 id
1109 2069 1199 2121 est
1220 2072 1485 2123 sanctam
1509 2067 1854 2123 Trinitatem
1884 2082 2058 2123 unum

403 2169 603 2210 verum
637 2158 817 2209 Deum
845 2153 972 2210 sine
1000 2152 1166 2210 initio
1188 2157 1615 2226 sempiternum
1641 2172 1790 2211 esse.
1815 2155 2057 2228 Propter

406 2243 565 2314 quod
595 2242 885 2315 scriptum
918 2247 1046 2298 est:
1082 2265 1108 2292 ‹‹
1141 2245 1200 2300 In
1237 2243 1525 2316 principio
1548 2249 1673 2299 erat
1704 2244 2055 2313 Verbum,et

406 2331 704 2387 «Verbum
728 2332 1018 2402 eratapud
1052 2337 1256 2403 Deum,
1312 2337 1369 2388 et
1418 2332 1571 2388 Deus
1622 2338 1745 2388 erat
1781 2334 2051 2391 Verbum.

404 2443 432 2470 «
466 2417 585 2475 Hoc
616 2424 740 2475 erat
771 2420 827 2474 in
862 2420 1149 2492 principio
1178 2422 1331 2492 apud
1367 2428 1548 2477 Deum
1582 2445 1607 2472 ››
1644 2426 2052 2496 (lacn.1,i,2).

404 2512 534 2564 HEBC
567 2508 756 2563 denuo
787 2508 1224 2580 sempiternitas
1257 2511 1560 2566 intimatur
1589 2512 1649 2566 in
1694 2513 1919 2584 psalmo
1956 2513 2055 2568 ubi

408 2596 626 2651 dicitur
652 2612 667 2652 :
700 2620 727 2645 ‹‹
751 2596 905 2652 Deus
923 2604 1117 2654 autem
1142 2601 1260 2653 Rex
1275 2606 1472 2655 noster
1488 2605 1623 2656 ante
1642 2601 1859 2657 saecula
1877 2601 2051 2673 (,Psal.

410 2701 603 2749 Lxxiu,
639 2686 763 2756 l2);
799 2693 857 2741 et
885 2685 1000 2741 alio
1033 2686 1179 2756 loco,
1215 2710 1239 2739 α
1268 2689 1635 2760 Sempiterna
1664 2708 1896 2762 quoque
1928 2698 2055 2761 eJus

412 2797 436 2826 υ
462 2775 649 2830 virtus
678 2781 735 2829 et
763 2775 1039 2831 divinitas
1074 2800 1099 2825 »ι
1133 2779 1302 2841 (Rom.
1337 2796 1376 2845 ι,
1408 2781 1522 2850 20).

482 2864 618 2920 CAP.
649 2880 747 2929 vn,
778 2880 871 2919 seu
904 2863 1042 2919 Rso.
1077 2881 1150 2919 ιν.
1188 2866 1326 2921 Deus
1358 2868 1849 2923 inrommutabilis.
1874 2900 1941 2908 --
1967 2870 2055 2923 48.

412 2952 759 3009 Firmissine
804 2963 953 3021 tene,
1005 2958 1060 3009 et
1111 2954 1447 3011 nullatenus
1488 2957 1740 3025 dubites,
1790 2966 2058 3014 sanctam

413 3042 759 3097 Trinitatem
791 3043 983 3098 solum
1011 3059 1208 3098 verum
1241 3045 1440 3105 Deum.
1471 3044 1950 3114 sicuteeternum,
1982 3049 2061 3102 ita

410 3132 605 3189 solum
640 3132 980 3188 naturaliter
1009 3132 1548 3189 incommutabilem
1583 3153 1730 3191 esse.
1759 3140 1878 3191 Hoc
1908 3138 2059 3191 enim

408 3222 698 3291 signiﬁcat
728 3239 860 3278 cum
880 3222 1022 3278 dicit
1043 3240 1206 3278 servo
1235 3241 1341 3278 suo
1367 3223 1548 3297 Moysi
1570 3241 1584 3279 :
1606 3249 1632 3275 (ι
1664 3226 1778 3296 Ego
1800 3244 1928 3281 sum
1958 3228 2059 3299 qui

412 3334 439 3360 ‹‹
466 3329 595 3366 sum
624 3334 652 3361 »
674 3312 955 3382 (Esmun,
987 3312 1248 3383 14).Hinc
1271 3318 1326 3368 et
1351 3314 1406 3369 in
1433 3313 1681 3370 Psalmis
1717 3315 1930 3371 dicitur
1961 3318 2055 3387 (h),

411 3422 439 3451 «ι
476 3401 537 3455 In
574 3402 879 3474 principio,
920 3403 1179 3466 Domine,
1213 3408 1425 3458 terram
1464 3404 1745 3473 lundasti,
1795 3411 1853 3461 et
1885 3423 2060 3478 opera

413 3512 440 3542 ‹‹
477 3508 759 3545 manuum
794 3496 1029 3547 tuarum
1062 3500 1200 3547 sunt
1234 3492 1383 3547 cmli.
1416 3494 1530 3565 Ipsi
1570 3495 1933 3563 peribunt.tu
1958 3512 2061 3550 au-

418 3600 441 3631 n
478 3584 595 3635 tem
643 3597 973 3651 permanes,
1005 3587 1065 3636 et
1093 3599 1297 3637 omnes
1328 3584 1479 3638 sicut
1510 3584 1924 3639 vestimentum
1969 3602 2060 3640 ve-

419 3692 446 3720 ‹‹
498 3675 831 3738 terascent;
864 3676 921 3725 et
950 3672 1105 3726 sicut
1148 3674 1501 3741 Opertorium
1547 3676 1807 3729 niutabis
1853 3692 1975 3742 eos,
2006 3679 2066 3730 et

421 3780 449 3807 ‹‹
483 3760 905 3813 mutabuntur:
939 3765 1000 3814 tu
1033 3766 1223 3815 autem
1259 3761 1411 3817 idem
1440 3764 1562 3833 ipse
1592 3781 1677 3828 es,
1724 3771 1781 3819 et
1810 3766 1947 3819 anni
1979 3762 2064 3819 tui

418 3869 446 3896 ‹‹
481 3863 596 3900 non
627 3847 897 3901 deficient
926 3869 954 3897 ››
981 3848 1055 3920 (c)
1086 3848 1263 3917 (Psat.
1294 3868 1363 3919 ct,
1386 3852 1477 3916 26,
1504 3852 1592 3921 27,
1624 3853 1736 3924 28).

489 3933 625 3989 CAP.
659 3950 779 4001 vni,
812 3950 907 3989 seu
937 3939 1079 3991 Rea.
1102 3952 1157 3989 ν.
1186 3938 1321 3991 Deus
1342 3943 1591 3994 omnium
1608 3949 1851 3997 creator.
1886 3975 1952 3984 —
1976 3945 2061 4001 49.

415 4022 782 4078 Firmissime
814 4029 962 4087 tene,
1008 4029 1061 4079 et
1113 4026 1448 4082 nullatenus
1498 4030 1752 4096 dubites,
1803 4040 2064 4089 sanctam

417 4114 759 4171 Trinitatem
794 4116 983 4170 solum
1014 4131 1143 4171 esse
1193 4134 1394 4173 verum
1450 4124 1647 4186 ticum,
1699 4140 1892 4178 rerum
1942 4140 2065 4179 om-

419 4206 580 4261 nium
612 4203 933 4260 visibilium
963 4212 1137 4275 atque
1183 4208 1569 4265 invisibilium
1615 4219 1952 4271 Creatorem.
1988 4214 2068 4270 De

417 4311 533 4368 quo
580 4294 638 4350 in
687 4295 935 4351 Psalmis
969 4296 1221 4353 dicitur:
1252 4322 1272 4348 ιι
1307 4298 1518 4354 Beatus
1570 4318 1739 4368 cuius
1772 4301 1923 4358 Deus
1963 4304 2063 4359 Ja-

417 4407 445 4436 ‹‹
469 4386 574 4440 rob
606 4384 840 4455 adjutor
885 4388 1013 4455 ejus
1048 4411 1062 4451 ς
1093 4403 1228 4458 spes
1262 4389 1388 4458 ejus
1437 4388 1492 4444 in
1528 4388 1771 4446 Domino
1804 4393 1916 4447 Deo
1974 4394 2065 4464 ip-

418 4497 445 4523 ι(
479 4474 624 4544 δίας,
659 4474 757 4545 qui
794 4476 923 4530 fecit
948 4475 1159 4531 rmlum
1193 4483 1249 4532 et
1298 4482 1536 4546 terram,
1588 4497 1741 4535 mare
1777 4488 1833 4535 et
1868 4483 2067 4537 omnia

2084 1830 2132 1895 Β

2153 558 2425 629 Deus,qui
2441 575 2675 615 carnem
2692 558 2853 614 solus
2871 560 3090 627 accepit
3110 578 3126 626 ;
3144 564 3198 613 et
3211 557 3458 629 Spiritum
3480 565 3687 614 sanetum

2146 645 2339 703 Patris
2350 657 2402 702 et
2423 648 2548 704 Filii
2564 648 2754 704 solum
2771 648 3024 719 assequi
3039 664 3090 702 in
3106 648 3287 719 specie
3311 648 3551 703 columba
3562 665 3694 719 super

2147 733 2445 791 Christum
2462 738 2819 809 baptizatum
2844 742 2900 793 et
2936 737 3324 793 ascendentem
3356 737 3421 791 ab
3447 753 3569 808 aqua
3598 737 3694 792 des-

2148 828 2365 898 cendit,
2399 834 2456 884 et
2484 829 2976 901 quinquagesimo
2999 829 3091 884 die
3124 834 3247 899 post
3272 828 3694 894 resurrectionem,

2148 916 2362 973 Christi
2409 917 2609 974 ﬁdeles
2654 919 2713 974 in
2756 935 2872 974 uno
2913 918 3038 974 loco
3079 918 3310 990 positos,
3350 918 3402 972 in
3431 918 3695 989 linguarum

2150 1005 2454 1077 ignearum
2472 1006 2757 1062 divisione
2777 1008 2847 1078 (e)
2870 1008 2939 1062 ad
2950 1007 3182 1063 veniens
3206 1005 3442 1078 replevit.
3458 1004 3697 1061 Illamvero

2149 1110 2371 1165 vocem,
2394 1114 2511 1168 qua
2540 1096 2704 1152 solus
2731 1097 2966 1152 locutus
2995 1100 3087 1151 est
3114 1096 3260 1151 Deus
3287 1095 3472 1162 Pater;
3494 1100 3543 1150 et
3581 1093 3699 1149 illam

2150 1202 2535 1258 carnem,qua
2555 1185 2718 1242 solus
2740 1185 2915 1242 homo
2934 1187 3121 1241 factus
3148 1182 3703 1257 estUnigenitusDeus;

2150 1279 2209 1331 et
2237 1274 2398 1330 illam
2432 1274 2790 1340 columbam,
2814 1274 2870 1330 in
2889 1277 3057 1346 cujus
3083 1275 3265 1346 specie
3282 1274 3509 1346 Spiritus
3526 1278 3706 1328 sanctus

2152 1380 2330 1435 super
2359 1364 2652 1421 Christum
2685 1365 3026 1431 descendit;
3061 1366 3300 1436 illasque
3329 1364 3529 1427 linguas
3556 1361 3708 1432 igneas

2152 1456 2303 1523 (Act.
2328 1454 2472 1526 11,3),
2488 1453 2548 1510 in
2567 1472 2811 1526 quarum
2827 1456 2982 1512 528
3003 1454 3280 1510 divisione
3299 1452 3545 1522 ﬁdelesU’)
3562 1451 3608 1506 in
3626 1467 3710 1506 uno

2152 1540 2279 1599 loco
2310 1543 2659 1600 constitutos
2692 1546 2955 1615 replevit,
2989 1561 3163 1614 Opera
3207 1559 3329 1599 esse
3356 1543 3514 1597 totius
3551 1545 3710 1595 sancta

2155 1631 2484 1699 Trinitatis,
2509 1633 2567 1687 id
2591 1640 2677 1689 est
2700 1634 2877 1688 unius
2904 1633 3029 1700 Dei,
3052 1633 3153 1704 qui
3181 1633 3305 1689 fecit
3346 1630 3591 1688 omniain
3609 1627 3713 1684 culo

2154 1726 2211 1778 et
2242 1722 2300 1778 in
2333 1726 2513 1791 terra,
2540 1722 2797 1780 visibilis
2825 1731 2883 1779 et
2902 1722 3238 1780 invisibilia.

2236 1881 2371 1939 CAP.
2414 1899 2472 1950 x,
2521 1899 2618 1940 seu
2662 1882 2801 1940 Rso.
2851 1899 2949 1939 vn.
3005 1882 3290 1939 Distinrtio
3323 1897 3716 1954 personarum.—

2161 1973 2254 2028 51.
2288 1973 2629 2029 Firmissine
2662 1982 2812 2040 tene,
2860 1978 2919 2029 et
2949 1973 3286 2029 nullatenus
3331 1972 3552 2035 dubites,
3577 1966 3714 2025 solum

2164 2061 2346 2118 Deum
2381 2061 2618 2131 Filium,
2653 2063 2705 2117 id
2740 2070 2824 2118 est
2855 2080 3031 2118 unam
3067 2080 3136 2119 ex
3163 2061 3428 2118 Trinitate
3451 2073 3710 2133 personam,

2165 2150 2346 2205 solius
2364 2150 2462 2206 Dei
2485 2152 2667 2207 Patris
2686 2168 2813 2208 esse
2833 2151 3352 2223 Filium;Spiritum
3367 2167 3482 2206 vero
3497 2151 3717 2211 sanctum,

2164 2239 2357 2312 ipsum
2386 2257 2616 2313 quoque
2640 2257 2811 2297 unam
2836 2258 2904 2297 ex
2921 2242 3206 2298 Trinitate
3223 2256 3518 2313 personam,
3536 2253 3626 2292 non
3645 2251 3714 2289 so-

2164 2330 2277 2384 lius
2310 2332 2518 2401 Patris,
2544 2330 2646 2386 sed
2678 2330 2856 2386 simul
2886 2330 3077 2387 Patris
3108 2336 3165 2386 et
3191 2330 3314 2386 Filii
3343 2346 3457 2385 esse
3478 2326 3715 2399 Spiritum.

2164 2418 2492 2475 Ostendens
2521 2419 2674 2475 enim
2711 2421 2802 2475 Dei
2838 2420 3020 2476 Filius
3051 2438 3116 2476 se
3147 2420 3329 2476 solum
3361 2433 3474 2475 esse
3515 2417 3572 2471 de
3596 2418 3717 2467 Patre

2164 2509 2448 2580 genitum,
2470 2509 2639 2581 ait(g)
2665 2510 2781 2565 :Sic
2793 2510 2947 2565 enim
2979 2511 3123 2565 Deus
3140 2508 3331 2566 dilexit
3346 2505 3638 2569 mundum,ut
3654 2500 3717 2555 Fi-

2166 2601 2303 2653 lium
2334 2615 2493 2653 suum
2530 2598 2885 2668 unigenitum
2915 2598 3073 2655 daret
3103 2600 3274 2672 (Joan.
3298 2615 3376 2667 ιιι,
3408 2599 3577 2668 l6);et
3597 2588 3716 2662 paulo

2167 2695 2319 2760 post,
2355 2687 2462 2758 Qui
2481 2700 2664 2744 autem
2677 2705 2786 2744 non
2806 2691 2982 2743 credit
2984 2689 3121 2760 jam
3140 2690 3403 2759 iudicatus
3417 2693 3501 2749 est,
3520 2683 3629 2755 quia
3643 2692 3717 2733 non

2164 2778 2395 2834 credidit
2422 2779 2478 2833 in
2498 2779 2725 2833 nomine
2746 2777 3033 2851 αηίρρηίιέ
3064 2780 3200 2834 Filii
3221 2778 3314 2834 Dei
3331 2774 3495 2849 (Ibit,
3522 2772 3608 2838 ιδ).
3630 2767 3723 2840 δρί-

2168 2868 2343 2923 ritum
2360 2873 2549 2921 autem
2572 2873 2838 2923 sanctum
2863 2873 2919 2922 et
2944 2869 3132 2922 Patris
3154 2873 3208 2923 et
3232 2866 3351 2922 Filii
3378 2879 3491 2920 esse
3508 2859 3719 2933 Spiritum

2167 2958 2478 3029 Apostolus
2507 2960 2674 3014 docet
2706 2959 2805 3030 qui
2837 2960 2946 3013 ait:
2978 2960 3075 3014 Vos
3103 2968 3391 3013 autemnon
3411 2954 3725 3011 estisincarnt.

2167 3057 2263 3102 sed
2294 3048 2350 3104 in
2379 3049 2599 3119 spiritu,
2622 3051 2673 3104 si
2701 3053 2882 3104 tamen
2916 3048 3160 3120 Spiritus
3193 3046 3286 3103 Dei
3322 3045 3512 3102 habitat
3552 3044 3596 3096 in
3624 3036 3726 3092 vobis

2170 3139 2339 3207 (noon.
2368 3155 2485 3197 vni.
2509 3139 2584 3207 9).
2614 3138 2679 3193 Et
2698 3138 2958 3210 sequitur
2983 3138 3091 3211 (ἡ),
3116 3136 3316 3211 Siquis
3348 3139 3507 3192 autem
3528 3132 3727 3205 Spiritum

2172 3230 2376 3285 Clu-isti
2404 3244 2515 3284 non
2546 3227 2724 3296 habet,
2758 3230 2847 3285 hic
2875 3246 2978 3285 non
3011 3234 3092 3286 est
3122 3231 3244 3300 ejus
3270 3228 3468 3301 (Ibid).

2238 3409 2367 3465 CAP.
2391 3425 2468 3474 χι,
2502 3423 2598 3464 seu
2620 3408 2753 3463 Res.
2779 3426 2896 3465 vm.
2932 3409 3186 3481 Spiritus
3210 3415 3437 3466 sanctus.
3455 3439 3514 3449 —
3537 3407 3609 3459 52.
3637 3401 3726 3456 Fir-

2168 3496 2413 3553 missine
2446 3503 2594 3564 tene,
2628 3506 2684 3553 et
2715 3498 3051 3553 nullatenus
3067 3500 3318 3569 dubites,
3347 3487 3729 3563 eumdemSpiri-

2167 3590 2291 3640 tum
2319 3591 2604 3651 sanctum,
2628 3587 2723 3657 qui
2753 3586 2937 3643 Patris
2961 3595 3018 3642 et
3035 3588 3166 3643 Filii
3193 3606 3342 3644 unus
3364 3576 3729 3659 Spiritusestde

2168 3681 2338 3732 Patre
2365 3681 2419 3730 et
2456 3675 2598 3731 Filio
2632 3677 2962 3748 procedere.
3000 3677 3152 3733 Dicit
3174 3679 3327 3735 enim
3351 3676 3511 3733 Filius
3533 3669 3652 3729 :Cum
3668 3682 3729 3721 re-

2177 3770 2324 3820 ntrtt
2345 3764 2588 3836 Spiritus
2618 3765 2890 3831 veritatis,
2922 3768 3019 3839 qui
3039 3769 3262 3825 aPatre
3283 3765 3507 3841 procedit
3522 3764 3729 3831 (JoanJV.

2167 3855 2289 3922 26);
2322 3854 2416 3909 ubi
2446 3872 2617 3909 suum
2635 3855 2915 3926 Spiritum
2932 3872 3060 3911 esse
3076 3859 3295 3928 docuit,
3311 3854 3557 3929 quiaipse
3582 3846 3731 3904 θεῖνε·

2171 3943 2311 3999 ritas
2327 3945 2621 4009 (lannJuv,
2637 3945 2713 4012 6).
2727 3949 2798 3999 Ue
2817 3943 2953 4000 Filio
2970 3962 3205 4015 quoque
3220 3945 3505 4017 procedere
3518 3936 3727 4010 Spiritum

2170 4039 2463 4097 sanctum,
2481 4032 2821 4104 prophetica
2848 4040 3021 4105 atque
3038 4036 3360 4107 apostolica
3373 4024 3730 4089 nobisdoctrina

2170 4123 2560 4177 commendat.
2596 4124 2781 4178 Isaias
2812 4122 2966 4177 enim
3018 4124 3166 4180 dicit
3220 4125 3290 4179 de
3335 4112 3731 4180 Filio:Perrutitl

2170 4216 2374 4267 terram
2399 4228 2550 4282 virga
2581 4213 2691 4267 oris
2704 4210 2815 4279 sui,
2831 4212 3092 4284 etspirilu
3125 4214 3586 4269 labiorumsuorum
3605 4203 3727 4259 inter-

2170 4299 2323 4372 ﬁrict
2357 4299 2589 4370 impium
2619 4301 2776 4372 (lsai.
2824 4317 2900 4367 ιιι,
2935 4300 3096 4372 4).1)θ
3130 4320 3245 4374 quo
3279 4309 3332 4358 et
3362 4297 3629 4375 Apostolus
3652 4289 3731 4344 ait:

2174 4393 2343 4460 Quem
2394 4393 2683 4462 inter/inet
2730 4393 2992 4446 Dominus
3032 4397 3199 4450 Jesus
3244 4394 3443 4466 spiritu
3471 4391 3565 4445 oris
3587 4385 3656 4439 sui
3690 4376 3735 4446 (ll

2180 4484 2351 4538 Thess.
2388 4499 2449 4546 ιι,
2476 4484 2551 4552 8).
2582 4483 2761 4547 Quem
2793 4482 2967 4537 etiam
3000 4482 3125 4554 ipse
3153 4487 3361 4541 unicus
3394 4481 3477 4537 Dei
3497 4477 3641 4533 Filius
3658 4467 3736 4541 spi'

421 4583 445 4615 ι
468 4579 596 4634 quae
626 4563 683 4616 in
716 4563 798 4618 eis
827 4566 1154 4636 sunt(Psut.
1178 4582 1338 4632 cxev,
1366 4567 1420 4627 5,
1454 4568 1507 4633 6,
1537 4568 1608 4641 υ).
1644 4568 1724 4624 De
1749 4587 1863 4640 quo
1895 4573 2064 4627 etiam
2094 4557 2141 4622 Β
2175 4573 2349 4627 ritum
2385 4571 2502 4626 oris
2522 4572 2610 4626 sui
2636 4587 2763 4626 esse
2784 4571 3142 4643 significans,
3172 4582 3302 4644 post
3331 4565 3733 4629 resurrectionem

414 4651 731 4721 Apostolus
761 4651 939 4707 dicit:
979 4676 997 4702 α
1037 4655 1318 4719 Quoniam
1355 4674 1421 4712 ex
1448 4658 1594 4728 ipso,
1626 4666 1681 4713 et
1706 4677 1806 4730 per
1842 4661 2057 4732 ipsum,

414 4761 442 4789 α
477 4744 533 4794 et
564 4740 624 4793 in
655 4738 782 4809 ipso
814 4745 952 4795 sunt
980 4744 1199 4809 omnia,
1233 4744 1344 4815 ipsi
1380 4748 1562 4815 gloria
1608 4747 1664 4802 in
1692 4751 1901 4804 smcula
1933 4772 1960 4799 »
1986 4750 2058 4821 (tl)

420 4849 447 4878 ι(
471 4829 645 4901 (Rom.
678 4843 756 4894 ιιι,
779 4828 850 4882 36
878 4828 919 4899 ).

487 4917 622 4974 CAP.
656 4934 734 4986 ιχ,
764 4933 862 4972 seu
883 4920 1020 4973 Rso.
1042 4935 1115 4972 v1.
1143 4921 1383 4976 Trinitas
1411 4924 1465 4978 in
1494 4928 1728 4984 unitate.
1754 4930 1921 4983 —50.
1942 4930 2060 4984 Fir-

415 5008 680 5064 missime
713 5011 863 5072 tene,
896 5012 953 5062 et
986 5006 1319 5064 nullatenus
1353 5012 1603 5083 dubites,
1631 5016 1817 5072 Patris
1851 5025 1903 5074 et
1938 5018 2062 5073 Filii

411 5103 468 5155 et
489 5097 742 5171 Spiritus
778 5097 962 5153 sancti
989 5113 1163 5152 unam
1190 5099 1424 5171 quidem
1451 5118 1579 5159 esse
1620 5110 1911 5172 naturam,
1944 5113 2063 5163 tres

412 5205 545 5244 vero
576 5204 704 5244 esse.
734 5203 1015 5260 personas
1046 5204 1058 5256 ;
1095 5186 1439 5261 Patremque
1466 5192 1656 5248 solum
1682 5210 1807 5248 esse
1839 5196 1938 5265 qui
1982 5196 2064 5251 di-

411 5277 527 5333 xit:
554 5302 582 5329 ‹‹
612 5277 711 5334 Hic
734 5284 823 5334 est
848 5277 1022 5333 Filius
1046 5294 1211 5335 meus
1239 5280 1504 5348 dilectus,
1534 5280 1586 5335 in
1613 5298 1728 5352 quo
1753 5284 1890 5339 inibi
1920 5286 2064 5342 bene

414 5389 442 5419 ‹‹
474 5367 795 5440 complarui
835 5388 858 5419 ι»
893 5368 1097 5440 (Matth.
1133 5386 1219 5430 ιιι.
1258 5369 1376 5439 17;)
1409 5375 1465 5427 et
1495 5371 1697 5428 Filium
1725 5375 1914 5430 eulum
1934 5392 2064 5432 esse

410 5476 589 5533 super
605 5476 776 5529 quem
793 5460 890 5514 illa
907 5475 1008 5514 vos
1027 5459 1215 5516 solius
1235 5461 1421 5517 Patris
1445 5463 1724 5529 insonuit,
1741 5481 1772 5534 q
1787 5468 1974 5522 nando
2002 5468 2060 5523 in

483 5619 688 5689 (a)Ms.
724 5634 897 5686 unus,
931 5635 1062 5689 quia
1092 5623 1297 5676 veritus
1316 5628 1417 5678 est.

481 5689 558 5760 (ὁ)
580 5689 674 5743 Sic
697 5706 838 5744 mss.
866 5698 1138 5759 quatuor.
1167 5695 1396 5760 Atedd.,
1414 5695 1550 5749 Hinc
1568 5698 1886 5753 etPsalmus
1900 5698 2054 5757 dicit.

413 5755 751 5826 Ms.'Corb.,
783 5755 920 5815 Huic
947 5770 998 5814 et
1022 5762 1081 5816 in
1111 5764 1348 5818 Psalmis
1378 5755 1599 5823 dicitur.

483 5830 553 5953 (?
583 5828 724 5883 Mss.
756 5833 877 5882 tres
909 5830 1186 5884 omittunt
1214 5832 1335 5887 haec
1365 5839 1560 5893 verba.

484 5898 500 5953 t
541 5900 560 5953 i
591 5896 727 5953 Ms..
758 5899 818 5952 in
846 5899 1053 5953 saecula
1079 5901 1422 5953 saeculorum-
1446 5908 1560 5953 Amt

484 5896 560 5973 (tt)
591 5896 727 5966 Ms.,
758 5899 818 5952 in
846 5899 1053 5953 saecula
1079 5901 1422 5962 saeculorum.
1444 5908 1636 5966 Amen.

2172 4679 2339 4718 suam
2361 4659 2672 4715 insufﬂans
2700 4662 2754 4715 in
2776 4661 3122 4732 discipulos,
3149 4664 3229 4719 ait
3265 4662 3509 4733 :At‘cipitt
3530 4650 3737 4745 Spiritu-mf

2167 4755 2415 4806 sanctum
2466 4751 2641 4820 (Joan.
2675 4767 2769 4818 xx,
2802 4752 2914 4817 22).
2954 4753 3027 4806 De
3058 4769 3158 4807 ore
3205 4769 3339 4809 vero
3369 4751 3538 4822 ipsius
3564 4737 3736 4800 Domini

2166 4842 2306 4897 Jesu
2334 4845 2410 4895 ait
2429 4840 2683 4895 Joannes
2707 4839 2761 4894 in
2787 4840 3131 4913 Apocalypsi
3163 4842 3301 4915 quia
3321 4839 3532 4914 gladius
3551 4838 3738 4922 utraque

2169 4935 2330 5003 parte
2363 4935 2571 4985 acutus
2606 4930 3153 5001 procedebattzipoc.
3190 4931 3360 5003 1,16),
3383 4932 3503 5000 Ipse
3529 4937 3637 4995 ergo
3655 4930 3738 5011 Siti:

2168 5024 2267 5077 tus
2286 5020 2403 5074 oris
2425 5023 2554 5087 ejus
2576 5019 2702 5089 ipse
2728 5024 2815 5074 est
2834 5019 3067 5092 gladius
3092 5022 3195 5093 qui
3222 5020 3293 5077 de
3310 5037 3403 5076 ore
3417 5019 3532 5089 ejus
3550 5003 3739 5085 procedi—

2239 5113 2369 5164 CAP.
2402 5125 2502 5169 xu.
2523 5125 2619 5163 seu
2656 5107 2794 5164 Res.
2831 5126 2909 5164 1x.
2948 5108 3189 5165 Trinitas
3219 5110 3388 5165 nullis
3422 5099 3639 5163 terminis

2166 5200 2516 5268 cumscripla.
2548 5198 2637 5252 53.
2674 5197 3013 5253 Firmissiue
3036 5205 3188 5267 tene,
3223 5205 3277 5255 rt
3306 5183 3741 5254 nullatenusduhi-

2168 5294 2275 5354 tes,
2308 5287 2647 5342 Trinitatem
2676 5286 2858 5342 Deum
2894 5285 3251 5344 immensum
3283 5304 3406 5342 esse
3436 5284 3636 5338 virtute.
3660 5284 3737 5327 Ποῦ

2169 5377 2340 5443 mole,
2372 5384 2429 5432 et
2461 5393 2695 5432 omnem
2714 5383 3045 5432 creaturam
3070 5377 3391 5448 spiritalem
3414 5382 3572 5445 atque
3588 5374 3738 5432 οθῒρο·

2170 5469 2346 5523 ratem
2381 5467 2595 5521 virtute
2615 5467 2744 5537 ejus
2764 5476 2821 5522 et
2838 5468 3143 5539 praesentia
3166 5464 3461 5524 contineri.
3486 5457 3611 5518 Dicit
3626 5451 3737 5510 enim

2165 5629 2234 5701 (e)
2260 5628 2358 5701 Sic
2391 5626 2704 5701 ms._Corb.
2741 5629 2804 5683 At
2829 5628 2975 5700 edet,
3009 5631 3235 5687 visione.

2163 5685 2232 5772 (Ι
2256 5698 2426 5827 Εῗιῖἰο
2454 5697 2639 5769 ﬁdeles
2663 5701 2946 5773 apostolos.
2963 5685 3121 5760 ,Mss.
3155 5685 3414 5776 quisque
3442 5713 3544 5757 non
3570 5685 3733 5751 habent

2160 5788 2352 5845 aposo
2378 5788 2458 5828 os.
2836 5844 2843 5845 γ

2161 5843 2238 5973 (ᾖ)
2259 5843 2398 5902 Mss.
2432 5859 2610 5916 unus,
2639 5844 2893 5905 Ostendit
2920 5847 3132 5905 enim...
3163 5863 3292 5904 cum
3336 5847 3433 5905 ait.

2161 5919 2178 5973 t
2227 5918 2242 5973 l
2274 5919 2416 5973 Mss.
2448 5920 2590 5973 tres.
2620 5924 2676 5973 et
2701 5926 2935 5973 secutus.
2965 5920 3067 5973 ait.

2161 5918 2242 5992 (ἡ)
2274 5919 2416 5973 Mss.
2448 5920 2590 5990 tres,
2620 5924 2676 5974 et
2701 5926 2935 5990 secutus,
2965 5920 3067 5979 ait.
