3894 6224
0 5691 22 5756 ὶ

139 352 270 412 ’717

1139 347 1296 408 PRO
1337 348 1526 408 FIDE
1569 344 2012 408 CATHOLICA
2057 350 2287 413 LIBER
2333 353 2564 414 UNUS.

3429 354 3551 414 7l8

159 501 211 540 α
253 485 489 551 mortuis,
544 483 761 539 habitat
811 483 871 538 in
918 482 1070 538 vobis
1099 483 1170 552 (v.
1204 482 1312 548 11).
1348 481 1547 548 Qualis
1579 479 1674 535 hic
1705 484 1794 536 est
1824 481 1878 548 Α
1907 481 2124 552 prima:
2146 485 2404 556 Magnum
2424 495 2504 540 est
2522 486 2746 557 pietatis
2780 490 3208 556 sacramentum,
3240 487 3383 560 quod
3422 503 3551 544 ma-

167 576 306 632 Deus
330 574 428 646 qui
459 589 698 628 carnem
731 571 1018 628 Creatoris
1069 587 1102 626 a
1148 570 1400 626 mortuis
1433 569 1741 626 suscitavit
1768 567 1796 624 τ

169 660 267 722 Ubi
292 679 506 733 supra:
537 662 654 716 Nan
684 662 832 716 enim
874 659 1185 728 accepimus
1213 659 1476 730 spiritum
1511 657 1797 714 servitutis

165 751 242 820 (ιι.
271 754 365 822 15).
424 751 638 806 Nullus
672 749 818 804 liber
851 749 962 804 nisi
1003 755 1175 814 Deus,
1234 749 1395 818 quod
1426 753 1517 803 est
1544 747 1796 818 Spiritus

185 850 413 900 sanctus.
449 841 554 896 Ubi
618 854 836 909 supra:
868 839 1007 894 Deus
1064 841 1250 893 autem
1294 839 1414 909 spei
1471 837 1678 908 repleat
1704 851 1798 892 vos

193 934 316 990 omni
341 930 538 1002 gaudio
567 933 619 984 et
648 945 780 996 pace
810 929 872 982 in
901 928 1172 983 credendo
1197 945 1210 983 :
1237 926 1298 981 in
1310 925 1652 982 abundantia
1681 926 1798 994 spei

192 1029 232 1080 st
255 1021 432 1078 virtute
455 1017 708 1082 Spiritus
739 1019 919 1073 sancti
947 1019 1120 1087 (Rom.
1151 1033 1246 1083 xv,
1275 1016 1382 1087 13).
1422 1016 1590 1072 Sicut
1635 1015 1796 1070 Chri-

197 1120 296 1168 stus
313 1113 486 1165 virtus
511 1107 636 1173 Dei,
667 1107 753 1162 ita
776 1105 1030 1177 Spiritus
1053 1109 1316 1160 sanctus.
1340 1105 1448 1161 Ubi
1480 1120 1699 1175 supra:
1733 1105 1800 1161 Ut

197 1197 483 1272 ﬁatoblatio
527 1199 778 1266 gentium
832 1197 1172 1264 sanctiﬁcata
1229 1195 1292 1250 in
1342 1195 1558 1266 Spiritu
1608 1197 1798 1249 sancto

193 1291 346 1361 (Ibid,
381 1290 482 1358 16).
514 1287 772 1357 Spiritus
794 1286 948 1341 sicut
975 1285 1338 1347 viviﬁcat,ita
1364 1289 1422 1340 et
1443 1283 1795 1338 sanctificat.

191 1379 274 1436 Ubi
295 1394 461 1450 supra
484 1393 497 1432 :
521 1376 639 1432 Non
660 1376 812 1431 enim
838 1374 1013 1430 audeo
1032 1373 1254 1447 aliquid
1274 1373 1428 1446 loqui
1455 1389 1646 1429 eorum
1679 1387 1798 1443 quae

186 1486 269 1541 per
293 1485 372 1523 me
392 1483 497 1523 non
518 1467 694 1536 efﬁcit
747 1464 995 1520 Christus
1026 1465 1085 1519 in
1124 1463 1499 1520 obedientiam
1527 1463 1797 1532 gentium,

187 1557 323 1614 verbo
335 1559 380 1612 et
390 1557 559 1625 [actis
575 1575 595 1620 ,-
603 1569 704 1626 per
712 1552 1018 1625 potentium
1031 1555 1323 1624 signorum
1334 1557 1383 1608 et
1394 1550 1795 1623 prodigiorum,

187 1651 236 1704 in
253 1650 433 1704 virtute
451 1646 693 1717 Spiritus
712 1643 894 1700 sancti
914 1643 1100 1716 (lbid.,
1125 1644 1216 1704 18,
1239 1643 1348 1709 19).
1373 1642 1570 1697 Virtus
1593 1640 1796 1706 Filius,

185 1737 344 1792 virtus
364 1737 634 1808 Spiritus,
667 1734 856 1789 virtus
881 1733 1048 1788 Pater
1073 1750 1088 1800 ;
1116 1733 1222 1788 sed
1247 1749 1384 1801 una,
1419 1747 1532 1787 non
1557 1735 1694 1786 tres.
1711 1729 1798 1784 Ad

1901 570 2225 641 nifestatum
2275 577 2432 630 estin
2462 589 2646 641 carne,
2684 573 3062 645 justiﬁcatum
3103 579 3182 631 est
3232 577 3294 631 in
3336 577 3552 648 Spiritu

1905 661 1951 732 (Ι
1983 662 2116 718 Tim.
2151 679 2235 728 ul,
2270 665 2377 735 16).
2413 665 2554 719 Ecce
2592 663 2768 719 etiam
2799 662 3017 720 Christi
3072 664 3542 721 incarnationem

1903 749 2157 822 Spiritus
2171 758 2411 809 sanctus
2433 752 3244 810 sanctiﬁcat.AdTimotheum
3257 755 3516 810 secunda
3536 769 3551 811 :

1908 839 2118 896 Bonum
2139 842 2269 911 ﬁdei
2287 844 2635 898 commissum
2651 841 2880 907 custodi,
2899 858 2998 912 per
3008 841 3280 912 Spiritum
3297 849 3552 900 sanctum

1905 931 2000 1002 qui
2027 931 2312 986 habitatin
2339 932 2499 988 nobis
2521 933 2590 1000 (ll
2623 930 2758 987 Tim.
2791 948 2832 998 ι,
2865 932 2972 997 14).
3006 931 3063 986 Si
3092 933 3240 987 Deus
3261 948 3374 988 non
3393 938 3554 991 esset

1907 1019 2181 1090 Spiritus,
2216 1037 2330 1075 non
2356 1021 2597 1076 auderet
2611 1019 2924 1092 Apostolus
2947 1035 3049 1090 per
3066 1019 3262 1091 ipsum
3284 1021 3550 1093 discipu-

1907 1107 2028 1162 lum
2054 1110 2345 1180 adjurare.
2369 1109 2637 1180 Insuper,
2667 1109 2764 1180 qui
2803 1110 3018 1164 habitat
3047 1111 3110 1164 in
3137 1110 3313 1166 nobis.
3347 1111 3431 1166 Ad
3453 1110 3551 1168 Ti.

1904 1201 2032 1254 tum
2063 1215 2075 1252 :
2099 1197 2292 1254 Salvos
2346 1214 2445 1254 nos
2487 1199 2614 1268 fecit
2639 1213 2738 1270 per
2767 1198 3062 1254 lavacrum
3088 1199 3546 1272 regenerationis,

1903 1307 2004 1362 per
2033 1291 2304 1362 Spiritum
2331 1299 2580 1347 sanctum
2612 1292 2738 1360 (Tit.
2783 1308 2862 1356 ιιι,
2888 1291 2967 1363 5).
3002 1290 3152 1346 Petri
3186 1293 3256 1346 ad
3296 1295 3498 1363 gentes
3530 1307 3545 1349 :

1906 1381 2170 1436 Nuntiata
2185 1381 2336 1436 vobis
2351 1389 2480 1436 sunt
2494 1396 2596 1449 per
2609 1397 2698 1437 eos
2720 1380 2818 1452 qui
2837 1381 3351 1449 evangeliseverunt
3374 1381 3548 1450 vobis,

1907 1471 2120 1543 Spiritu
2146 1477 2328 1528 sancto
2352 1473 2517 1528 misso
2547 1472 2614 1527 de
2663 1473 2813 1527 caelis
2847 1489 2860 1528 :
2890 1473 2950 1526 in
3010 1487 3114 1544 quo
3164 1473 3555 1543 concupiscunt

1905 1561 2092 1632 angeli
2117 1563 2432 1633 prospicere
2463 1563 2506 1632 (Ι
2529 1563 2680 1618 Petr.
2715 1579 2755 1626 1,
2791 1560 2900 1632 12).
2945 1560 3100 1617 Deus
3130 1564 3220 1616 est
3252 1576 3427 1632 quem
3460 1576 3560 1617 cu-

1908 1651 2078 1723 piunt
2109 1649 2300 1722 angeli
2347 1649 2700 1721 prospicere.
2744 1649 2852 1706 Ubi
2895 1665 3078 1721 supra
3113 1664 3126 1704 :
3177 1650 3428 1706 Christus
3455 1667 3554 1721 pro

1905 1737 2142 1810 peccatis
2164 1740 2368 1794 nostris
2381 1742 2628 1794 mortuus
2644 1743 2723 1794 est
2737 1783 2749 1805 ,
2753 1739 2943 1810 justus
2954 1755 3060 1809 pro
3074 1737 3306 1810 injustis
3331 1756 3344 1794 :
3369 1749 3430 1794 ut
3455 1753 3556 1794 nos

183 1825 486 1882 Corinthios
531 1823 724 1900 prima
762 1821 1041 1894 :Spiritus
1063 1833 1244 1878 autem
1275 1821 1467 1877 omnia
1492 1823 1793 1878 scrutatur.
1827 1855 1875 1921 Β
1908 1829 2128 1900 οηεννει
2173 1832 2300 1896 nco,
2341 1827 2697 1896 mortiﬁcatos
2745 1827 2962 1898 quidem
3012 1843 3197 1898 carne,
3244 1829 3550 1899 viviﬁcatos

176 1917 322 1973 Nemo
343 1920 486 1972 novit
502 1933 624 1988 quae
653 1923 784 1970 sunt
822 1913 946 1976 Dei,
1009 1912 1126 1968 nisi
1155 1914 1403 1980 Spiritus
1434 1913 1554 1978 eius
1595 1913 1640 1979 (ι
1673 1911 1794 1966 Cor.

176 2023 233 2073 ιι,
262 2009 342 2073 10,
372 2009 471 2077 11).
510 2006 616 2063 Ubi
649 2021 866 2076 supra:
891 2005 1170 2068 Templum
1202 2005 1304 2058 Dei
1331 2002 1486 2070 estis,
1533 2011 1584 2057 et
1613 2000 1795 2072 Spiri-

175 2099 252 2150 tus
279 2098 369 2152 Dei
382 2095 596 2151 habitat
629 2096 687 2150 in
717 2094 867 2149 vobis
889 2096 937 2158 (Ι
967 2094 1090 2149 Cor.
1127 2110 1209 2158 ιιι,
1244 2093 1352 2161 16).
1387 2091 1538 2146 Deus
1571 2094 1661 2146 est
1699 2088 1795 2160 qui

179 2183 383 2240 habitat
403 2185 456 2240 in
483 2182 704 2256 templo
734 2200 864 2240 suo.
895 2181 1003 2238 Ubi
1023 2198 1234 2253 supra:
1260 2182 1450 2236 Abluti
1477 2189 1528 2236 et
1549 2179 1798 2248 sanctiﬁ-

176 2276 275 2330 cati
285 2277 406 2330 estis
430 2277 488 2330 in
507 2275 730 2331 nomine
751 2273 971 2328 Domini
987 2274 1162 2326 nostri
1185 2272 1311 2328 Iesu
1336 2271 1564 2337 Christi,
1597 2275 1650 2325 et
1669 2268 1794 2338 Spi-

169 2365 278 2418 ritu
305 2365 398 2420 Dei
421 2364 680 2435 nvstri(t
718 2362 842 2418 Cor.
866 2378 944 2429 νι,
976 2361 1080 2431 l1).
1115 2361 1258 2416 Ecce
1287 2359 1466 2416 simul
1488 2361 1794 2424 mandant,

167 2452 341 2508 simul
358 2453 726 2510 sanctiﬁcant
748 2450 927 2506 Filius
949 2457 1007 2505 et
1026 2449 1280 2520 Spiritus
1300 2454 1556 2505 sanctus.
1576 2448 1676 2504 Ubi
1703 2464 1795 2503 su-

161 2557 298 2612 pra:
323 2543 512 2601 Omnia
535 2545 798 2613 aperatur
815 2557 959 2595 unus
991 2545 1152 2611 atque
1175 2539 1320 2594 idem
1360 2538 1622 2608 Spiritus,
1653 2537 1796 2592 divi-

158 2630 281 2687 dens
305 2635 597 2705 unicuique
614 2633 778 2702 prout
801 2631 980 2700 vutt(l
1011 2628 1136 2684 Cor.
1188 2644 1290 2693 xu,
1337 2630 1441 2696 11).
1475 2628 1584 2692 Qui
1617 2626 1797 2682 libere

151 2724 302 2791 quod
326 2723 444 2776 vult
464 2721 624 2788 facit,
661 2719 806 2775 nulli
830 2724 920 2774 est
941 2717 1231 2772 subditus.
1258 2718 1334 2772 Ad
1363 2715 1691 2770 Corinthios
1713 2732 1799 2771 se-

155 2812 381 2866 cunda:
421 2810 668 2876 Epistula
715 2807 922 2878 scripta
951 2824 1062 2862 non
1097 2811 1432 2870 atramento,
1456 2804 1548 2860 sed
1575 2805 1796 2876 Spiritu

150 2898 250 2954 Dei
269 2901 464 2970 vivi(ll
498 2899 620 2955 Cor.
653 2915 740 2962 ιιι,
766 2898 841 2965 5).
877 2895 1133 2966 Spiritus
1153 2895 1409 2951 hominis
1425 2911 1539 2949 non
1563 2898 1652 2954 est
1682 2895 1794 2948 mi-

151 3004 262 3044 nor
283 2989 546 3046 homine:
567 2994 786 3060 quanto
809 2987 996 3058 magis
1018 2986 1275 3056 Spiritus
1296 2985 1388 3039 Dei
1415 2983 1427 3038 Ξ
1456 2984 1561 3040 Ubi
1579 2999 1794 3056 supra:

141 3081 352 3138 Littera
393 3081 610 3146 occidit,
644 3081 888 3150 Spiritus
936 3087 1122 3134 autem
1177 3076 1424 3146 viviﬁcat
1491 3077 1681 3147 (tbid.,
1714 3077 1793 3145 6).

142 3170 250 3234 Qui
297 3171 548 3227 vivificat
589 3170 745 3226 Deus
797 3172 887 3224 est
925 3185 939 3222 :
974 3167 1112 3236 quia
1138 3168 1394 3222 Dominus
1421 3166 1714 3221 mortiﬁcat
1744 3169 1796 3220 et

143 3260 386 3330 viviﬁcat
412 3261 456 3332 (l
488 3262 604 3330 Reg.
643 3276 707 3325 ιι,
739 3259 815 3329 6).
847 3257 926 3312 Ad
951 3255 1226 3312 Galatas:
1274 3257 1336 3312 Ut
1365 3256 1794 3310 benedictionem

143 3346 385 3419 Spiritus
432 3349 773 3420 accipiamus
819 3364 920 3418 per
965 3346 1125 3417 ﬁdem
1169 3344 1309 3414 (Gal.
1362 3362 1450 3410 ιιι,
1499 3345 1604 3416 14).
1639 3345 1794 3400 Deus

139 3441 351 3511 estqui
376 3439 690 3495 benedicit.
709 3436 815 3493 Ubi
841 3452 1059 3507 supra:
1083 3435 1301 3501 Spiritu
1329 3436 1587 3500 vivimus,
1614 3433 1792 3504 Spiri-

137 3528 198 3581 tu
222 3535 275 3582 et
304 3527 650 3582 ambulemus
675 3524 792 3582 Gul.
850 3541 903 3584 ν.
933 3524 1044 3595 25).
1068 3522 1176 3588 Qui
1211 3539 1445 3578 rursum
1472 3523 1793 3591 benedicit,

139 3613 270 3686 ipse
293 3615 552 3672 viviﬁcat
583 3621 648 3670 ut
673 3614 848 3670 Deus.
883 3611 991 3668 Ubi
1025 3628 1240 3682 supra:
1289 3611 1397 3678 Qui
1440 3612 1798 3666 seminaverit

143 3703 206 3759 in
238 3707 476 3775 Spiritu,
512 3705 578 3760 de
606 3703 824 3775 Spiritu
854 3706 1016 3757 metet
1043 3702 1218 3756 vitam
1238 3706 1516 3757 zternam
1543 3699 1682 3770 (Gal.
1713 3717 1795 3767 v1,

142 3792 218 3862 8).
250 3795 313 3848 In
340 3794 428 3850 his
459 3793 652 3848 tribus
694 3790 1051 3847 testimoniis
1081 3789 1149 3843 ad
1179 3789 1440 3855 Galatas,
1471 3788 1724 3860 Spiritus
1743 3793 1799 3843 et

143 3877 462 3948 benedicit,
525 3885 582 3936 et
639 3878 917 3942 viviﬁcat,
957 3881 1015 3932 et
1044 3877 1143 3931 dat
1173 3876 1352 3931 vitam
1383 3882 1680 3932 aeternam.
1713 3876 1797 3930 Ad

151 3968 433 4038 Ephesios
478 3986 491 4023 :
541 3972 606 4024 In
636 3983 740 4040 quo
777 3966 1061 4022 credentes
1090 3964 1303 4034 signati
1331 3967 1462 4021 estis
1493 3965 1556 4020 in
1585 3967 1800 4036 Spiritu

153 4059 306 4116 548
360 4063 548 4116 sancto
603 4059 823 4128 (Ephes.
884 4073 924 4125 ι,
983 4057 1091 4127 13).
1135 4057 1448 4127 Signamur
1475 4056 1534 4110 in
1564 4057 1800 4111 nomine

153 4146 423 4215 Patris,et
445 4147 593 4213 Filii,
620 4155 679 4202 et
707 4145 959 4213 Spiritus
991 4146 1199 4201 sancti.
1225 4144 1331 4200 Ubi
1364 4161 1542 4216 supra
1569 4162 1581 4199 :
1607 4147 1666 4201 In
1697 4162 1800 4216 quo

153 4252 238 4293 vos
266 4236 624 4307 ahﬁcamini
649 4235 710 4291 in
741 4236 1120 4291 habitaculum
1145 4235 1243 4290 Dei
1266 4236 1326 4289 in
1349 4233 1798 4304 SpirituUs‘phes.

151 4341 211 4393 ιι,
242 4328 352 4398 22).
390 4328 533 4384 ltcm
561 4343 573 4379 :
610 4325 929 4381 Revelatum
964 4333 1044 4378 est
1067 4325 1276 4378 sanctis
1305 4323 1422 4390 eius
1451 4325 1709 4393 apostolis
1740 4323 1800 4377 in

147 4416 386 4488 Spiritu.
416 4431 532 4472 esse
559 4419 743 4486 gentes
773 4413 1082 4469 coheredes
1103 4412 1318 4483 (Ephes.
1354 4429 1440 4478 ιιι,
1471 4413 1547 4478 5).
1593 4412 1804 4468 Omnia

150 4511 430 4579 operatur
459 4521 616 4560 unus
646 4508 823 4575 atque
857 4503 1005 4556 idem
1025 4501 1279 4570 Spiritus
1305 4516 1320 4555 :
1355 4499 1614 4556 heredes
1643 4501 1800 4555 facit.

1905 1925 2094 1973 autem.
2144 1915 2356 1986 Spiritu
2412 1915 2632 1987 (lPetr.
2684 1932 2767 1984 ιιι,
2820 1915 2928 1986 18).
2955 1914 3030 1971 Ut
3059 1932 3278 1986 supra:
3313 1919 3377 1974 Ut
3399 1917 3554 1984 iudi-

1904 2012 2099 2064 centur
2127 2005 2347 2076 quidem
2402 2005 2701 2059 secundum
2744 2003 3023 2059 hominem
3049 2004 3112 2058 in.
3141 2021 3329 2077 carne,
3357 2007 3553 2062 vivant
3591 1999 3606 2012 ’

1905 2101 2089 2153 autem
2143 2094 2446 2151 secundum
2503 2094 2669 2148 Deum
2729 2095 2787 2148 in
2847 2092 3061 2164 Spiritu
3106 2094 3150 2164 (ι
3179 2099 3331 2150 Petr.
3363 2112 3442 2163 IV,
3473 2097 3552 2168 6).

1907 2185 2014 2243 Ubi
2043 2201 2222 2255 supra
2245 2199 2259 2238 :
2283 2182 2345 2237 Si
2363 2181 2778 2251 exprobramini
2801 2184 2856 2236 in
2876 2183 3114 2250 Christo,
3147 2183 3412 2256 quoniam
3438 2186 3553 2257 glo-

1906 2277 2012 2332 riae
2043 2273 2264 2328 Domini
2296 2271 2540 2341 Spiritus
2588 2272 2646 2326 in
2704 2272 2853 2328 vobis
2889 2273 3190 2344 requiescit
3219 2272 3401 2344 (lbid.,
3437 2274 3547 2346 14).

1909 2363 2102 2420 Gloria
2125 2361 2312 2418 Patris
2357 2361 2622 2416 Christus
2652 2364 2739 2416 est
2761 2359 2945 2428 gloria
2987 2360 3241 2430 Spiritus
3287 2366 3550 2418 sanctus.

1906 2452 2322 2523 Nunquiddum
2345 2449 2590 2523 gloria?
2641 2451 2794 2504 Petri
2813 2450 3073 2505 secunda
3110 2450 3279 2506 :Hazc
3305 2453 3551 2521 primum

1906 2542 2296 2609 intelligentes,
2313 2539 2454 2604 quod
2473 2539 2651 2594 omnis
2679 2538 2965 2610 prophetia
2995 2538 3298 2610 Scriptura?
3323 2542 3554 2612 propria

1904 2628 2366 2700 interpretatione
2393 2645 2508 2682 non
2537 2629 2618 2699 ﬁt.
2652 2629 2769 2683 Non
2809 2627 2961 2683 enim
2993 2629 3275 2685 voluntate
3303 2629 3552 2684 humana

1904 2719 2080 2774 allata
2111 2726 2188 2774 est
2219 2717 2515 2788 aliquando
2543 2717 2864 2788 prophetia,
2886 2717 2977 2773 sed
2992 2718 3202 2790 Spiritu
3230 2723 3415 2774 sancto
3444 2719 3555 2774 arti

1906 2809 2074 2864 locuti
2103 2811 2230 2862 sunt
2289 2807 2538 2862 homines
2574 2809 2675 2862 Dei
2708 2808 2776 2876 (II
2831 2812 2981 2864 Petr.
3013 2807 3166 2877 1,20,
3199 2809 3310 2880 21).
3345 2807 3554 2864 Nullus

1905 2897 2158 2968 inspirat
2213 2896 2529 2968 prophetiae
2587 2897 2806 2952 donum
2841 2895 2950 2952 nisi
2985 2896 3159 2953 Deus.
3204 2897 3450 2953 Joannis
3481 2897 3551 2953 ad

1909 2989 2185 3044 Parthos:
2210 2989 2272 3042 In
2299 2987 2398 3042 hoc
2425 2989 2624 3042 scimus
2655 2988 2785 3058 quia
2813 2991 3001 3042 manet
3032 2989 3091 3042 in
3119 2989 3298 3055 nobis,
3333 2989 3404 3043 de
3431 2988 3551 3059 Spi-

1906 3079 2026 3134 ritu
2054 3083 2240 3134 sancto
2261 3093 2420 3149 quem
2444 3075 2595 3131 :ledit
2622 3076 2780 3132 nobis
2805 3077 2852 3146 (Ι
2870 3078 3032 3132 Joan.
3059 3092 3146 3143 ιιι,
3175 3076 3288 3146 24).
3326 3078 3433 3132 Ubi
3457 3094 3556 3132 su-

1911 3185 2015 3240 pra
2040 3183 2052 3222 :
2077 3168 2347 3237 Quoniam
2376 3167 2435 3220 in
2452 3181 2512 3220 eo
2528 3158 2835 3232 manemus,
2865 3170 2916 3220 et
2945 3165 3062 3236 ipse
3093 3166 3151 3219 in
3181 3165 3339 3222 nobis
3370 3168 3549 3238 ;quia

1831 3224 1872 3290 ρ
1907 3224 1975 3314 de
2003 3224 2217 3328 Spiritu
2267 3271 2364 3311 suo
2420 3254 2576 3310 dedit
2616 3254 2772 3309 nobis
2823 3224 2871 3326 (l
2923 3224 3082 3310 Idan.
3117 3271 3192 3324 ιν,
3223 3256 3328 3326 13).
3364 3224 3541 3324 Dedit,

1898 3346 2058 3418 quod
2083 3345 2273 3411 audis,
2291 3345 2546 3414 operatio
2577 3347 2664 3398 est
2695 3343 2948 3405 virtutis.
2973 3360 3084 3398 non
3101 3343 3392 3415 separatio
3414 3345 3536 3400 dei-

1897 3437 2056 3491 tatis.
2093 3436 2154 3489 In
2189 3432 2532 3504 Apocalypsi
2562 3449 2575 3486 :
2607 3434 2675 3486 Et
2703 3436 2826 3503 post
2870 3431 2985 3488 dies
3007 3438 3115 3487 tres
3143 3437 3197 3488 et
3225 3432 3540 3500 dimidium,

1895 3526 2141 3597 Spiritus
2169 3525 2303 3579 vitae
2321 3539 2353 3575 a
2385 3522 2490 3576 Deo
2509 3521 2739 3576 intravit
2770 3521 2831 3576 in
2852 3537 2940 3576 eos
2961 3527 3051 3582 :et
3080 3525 3349 3579 steterunt
3373 3540 3542 3594 super

1895 3615 2058 3687 pedes
2095 3629 2222 3667 suos
2251 3611 2432 3682 (Apoc.
2485 3627 2564 3674 ιιι,
2618 3611 2723 3682 11).
2781 3611 2943 3674 Quod
3001 3628 3035 3666 a
3091 3611 3208 3667 Deo
3266 3613 3550 3682 procedit,

1897 3707 2180 3759 Deusest.
2216 3699 2320 3756 Ubi
2344 3717 2555 3772 supra:
2578 3699 2786 3764 Scribe,
2821 3699 2980 3756 Beati
3007 3700 3212 3756 mortui
3240 3701 3338 3773 qui
3359 3703 3420 3757 in
3451 3705 3549 3756 Do-

1899 3795 2052 3848 mino
2081 3792 2418 3845 moriuntur.
2452 3790 2660 3845 Amodo
2671 3789 2794 3860 jam
2813 3789 2950 3845 dicit
2982 3791 3226 3860 Spiritus
3255 3795 3315 3846 ut
3336 3793 3551 3863 requie-

1898 3885 2052 3938 scant
2074 3899 2110 3935 a
2137 3879 2416 3935 laboribus
2435 3879 2551 3934 suis
2579 3879 2762 3951 (Apoc.
2787 3879 3162 3953 xuv,13).Non
3187 3881 3333 3936 dixit
3357 3880 3547 3948 Pater,

1902 3989 2016 4028 non
2049 3970 2195 4025 dixit
2217 3970 2416 4035 Filius,
2442 3971 2540 4024 sed
2593 3969 2865 4039 Spiritus,
2892 3969 2992 4041 qui
3016 3985 3121 4040 per
3151 3970 3301 4026 hanc
3325 3970 3555 4041 jussio-

1903 4078 2034 4117 nem
2061 4060 2389 4115 ostenditur
2406 4065 2576 4114 Deus.
2601 4059 2681 4113 Ad
2701 4058 3006 4116 Hebraeos:
3041 4059 3104 4115 Si
3133 4059 3282 4115 enim
3313 4062 3556 4133 sanguis

1903 4160 2199 4206 taurorum
2254 4155 2306 4203 et
2350 4148 2655 4212 hircorum,
2683 4159 2734 4202 et
2763 4149 2903 4203 cinis
2934 4149 3124 4202 uitulae
3153 4165 3430 4219 aspersus,
3462 4151 3556 4202 in-

1903 4241 2156 4312 quinatos
2187 4239 2498 4308 sanctiﬁcat
2537 4237 2604 4291 ad
2633 4235 3080 4291 cmundutionem
3108 4241 3314 4306 carnis,
3351 4242 3558 4309 quanto

1905 4347 1998 4384 ma
2006 4328 2091 4397 gis
2101 4326 2547 4395 sanguisChristi
2556 4327 2674 4396 ,qui
2683 4323 2932 4396 perSpiri
2937 4330 3052 4379 tum
3063 4330 3312 4380 sanctum
3324 4325 3559 4397 seipsum

1907 4417 2105 4474 obtulit
2149 4417 2569 4471 immaculatum
2613 4415 2722 4469 Deo
2777 4413 2960 4484 (Hebr.
3022 4430 3104 4478 Ix,
3159 4415 3245 4482 13,
3281 4414 3365 4485 14)
3395 4413 3407 4469 ι
3441 4414 3561 4471 Hoc

1909 4505 2320 4563 testimonium
2350 4506 2516 4557 docet
2537 4505 2710 4573 cujus
2733 4502 3036 4573 potestatis
3057 4503 3136 4558 sit
3163 4502 3414 4574 Spiritus
3427 4520 3563 4560 san-

154 4575 261 4655 Ubi
285 4613 503 4669 supra:
531 4597 593 4653 Ut
620 4595 712 4650 det
740 4592 894 4648 vobis
948 4593 1243 4648 secundum
1275 4591 1501 4648 divitias
1531 4593 1804 4646 claritatis
1836 4575 1880 4640 D
1919 4602 2070 4663 ctus,
2099 4611 2197 4665 per
2220 4609 2390 4664 quem
2435 4610 2568 4647 caro
2589 4591 2802 4647 Christi
2831 4593 3141 4648 exhibetur
3163 4593 3564 4650 immaculata.

151 4703 288 4752 suae,
301 4685 647 4754 virtutemta)
672 4683 1025 4738 corroborari
1039 4697 1138 4747 per
1160 4680 1432 4749 Spiritum
1449 4682 1779 4752 suum(lbid.
1791 4723 1807 4749 ,

157 4779 266 4850 16).
293 4776 419 4832 Νοιι
458 4773 800 4830 corroborat
839 4771 954 4825 nisi
989 4776 1158 4825 Deus.
1197 4769 1806 4840 Uhisupra:Solliciti

156 4883 379 4926 servare
399 4868 676 4920 unitatem
697 4862 940 4932 Spiritus
971 4861 1030 4916 in
1060 4860 1279 4916 vinculo
1299 4861 1450 4930 pacis
1481 4861 1695 4931 (Ephes.
1731 4878 1804 4926 ιν,

161 4960 233 5031 3).
271 4963 391 5013 Pax
420 4955 716 5012 Christus.
751 4951 1028 5022 Nunquid
1062 4951 1191 5004 dum
1226 4948 1759 5019 paces?Ubisupra
1793 4967 1806 5005 :

168 5052 230 5105 Et
249 5044 517 5121 gladium
538 5043 807 5114 Spiritus,
831 5042 928 5112 qui
945 5049 1026 5094 est
1046 5053 1230 5093 sermo
1249 5036 1346 5092 Dei
1369 5039 1584 5106 (Ephes.
1605 5055 1680 5103 v1,
1707 5040 1810 5111 17).

161 5141 360 5194 Sermo
391 5133 493 5190 Dei
529 5132 797 5187 Christus
826 5146 842 5196 ;
891 5129 1146 5200 Spiritus
1205 5132 1446 5182 sanctus
1468 5144 1660 5183 sermo
1692 5129 1814 5185 Dei.

163 5223 439 5296 Nunquid
465 5226 582 5276 duo
604 5233 910 5276 sermones
931 5217 960 5271 ‘l
985 5218 1068 5270 Ad
1097 5214 1507 5286 Phtlippenses
1535 5215 1693 5272 :Sive
1721 5220 1817 5272 ab-

1919 4684 2026 4742 Ubi
2049 4699 2228 4752 supra
2256 4699 2269 4737 :
2292 4683 2524 4737 Irritam
2545 4683 2669 4753 quis
2689 4681 2903 4751 faciens
2936 4686 3110 4753 legem
3125 4683 3316 4756 Moysi,
3333 4685 3457 4740 sine
3485 4683 3570 4739 ul-

1916 4776 1970 4830 la
1997 4772 2378 4836 miseratione,
2403 4769 2614 4826 duobus
2642 4772 2799 4828 544
2824 4773 2903 4826 vel
2935 4772 3118 4827 tribus
3150 4773 3379 4830 testibus
3403 4775 3570 4829 mori-

1917 4874 2043 4918 tur:
2080 4869 2281 4931 quanto
2303 4861 2480 4928 magis
2499 4862 2710 4932 putatis
2740 4862 3024 4916 deteriora
3065 4861 3270 4918 mereri
3297 4862 3572 4933 suppliria

1921 4955 2017 5024 qui
2031 4951 2240 5008 Filium
2257 4950 2355 5005 Dei
2363 4950 2799 5014 ronculraverit,
2825 4960 2875 5006 et
2893 4955 3223 5020 sanguinem
3241 4952 3520 5006 Testamen
3529 4951 3575 5006 ti

1920 5043 2194 5114 pollutum
2209 5039 2456 5100 duxerit,
2481 5045 2532 5095 et
2553 5039 2797 5110 Spiritui
2813 5040 3016 5112 gratiae
3031 5039 3424 5096 contumeliam
3439 5041 3579 5107 fece-

1926 5135 2000 5188 rit
2031 5131 2218 5199 (Hebr.
2252 5147 2308 5195 x,
2341 5129 2436 5196 28,
2459 5129 2548 5194 29)
2584 5129 2597 5184 l
2635 5134 2776 5184 Ecce
2807 5129 2997 5200 quelis
3050 5129 3194 5184 ultio
3227 5145 3329 5198 pro
3362 5127 3581 5198 injuria

1932 5221 2056 5278 Filii
2082 5220 2412 5292 etSpiritus
2436 5219 2647 5275 sancti.
2672 5218 2779 5274 Ubi
2803 5235 2985 5290 supra
3009 5235 3022 5274 :
3055 5217 3302 5274 Iudicem
3333 5218 3581 5272 omnium

167 5330 284 5372 sons
336 5311 570 5370 audiam
619 5313 684 5364 de
741 5307 913 5370 vobis,
975 5307 1113 5378 quia
1166 5306 1331 5360 statis
1380 5306 1438 5359 in
1467 5321 1576 5360 uno
1604 5307 1822 5378 Spiritu
1931 5312 2197 5378 Deum,et
2216 5309 2456 5378 Spiritus
2464 5309 2747 5377 justorum
2767 5309 3224 5379 perfectorum,et
3257 5306 3585 5362 Testamenti

174 5404 378 5475 Philip.
411 5420 452 5471 ι,
509 5400 626 5473 2⁸1),
657 5399 768 5455 hoc
810 5402 900 5453 est
953 5398 1012 5451 in
1037 5395 1171 5451 Deo.
1227 5393 1310 5449 Ad
1335 5393 1820 5452 Thessalonicen-

175 5511 292 5553 sss:
310 5490 625 5562 Assumpsit
643 5503 735 5544 vos
756 5487 893 5543 Deus
915 5485 984 5541 ab
1001 5485 1162 5540 initio
1185 5483 1257 5538 ad
1271 5483 1507 5538 salutem
1536 5482 1598 5539 in
1617 5489 1822 5544 sancti-

173 5585 424 5658 ﬁcatione
472 5577 715 5651 Spiritus
747 5576 822 5650 (ιι
855 5576 1035 5631 Thess.
1067 5591 1129 5640 ιι,
1180 5573 1288 5643 12).
1327 5570 1414 5626 Ad
1446 5572 1824 5633 Timotheum

1935 5399 2076 5456 Novi
2100 5397 2456 5453 mediatorem
2503 5397 2687 5452 Iesum
2745 5395 3032 5453 Christum
3089 5397 3270 5466 (Hebr.
3332 5412 3433 5462 xu,
3464 5395 3581 5468 23).

1937 5494 2058 5544 Hoc
2083 5487 2490 5542 testimonium
2508 5487 2777 5540 convenit
2799 5484 3094 5553 Trinitati,
3128 5487 3269 5560 quia
3297 5491 3355 5542 et
3394 5491 3587 5554 Pater,

1939 5583 1997 5660 et
2023 5575 2289 5644 Filius,et
2305 5573 2559 5647 Spiritus
2581 5579 2823 5632 sanctus
2844 5573 2940 5630 hic
2957 5575 3298 5633 nominatus
3315 5580 3427 5632 est.
3441 5573 3591 5640 Quia

247 5712 318 5786 (a)
345 5709 541 5780 Forte,
566 5704 776 5763 virtute
806 5706 870 5759 ut
896 5703 954 5759 in
977 5701 1174 5758 Greco
1195 5701 1354 5755 textu
1377 5701 1434 5754 et
1453 5701 1608 5773 apud
1633 5701 1798 5778 Vulg.
1829 5705 2180 5764 versionem.
