3848 6356
163 407 244 470 733
1603 402 1874 466 SERMO
1917 403 2022 466 IV.

3400 409 3522 475 ’134

165 544 278 597 Hunc
304 556 438 614 ergo
465 541 648 608 diem,
683 541 837 597 sicut
866 540 1144 610 diximus,
1177 540 1559 612 Epiphaniam
1591 543 1758 595 vocat
1789 539 1842 607 Α
1944 541 1994 595 4.
2029 540 2347 598 Archelaus
2383 548 2552 599 natus
2583 549 2668 600 est
2699 543 2757 599 in
2793 542 3008 615 palatio
3039 542 3310 600 Christus
3333 544 3389 600 in
3424 544 3514 600 di-

162 633 436 688 Christfana
457 633 678 694 religio.
708 632 1038 704 Epiphania
1058 649 1192 688 vero
1212 632 1627 702 interpretatur
1647 630 1760 686 Ma-

164 719 418 774 mlestatio.
436 720 742 773 Traditum
768 729 959 775 autem
984 726 1251 774 tenemus
1273 737 1306 774 a
1324 719 1585 774 Palribus
1599 719 1756 790 quod

166 809 460 881 Unigenitus
481 808 909 879 llei,pOstiiuam
926 816 1014 864 est
1028 826 1162 864 secu
1174 809 1243 863 nd
1256 827 1286 862 u
1299 827 1348 864 in
1367 825 1597 864 carnem
1617 818 1758 862 tem-

165 898 601 972 poraliternatus,
619 900 676 954 in
697 900 807 954 isto
822 899 914 953 die
936 907 1024 954 est
1049 898 1228 970 Magis
1246 898 1614 955 venientibus
1630 915 1757 953 ma-

165 991 446 1054 nifestatus,
482 1007 516 1044 a
545 989 762 1060 quibus
794 990 1007 1044 oblatis
1035 989 1380 1044 muneribus
1411 987 1760 1060 suppliciter

161 1089 219 1133 esi
245 1079 684 1141 adoratus._Naiii
706 1077 846 1149 quia
869 1078 994 1148 ipse
1023 1084 1109 1132 est
1131 1083 1283 1134 Deus
1301 1076 1399 1149 qui
1424 1076 1535 1131 sibi
1564 1078 1618 1130 in
1646 1075 1756 1131 Ve-

162 1168 239 1223 teri
279 1167 642 1222 Testamento
684 1168 877 1235 (Exod.
928 1183 1062 1232 xxv,
1109 1170 1162 1237 2)
1216 1165 1508 1238 primitias
1561 1165 1756 1220 ollerri

161 1257 436 1320 mandavit,
453 1257 604 1311 idem
628 1259 778 1312 Deus
796 1255 973 1312 homo
995 1260 1168 1311 natus
1183 1259 1444 1327 gentium
1472 1254 1757 1325 primitias

157 1363 240 1401 suo
257 1345 425 1400 cultui
442 1345 754 1403 dedicavit.
774 1347 1108 1418 Apostulica
1130 1361 1260 1400 vero
1281 1351 1532 1401 testatur
1552 1357 1756 1400 aucto-

159 1436 426 1506 ritas.quia
455 1451 602 1490 unus
622 1447 698 1490 est
721 1436 858 1490 Deus
882 1438 979 1508 qui
1001 1436 1270 1506 justiﬁcal
1291 1434 1760 1490 rircumcisionem

160 1540 212 1580 ex
232 1524 340 1595 ﬁde,
368 1530 417 1580 et
446 1524 788 1596 przputium
812 1542 915 1595 per
943 1524 1102 1595 ﬁdem
1143 1525 1316 1596 (liom.
1360 1541 1445 1587 iii,
1477 1525 1568 1595 30)
1600 1541 1612 1579 :
1645 1524 1755 1578 cir-

156 1613 496 1670 cumcisionis
512 1614 784 1670 noniineJ
800 1614 1016 1679 udaeus,
1031 1614 1294 1686 prasputii
1313 1613 1544 1668 nomine
1556 1620 1758 1686 gentes

151 1703 514 1759 indubitanter
541 1704 879 1759 ostendens.

206 1793 250 1848 2.
283 1792 373 1848 Isti
401 1799 539 1849 sunt
557 1792 674 1848 duo
707 1792 979 1864 parietes,
999 1791 1094 1863 qui
1115 1809 1182 1848 ex
1203 1792 1430 1847 diverso
1451 1802 1754 1860 venerunt,

1867 631 2143 685 versorio.
2179 633 2494 688 Archelaus
2527 633 2782 696 natus,in
2817 631 2962 689 lecto
2997 640 3086 689 est
3117 642 3392 705 argenteo
3418 651 3518 705 po-

1867 717 2036 783 situs;
2065 719 2331 778 Christus
2362 729 2554 777 autem
2585 729 2778 787 natus,
2815 723 2872 777 in
2910 722 3186 794 praesepio
3238 729 3328 778 est
3382 724 3510 779 bre-

1865 807 2107 863 vissimo
2131 811 2468 866 collocatus.
2491 811 2589 867 Ille
2608 814 2853 868 forsitan
2897 811 3163 884 pretiosis
3211 810 3513 866 involutus

1867 904 1957 952 est
1988 899 2211 966 sericis,
2247 900 2358 956 iste
2386 901 2693 957 vilissimis
2727 900 3024 957 iiianutiis
3070 907 3154 956 est
3185 903 3410 972 pannis.
3449 902 3516 957 Et

1868 992 2061 1043 tamen
2098 988 2192 1044 ille
2215 997 2388 1046 natus
2413 991 2466 1045 in
2491 991 2724 1060 palatio,
2757 992 3177 1057 contemnitur;
3204 990 3312 1045 istc
3338 996 3512 1046 natus

1870 1075 1926 1130 in
1961 1077 2300 1147 diversorio,
2333 1088 2632 1150 quaeritur.
2661 1080 2762 1136 ille
2784 1097 2817 1135 a
2840 1081 3021 1146 Magis
3049 1080 3385 1134 nullatenus
3411 1095 3511 1134 no-

1871 1165 2150 1242 minatur;
2167 1167 2276 1222 iste
2292 1168 2938 1242 inventus,suppliciter
2952 1170 3193 1225 adorato
3206 1168 3359 1224 ι’.οω
3372 1169 3509 1224 nino

1867 1256 2164 1324 Spernitur
2197 1259 2619 1327 primogenitae
2651 1259 2820 1325 regis,
2854 1265 2911 1314 et
2941 1259 3279 1314 muneribus
3302 1259 3507 1313 adora-

1865 1345 2468 1417 turgd)primogenitus
2486 1364 2592 1417 pau
2607 1347 2850 1418 perculsa
2865 1347 3284 1413 mulieris.Quis
3301 1348 3511 1403 cstiste

1869 1451 1966 1490 rex
1986 1435 2347 1502 Judieorum,
2375 1437 3180 1506 panperctdives,liumiliset
3197 1438 3467 1492 sublimis
3483 1437 3512 1492 ?

1867 1525 2001 1596 quis
2020 1525 2233 1580 estiste
2251 1544 2342 1580 rex
2358 1527 2383 1581 J
2399 1527 2694 1582 uda-orum
2721 1527 2816 1596 qui
2843 1533 3107 1598 portatur
3127 1533 3213 1582 est
3237 1527 3512 1598 parvulus

1865 1616 2140 1670 adJratur
2169 1622 2230 1669 ut
2263 1614 2446 1670 Deus?
2469 1617 2744 1686 parvulus
2777 1620 2832 1670 in
2865 1617 3164 1688 praesepio,
3188 1617 3514 1670 immensus

1868 1702 1923 1756 in
1958 1704 2122 1770 coelo;
2156 1704 2284 1759 vilis
2318 1705 2373 1758 in
2411 1707 2640 1775 pannis.
2677 1707 2968 1777 pretiosus
3001 1706 3056 1760 in
3091 1703 3305 1761 stellis:
3341 1706 3513 1775 cujus

1865 1792 2163 1848 nativitate
2187 1801 2504 1866 comperta,
2535 1795 2768 1849 Herust
2801 1795 3054 1850 turbatus
3102 1799 3202 1860 est,
3251 1803 3301 1850 et
3332 1793 3510 1851 omnis

146 1881 268 1937 etin
299 1882 540 1955 lapidem
576 1881 677 1954 qui
703 1887 888 1938 tactus
912 1889 1004 1938 est
1027 1883 1083 1937 in
1109 1881 1522 1953 caputanguli,
1545 1881 1601 1935 in
1627 1881 1750 1936 uni-
1789 1911 1835 1976 Β
1868 1882 2243 1953 Hierosolyma
2271 1900 2397 1939 cum
2428 1882 2538 1938 illo
2569 1883 2758 1951 (tbid.,
2792 1885 2868 1948 3).

148 1977 250 2025 tate.
277 1972 397 2026 ﬁdei
429 1979 850 2028 convenerunt.
871 1971 1033 2026 Unus
1053 1971 1242 2043 paries
1261 1972 1415 2026 venit
1432 1970 1754 2039 exJudaeis,

147 2062 272 2114 alter
297 2061 443 2116 venit
473 2078 542 2115 ex
571 2061 878 2133 gentibus.
907 2065 1098 2129 Longe
1129 2078 1162 2115 a
1205 2077 1266 2116 se
1316 2059 1525 2115 diversi
1569 2064 1756 2128 erant,

149 2154 594 2222 quandodiversa
614 2154 948 2208 credebant:
968 2155 1191 2224 positus
1213 2158 1302 2208 est
1320 2154 1373 2206 in
1397 2152 1586 2206 medio
1609 2151 1758 2223 lapis

136 2240 426 2312 angularis,
452 2242 555 2313 qui
582 2243 651 2296 ad
681 2258 742 2296 se
773 2253 1090 2312 utrumque
1117 2241 1393 2308 parietem
1419 2243 1678 2309 duceret,
1701 2244 1756 2295 et

137 2336 423 2402 utrumque
441 2347 557 2386 uno
575 2330 810 2386 nomine
833 2335 1222 2400 nuncuparet,
1238 2336 1551 2401 essentque
1571 2346 1755 2384 unum

128 2422 521 2474 communione
553 2419 841 2486 vocabuli,
865 2420 964 2490 qui
983 2419 1190 2473 ﬁerent
1211 2434 1392 2473 unum
1418 2419 1476 2472 in
1501 2435 1615 2472 una
1631 2434 1760 2489 gra-

126 2507 196 2561 tia
226 2509 594 2564 sacramenti.
636 2509 738 2564 Per
766 2508 1058 2564 Christum
1089 2508 1244 2563 enim
1280 2508 1377 2578 qui
1407 2525 1472 2563 ex
1508 2525 1617 2580 pax
1650 2525 1755 2563 no-

119 2603 256 2663 stra,
283 2601 498 2654 faciens
529 2605 782 2668 utraque
809 2598 884 2669 (α)
911 2614 1090 2653 unum
1118 2598 1333 2668 (Eplies.
1357 2614 1420 2663 ιι,
1446 2598 1552 2668 Μ),
1571 2597 1757 2652 ,ἰαιξωί

120 2692 172 2740 et
187 2688 428 2756 gentiles
444 2687 575 2743 tacti
595 2691 736 2742 sunt
755 2704 965 2754 unum,
989 2687 1206 2758 quibus
1226 2686 1379 2744 559
1407 2687 1537 2740 lidei
1564 2686 1756 2740 unitas

117 2791 298 2831 unum
315 2777 524 2832 indidit
541 2776 797 2831 nominis
813 2775 1125 2831 Christiani
1143 2774 1758 2846 vocabulum.Ablapi-

117 2862 248 2920 dem
281 2882 414 2938 ergo
435 2865 780 2936 angularem
810 2873 1055 2936 uterque
1074 2866 1262 2937 paries
1282 2865 1455 2932 venit,
1479 2872 1536 2920 et
1555 2880 1753 2920 verum

114 2954 393 3025 angulum
412 2955 541 3011 fidei
561 2955 758 3010 unitas
778 2954 932 3010 fecit.
953 2955 1170 3010 Horum
1194 2955 1442 3010 duorum
1472 2955 1753 3025 parietum

117 3060 269 3099 unus
290 3046 581 3100 adductus
604 3051 712 3112 est,
739 3046 972 3114 quando
995 3045 1327 3115 pastoribus
1352 3043 1569 3099 Judaais
1592 3042 1753 3098 Chri-

113 3138 269 3187 stum
291 3133 749 3205 natumangelus
774 3135 1082 3202 nuntiavit;
1099 3132 1241 3189 alter
1256 3133 1444 3204 paries
1465 3133 1754 3189 adductus

108 3235 214 3282 esi.
242 3223 476 3293 quando
492 3222 811 3294 gentilibus
831 3222 1014 3294 Magis
1033 3239 1245 3278 novum
1269 3223 1431 3278 sidus
1453 3223 1742 3294 apparuit.

176 3311 228 3363 3.
269 3312 353 3366 llli
388 3313 621 3368 fuerunt
643 3312 909 3382 primitia
940 3312 1300 3379 Judaeorum,
1326 3312 1422 3367 isti
1449 3311 1584 3368 l'acti
1608 3318 1749 3366 sunt

111 3399 379 3468 primitiae
411 3405 718 3474 gentium;
751 3401 832 3457 illi
863 3403 934 3456 de
967 3403 1230 3474 proximo
1261 3401 1519 3469 adducti,
1553 3400 1647 3456 isti
1679 3401 1749 3456 de

110 3486 428 3562 longinquo
464 3491 713 3546 reducti.
768 3490 951 3562 PrOpe
997 3489 1150 3545 enim
1205 3496 1370 3545 erant
1414 3489 1602 3546 Judaei
1649 3489 1749 3560 qui

110 3575 291 3635 Deum
323 3581 609 3648 colebant,
642 3580 814 3650 longe
843 3587 1009 3634 erant
1039 3587 1244 3652 gentes
1274 3597 1403 3651 quae
1432 3578 1603 3635 idolis
1626 3594 1752 3634 ser-

111 3668 362 3724 viebant.
396 3675 513 3725 Hoc
549 3670 749 3740 utique
776 3669 1193 3740 signiﬁcabant
1217 3677 1500 3740 pastores,
1524 3668 1624 3740 qui
1651 3685 1751 3724 na-

113 3765 308 3813 scente
325 3759 552 3814 Christo
577 3774 753 3830 prspe
778 3765 920 3812 sunt
944 3759 1183 3822 inventi,
1203 3766 1263 3814 et
1292 3758 1585 3830 Magi,qui
1612 3763 1754 3813 sunt

117 3843 184 3898 de
201 3848 529 3918 longinquis
545 3845 815 3918 partibus
832 3846 910 3917 (ὁ)
925 3846 1294 3910 adducti.Qui
1313 3853 1507 3902 tanien
1524 3846 1752 3901 venien-

120 3937 224 3998 tes,
257 3950 386 3990 cuni
415 3937 526 4008 ipsi
557 3934 744 3990 Judaei
777 3951 890 3991 non
932 3942 1152 4006 essent,
1186 3953 1378 4007 regem
1412 3935 1748 3992 Judtsorum

123 4038 180 4077 se
205 4040 452 4093 quaerere
484 4025 732 4097 professi
760 4031 926 4092 sunt,
958 4031 1016 4080 et
1047 4027 1114 4081 ad
1151 4026 1347 4099 ipsum
1381 4026 1748 4082 adorandum

118 4113 406 4169 sevenisse
427 4113 724 4170 dixerunt.
749 4113 843 4168 Ait
865 4115 1022 4170 enim
1044 4113 1424 4186 evangelista,
1447 4114 1584 4185 quia
1603 4115 1752 4184 Magi

123 4200 181 4253 ab
212 4199 420 4258 Oriente
433 4209 699 4259 venerunt
716 4203 1159 4270 [lierOSeli/mum
1173 4203 1430 4258 dicentes:
1454 4203 1554 4259 Ubi
1564 4208 1641 4257 est
1657 4203 1752 4274 ναὶ

118 4291 834 4349 ηαιιιεεδινηΙιιάιϊιυνιηῬ
865 4292 1102 4347 Vilimus
1123 4291 1274 4348 enim
1304 4292 1519 4346 stellam
1539 4292 1658 4362 ejus
1689 4291 1751 4346 in

122 4375 340 4446 Oriente,
361 4392 412 4438 et
437 4384 684 4438 venimus
699 4381 932 4438 adorare
947 4399 1070 4436 eum
1098 4383 1302 4451 (Matth.
1327 4399 1389 4445 ιι,
1416 4382 1466 4446 1,
1487 4382 1564 4452 2).
1587 4380 1749 4446 Quod

115 4475 210 4534 est,
225 4471 545 4529 dulcissimi
561 4471 929 4543 fratres(c),ut
944 4472 1036 4526 isti
1049 4472 1193 4542 Magi
1213 4488 1402 4544 regem
1417 4470 1446 4526 .l
1459 4471 1750 4526 udisorum

115 4560 458 4616 adorandum
491 4569 844 4632 quaererent,
867 4578 1000 4616 cniu
1032 4561 1143 4634 ipsi
1167 4561 1353 4616 Judaei
1376 4577 1487 4616 non
1511 4559 1752 4616 essent?

1933 1973 1988 2027 5.
2021 1973 2168 2036 Quid
2203 1980 2293 2027 est
2323 1974 2472 2042 quod
2507 1973 2589 2028 sic
2625 1971 3206 2037 turbaris,Herodes?
3225 1972 3507 2037 Quoniam

1866 2068 2064 2117 natum
2085 2077 2274 2133 regem
2297 2061 2634 2117 Judeorum
2660 2062 2900 2124 audisti,
2926 2061 3202 2128 turbaris,
3229 2059 3514 2132 suspicio-

1865 2150 2039 2206 nibus
2070 2151 2330 2222 agilaris,
2364 2149 2595 2206 invidia»
2625 2149 2884 2206 stimulis
2915 2149 3326 2216 inﬂammaris,
3350 2155 3406 2204 et
3435 2155 3507 2204 ob

1864 2238 1973 2293 hoc
2005 2245 2202 2294 natum
2239 2255 2431 2310 regem
2463 2238 2726 2295 occidere
2756 2237 3005 2295 conaris.
3040 2237 3239 2294 Inanis
3269 2242 3358 2293 est
3389 2237 3502 2293 ista

1864 2327 2112 2383 turbatio
2135 2333 2256 2397 tua,
2279 2334 2337 2384 et
2366 2346 2512 2384 vana
2546 2346 2784 2401 prorsus
2808 2328 3080 2401 cogitatio
3111 2334 3233 2384 tua.
3259 2327 3376 2382 Rex
3395 2329 3502 2382 iste

1864 2417 1961 2486 qui
1996 2423 2168 2471 natus
2201 2422 2288 2472 est
2319 2435 2433 2474 non
2467 2419 2623 2472 vedit
2662 2434 2826 2490 reges
2862 2419 3175 2488 pugnando
3202 2433 3501 2488 superare,

1864 2506 1962 2560 sed
2001 2506 2297 2562 moriendo
2319 2507 2664 2563 mirabiliter
2683 2507 3019 2579 subjugare;
3055 2523 3159 2563 nec
3183 2509 3309 2562 ideo
3329 2513 3502 2562 natus

1862 2603 1951 2650 est
1982 2601 2044 2650 ut
2077 2595 2176 2651 tibi
2209 2599 2501 2664 succedat,
2536 2599 2633 2652 sed
2659 2597 2793 2652 utin
2816 2614 2947 2653 eum
2977 2598 3234 2652 mundus
3255 2595 3506 2652 fideliter

1863 2685 2081 2740 credat.
2115 2684 2288 2741 Venit
2319 2688 2498 2750 enim,
2539 2704 2650 2742 non
2681 2691 2744 2741 ut
2775 2692 2993 2760 pugnet
3039 2685 3227 2754 vivus,
3279 2687 3380 2741 sed
3441 2689 3507 2740 ut

1862 2775 2184 2847 triumphet
2205 2775 2454 2844 occisus;
2478 2793 2582 2832 nec
2609 2785 2670 2831 ut
2691 2778 2803 2831 sibi
2827 2777 2896 2832 de
2922 2775 3054 2831 aliis
3072 2776 3344 2848 gentibus
3364 2791 3507 2830 auro

1861 2866 2174 2920 exercitum
2197 2871 2433 2935 quierat,
2449 2867 2550 2921 sed
2568 2872 2632 2920 ut
2651 2883 2750 2937 pro
2770 2865 3069 2920 salvandis
3082 2865 3356 2934 gentibus
3383 2880 3510 2935 pre-

1861 2954 2076 3010 tiosum
2112 2956 2457 3027 sanguinem
2491 2955 2721 3011 fundat.
2748 2954 3002 3010 inaniter
3019 2955 3176 3012 560
3197 2952 3508 3009 invidendo

1859 3043 2546 3112 timuistisuccessorem,
2571 3061 2741 3114 quem
2766 3043 3053 3099 credendo
3077 3042 3334 3098 debuisti
3357 3058 3510 3112 quie-

1862 3149 1988 3189 rere
2013 3134 2382 3190 salvatorem:
2417 3135 2556 3205 quia
2589 3133 2638 3188 si
2674 3133 2733 3187 in
2763 3149 2896 3187 eum
2929 3132 3217 3198 crederes,
3251 3146 3386 3185 cum
3432 3145 3499 3184 eo

1861 3239 2156 3293 rcgnares:
2173 3230 2225 3278 et
2240 3223 2475 3277 sicutab
2491 3221 2587 3276 illo
2607 3221 2879 3291 accepisti
2897 3221 3220 3291 temporale
3235 3234 3504 3290 regnum,

1858 3314 2147 3383 acciperes
2177 3313 2350 3367 etiam
2375 3310 2822 3382 sempiternum.
2845 3309 3029 3380 Hujus
3053 3309 3206 3365 enim
3233 3307 3393 3380 pueri
3425 3323 3512 3364 re-

1855 3419 2034 3472 gnum
2070 3419 2182 3457 non
2215 3408 2304 3456 est
2325 3401 2395 3454 de
2415 3400 2522 3455 hoc
2543 3399 2777 3460 mundo.
2803 3400 2902 3455 sed
2929 3415 3032 3471 per
3053 3397 3272 3467 ipsum,
3301 3414 3506 3469 regna-

1857 3497 1953 3546 tur
1976 3492 2030 3544 in
2055 3489 2291 3544 mundo.
2317 3491 2444 3558 Ipse
2462 3489 2722 3544 estenim
2745 3488 3043 3560 Sapientia
3072 3489 3190 3554 Ilei,
3214 3504 3342 3559 que
3365 3485 3508 3542 dicit

1858 3579 1915 3634 in
1951 3578 2296 3636 Proverbiis:
2332 3579 2435 3633 Per
2466 3594 2551 3632 me
2581 3593 2732 3648 reges
2761 3587 2995 3646 regnant
3027 3578 3210 3647 (Prov.
3242 3592 3361 3643 vui,
3394 3575 3502 3646 15).

1861 3668 2009 3723 Puer
2039 3668 2145 3723 isto
2175 3666 2429 3724 Verbum
2466 3667 2559 3722 Dei
2591 3673 2698 3735 est,
2733 3684 2879 3738 puer
2909 3667 3021 3722 iste
3053 3664 3246 3721 Virtus
3287 3669 3346 3721 et
3389 3668 3500 3721 Sa-

1860 3758 2078 3830 pientia
2110 3756 2206 3812 Dei
2241 3762 2347 3813 est.
2383 3757 2439 3812 Si
2467 3763 2653 3828 potes,
2677 3763 2879 3812 contra
2902 3755 2998 3812 Dei
3025 3754 3380 3816 Sapientiam
3405 3769 3499 3810 co-

1859 3850 1997 3920 gita.
2018 3849 2077 3903 In
2100 3855 2258 3903 tuam
2288 3847 2600 3919 perniciem
2626 3847 2897 3914 versaris,
2915 3851 2971 3901 et
2999 3845 3210 3902 nescis.
3235 3844 3320 3901 Tu
3343 3843 3500 3901 enim

1860 3955 2106 4010 regnum
2123 3937 2462 3993 nullatenus
2478 3937 2808 4004 habuisses,
2829 3935 2942 3992 nisi
2959 3937 3031 3993 ab
3057 3935 3170 3991 isto
3199 3950 3375 4008 puero
3397 3933 3499 4006 qui

1861 4044 2016 4083 nunc
2046 4028 2141 4097 (al.
2179 4026 2338 4096 tunc)
2361 4033 2532 4081 natus
2548 4032 2654 4091 est,
2673 4025 3020 4097 accepisses.
3052 4029 3202 4080 Puer
3221 4024 3324 4096 qui
3346 4040 3503 4080 nunc

1859 4135 1890 4172 a
1922 4117 2106 4189 Magis
2127 4115 2344 4172 dicitur
2370 4115 2485 4170 Rex
2505 4115 2841 4171 Judasorum
2862 4116 2957 4185 (ε),
2981 4115 3132 4170 idem
3158 4115 3393 4170 Greater
3414 4116 3503 4168 est

1858 4212 1915 4263 et
1931 4207 2216 4263 Dominus
2233 4205 2598 4276 angelorum.
2623 4203 3009 4275 Quapropter,
3028 4205 3200 4271 cujus
3225 4202 3396 4257 times
3417 4201 3502 4255 in-

1860 4298 2104 4352 fantiam
2136 4295 2453 4357 nascentis,
2489 4292 2678 4364 magis
2708 4293 2908 4347 timere
2926 4293 3101 4346 debes
3124 4291 3495 4361 omnipoten-

1858 4389 1998 4444 tiam
2027 4386 2373 4459 judicantis.
2394 4383 2518 4438 Noli
2535 4399 2666 4438 eum
2691 4381 2892 4436 timere
2911 4381 3069 4452 regni
3096 4381 3176 4434 tui
3202 4395 3499 4435 successo-

1857 4494 2002 4548 rem,
2035 4477 2134 4532 sed
2159 4476 2301 4530 time
2324 4472 2685 4528 infidelitatis
2703 4469 3230 4540 tuisjustissimum
3253 4468 3496 4526 damna-

1860 4573 2069 4624 torem.

120 4647 176 4702 Εῐ
203 4666 370 4720 quem
407 4667 598 4722 regem
625 4649 652 4704 7
687 4650 891 4721 Utique
923 4667 1037 4704 non
1085 4650 1396 4720 Herodem,
1439 4650 1538 4705 88d
1587 4649 1751 4706 Chri‘
1787 4633 1832 4701 ι)
1933 4654 2239 4711 6.Utinam
2265 4652 2628 4725 eum,Magis
2645 4649 3246 4718 adorantibus,etiam
3267 4653 3324 4704 tu
3345 4647 3501 4721 pari-

122 4744 288 4795 stum.
317 4739 789 4796 Voluntadorare
809 4755 1004 4811 regem
1035 4756 1218 4810 nuper
1241 4747 1466 4806 natum,
1483 4755 1588 4794 nec
1610 4740 1748 4794 ado-

122 4835 242 4883 rant
272 4845 458 4898 regem
487 4836 620 4884 ante
652 4844 838 4883 annos
868 4827 1468 4898 aliquotordinatum.
1491 4828 1743 4884 Adorare

121 4918 350 4988 cupiunt
373 4919 654 4972 infantem
678 4916 1013 4985 lactentem,
1038 4933 1141 4972 nec
1163 4917 1410 4972 adorant
1433 4933 1624 4988 regem
1648 4933 1741 4989 po-

109 5005 258 5077 pulis
289 5007 699 5077 imperantem.
733 5003 878 5061 Nam
913 5016 968 5062 et
1001 5008 1070 5062 de
1102 5005 1324 5062 Herode
1356 5022 1487 5078 rege
1507 5007 1742 5062 Judaeu-

103 5112 226 5151 rum
261 5095 363 5150 lilii
391 5097 516 5166 jam
554 5098 787 5150 fuerant
816 5096 958 5163 nati,
994 5095 1092 5167 qui
1125 5100 1295 5151 erant
1326 5101 1486 5167 patre
1508 5107 1740 5152 mortuo

96 5185 415 5257 regnaturi.
449 5189 676 5241 Mortuo
712 5184 866 5239 enim
901 5185 1013 5240 isto
1043 5184 1288 5254 Herode,
1323 5184 1640 5241 Archelaus
1681 5186 1740 5241 in

95 5274 296 5330 Judea
327 5277 611 5347 regnavit,
644 5279 703 5330 et
729 5274 973 5330 Gallinam
1001 5274 1394 5347 principatum
1415 5274 1618 5346 junior
1640 5274 1743 5332 He-

105 5367 263 5421 rodes
290 5365 566 5420 obtinuit.

162 5569 245 5637 (α)
276 5565 414 5620 Mss.
427 5606 443 5632 ,
477 5571 790 5637 utrumque.

158 5633 233 5709 (ὑ)
265 5642 432 5704 Mss,
465 5643 521 5709 et
550 5633 705 5709 Anti,
739 5633 804 5709 de
834 5634 1148 5707 longinquis
1175 5633 1424 5694 Orientis
1464 5642 1734 5709 partibus.

160 5707 228 5783 (c)
260 5709 429 5783 Ms_s.,
462 5707 603 5783 Quid
631 5710 707 5762 est
735 5707 857 5778 hoc,
887 5710 1232 5766 dilectissimi
1254 5707 1490 5782 [ralrcs‘t
1525 5708 1589 5771 In
1621 5731 1738 5770 uno

99 5779 258 5844 deest
284 5779 651 5837 adorandum.

1860 4751 1948 4802 ter
1977 4747 2334 4809 adorares,et
2350 4760 2461 4798 non
2495 4743 2565 4798 ad
2599 4758 2733 4798 eum
2767 4739 2966 4812 Magos
2988 4741 3358 4796 fraudulenta
3379 4736 3499 4794 cal-

1851 4835 2078 4892 liditate
2111 4832 2439 4890 mandaresl
2473 4834 2572 4900 Ite,
2603 4831 2816 4904 inquit,
2839 4838 2888 4886 et
2909 4827 3495 4901 iuterrogatedilz’gen-

1852 4930 1935 4982 ter
1961 4926 2024 4981 de
2050 4940 2240 4997 puero;
2270 4931 2325 4979 et
2350 4940 2475 4980 cum
2503 4922 3164 4990 mvencrztis,renuntiatc
3191 4917 3418 4983 mihi,ut
3446 4905 3501 4974 εί

1850 5032 1946 5087 τρο
1970 5017 2192 5072 veniens
2222 5014 2443 5070 adorem
2471 5030 2600 5069 eum
2629 5013 2837 5083 (Matth.
2869 5029 2929 5078 ιι,
2987 5011 3063 5081 8).
3110 5009 3154 5064 0
3202 5008 3496 5063 calliditas

1852 5104 2008 5162 ﬁctal
2043 5104 2088 5160 0
2115 5102 2495 5160 incredulitas
2521 5100 2719 5172 impia!
2747 5100 2792 5155 0
2821 5100 3078 5170 nequitia
3104 5095 3492 5151 fraudulenta!

1850 5194 1908 5249 Si
1956 5195 2200 5250 adorare
2248 5193 2426 5250 istum
2477 5208 2724 5264 puerum
2759 5188 3086 5244 certissime
3117 5185 3492 5254 disponebas,

1853 5301 2033 5356 quare
2051 5300 2154 5356 pro
2177 5281 2274 5338 illo
2300 5299 2352 5336 m
2366 5279 2518 5335 ultos
2548 5295 2757 5350 pueros
2778 5273 3116 5331 occidebas?
3134 5273 3387 5345 Sanguis
3412 5272 3497 5329 in-

1851 5379 2187 5439 nocentum,
2205 5387 2380 5443 quem
2395 5365 3000 5430 creduliterell‘udisti,
3022 5369 3330 5418 attestatur
3351 5361 3493 5434 quid

1922 5570 1995 5642 (d)
2027 5572 2186 5642 Ant.,
2215 5567 2544 5642 honoratur.

1923 5633 1995 5713 (ε)
2030 5633 2194 5706 Mss,
2222 5645 2368 5713 I'aer
2396 5635 2502 5694 iste
2528 5635 2626 5713 qui
2651 5651 2802 5692 nunc
2821 5651 2855 5690 a
2876 5633 3043 5708 Magis
3067 5633 3356 5706 adoratur,
3401 5633 3490 5693 di-

1849 5711 1997 5772 citur
2025 5716 2142 5772 Rea:
2170 5711 2517 5779 Iudaeorum,
2548 5711 2713 5782 idem,
2739 5717 2850 5766 etc.
