3848 6330
415 377 538 474 Ἴδε

1425 411 1492 471 8.
1538 405 1962 471 FULGENTII’
1999 403 2350 471 EPISCOPI
2393 411 2830 474 RUSPENSIS

3678 413 3766 482 736

425 543 496 600 de
543 543 653 600 hoc
688 559 865 614 puero
896 541 1152 598 voluisti.
1183 541 1254 597 Et
1283 544 1476 598 tamen
1512 559 1624 597 non
1657 542 1846 598 solum
1884 542 2062 596 istum
2095 545 2146 612 Α
2247 541 2301 596 8.
2333 543 2389 597 Si
2423 544 2612 599 nescis
2637 560 2832 601 veram
2864 544 3042 617 hujus
3075 547 3235 618 pueri
3259 549 3552 617 deitatem,
3573 555 3762 612 attende

420 648 670 704 puerum
696 648 806 685 non
831 629 1127 694 invenisti,
1148 631 1246 684 sed
1271 629 1502 684 necillis
1519 647 1712 701 pueris
1731 630 1948 700 aliquid
1971 648 2064 685 no-

422 722 617 776 cuisti:
651 719 770 774 imo
803 720 1047 787 inscius,
1082 720 1234 789 quod
1275 718 1387 772 illis
1425 719 1712 791 proderat,
1739 719 1845 775 hoc
1868 721 2060 791 egisti.

422 814 528 866 Per
557 811 829 865 saevitiam
865 810 1080 882 quippe
1107 817 1261 864 tuam
1298 809 1428 864 lacti
1463 817 1601 863 sunt
1636 815 1936 882 martyres,
1961 807 2063 881 qui

421 917 523 973 per
544 900 848 955 infantiam
876 916 1042 954 suam
1071 901 1302 954 fuerant
1325 902 1686 954 innocentes:
1708 899 1939 970 quando
1965 915 2066 970 per

421 989 668 1062 gratiam
703 989 884 1059 hujus
913 988 1072 1058 pueri
1104 1006 1203 1056 pro
1226 1006 1292 1044 eo
1317 995 1655 1044 meruerunt
1678 988 1846 1050 mori,
1871 987 2065 1059 prius-

421 1096 596 1151 quam
630 1096 761 1135 eum
799 1083 1038 1150 possent
1068 1095 1259 1133 coram
1289 1078 1629 1133 horninibus
1660 1077 2066 1132 confiterilste

416 1167 617 1242 itaque
651 1185 814 1241 puer,
841 1167 939 1240 qui
964 1169 1251 1222 mundum
1278 1168 1518 1233 creavit,
1541 1169 1640 1240 qui
1669 1167 1954 1222 mundum
1985 1182 2068 1220 re-

421 1259 527 1330 git,
558 1258 658 1329 qui
686 1258 883 1312 omnia
914 1272 1278 1330 quaecunque
1308 1258 1380 1327 (τι)
1401 1255 1527 1310 vult
1556 1257 1712 1324 facit,
1737 1256 1834 1327 qui
1855 1261 2066 1310 cuncta

423 1347 676 1402 mirabili
709 1353 883 1418 atque
913 1345 1292 1419 insuperabili
1327 1348 1530 1402 ordine
1551 1347 1627 1416 (li)
1649 1346 1929 1417 disponit,
1958 1343 2066 1400 hoc

418 1436 730 1502 ordinavit,
764 1437 872 1492 hoc
903 1437 1042 1507 egit,
1079 1442 1140 1491 ut
1165 1453 1267 1508 per
1292 1442 1451 1492 tuam
1477 1435 1756 1491 invidiam
1785 1435 2064 1490 furiosam

417 1524 505 1579 illi
525 1525 686 1597 pueri
711 1534 957 1581 mortem
979 1526 1348 1597 susciperent
1366 1526 1706 1596 pretiosam,
1729 1529 1785 1580 et
1807 1524 1958 1595 quod
1983 1523 2068 1579 eis

419 1615 488 1669 ad
527 1615 778 1670 salutem
811 1620 970 1670 tuam
1005 1615 1112 1687 (al.
1153 1615 1346 1685 suam)
1380 1624 1651 1684 praestare
1705 1631 1818 1670 non
1870 1628 2068 1684 posses

420 1705 784 1769 amicus,hoc
807 1705 875 1759 ad
899 1704 1337 1759 damnationem
1355 1710 1512 1759 tuam
1533 1704 1751 1759 faceres
1771 1701 2066 1758 inimicus.

421 1794 502 1847 Ad
526 1793 635 1849 hoc
659 1810 795 1865 ergo
825 1801 878 1848 te
904 1795 1167 1864 permisit
1191 1793 1738 1861 inl'antesoccidere,
1769 1800 1825 1847 ut
1854 1791 2070 1846 illosde

2176 630 2407 687 stellam
2440 631 2497 686 in
2532 633 2674 689 caelo
2709 634 3046 708 fulgentem,
3079 637 3279 710 Magos
3303 642 3764 711 praecedentem,et

2174 719 2284 776 iter
2302 722 2713 793 ignorantibus
2728 729 3155 783 ostendentem.
3183 727 3309 784 Hinc
3332 729 3494 786 stella
3518 749 3765 804 nunquam

2177 813 2312 864 ante
2343 813 2637 884 apparuit,
2669 815 2810 884 quia
2845 832 2999 872 nunc
3038 834 3162 872 eam
3199 834 3344 887 puer
3373 818 3480 875 iste
3507 824 3766 888 creavit,et

2172 900 2357 962 Magis
2373 901 2442 954 ad
2459 918 2520 956 se
2537 903 2909 961 venientibus
2924 907 3194 976 praevium
3214 909 3526 978 deputavit.
3552 910 3650 966 Iste
3662 929 3769 983 puer

2173 987 2234 1042 in
2269 991 2511 1062 presepi
2545 993 2783 1063 quidem
2822 995 3101 1066 parvulus
3120 996 3457 1064 collocatur,
3481 998 3574 1054 sed
3597 1015 3760 1072 magus

2175 1077 2235 1132 in
2253 1079 2393 1134 ccelo
2410 1079 2760 1137 mirabiliter
2776 1091 3067 1155 operatur.
3087 1085 3379 1143 Permittit
3401 1105 3460 1143 se
3477 1090 3766 1147 manibusin

2173 1171 2330 1222 terra
2360 1170 2601 1240 portari,
2633 1173 2733 1227 sed
2769 1174 3030 1247 prmeipit
3059 1174 3172 1230 sibi
3225 1178 3478 1233 ccelestia
3522 1179 3762 1235 famulari.

2174 1256 2325 1322 Quid
2350 1265 2440 1313 est
2468 1274 2608 1333 ergo
2640 1264 2793 1333 quod
2827 1263 3156 1320 infantilem
3191 1266 3446 1322 attendis
3474 1271 3694 1334 etatem,
3727 1275 3766 1325 et

2178 1345 2307 1416 eius
2341 1346 2596 1404 divinam
2632 1367 2746 1405 non
2778 1350 3061 1425 intelligis
3093 1356 3472 1426 potestatem?
3487 1356 3569 1411 sic
3589 1359 3766 1413 tuitve-

2175 1437 2386 1492 raciter
2404 1438 2732 1496 intimanda
2751 1444 2912 1514 pueri
2942 1443 3118 1514 hujus
3141 1445 3425 1503 naturalis
3449 1447 3708 1515 divinitas,
3727 1455 3766 1504 et

2174 1526 2461 1582 naturalis
2477 1528 2840 1595 humanitas.
2862 1537 3110 1605 utraque
3127 1534 3473 1591 naturaliter
3491 1553 3628 1605 vera,
3649 1544 3768 1593 utra-

2179 1630 2293 1685 que
2323 1616 2504 1685 unita,
2539 1635 2645 1674 nec
2679 1620 2738 1676 in
2771 1637 2834 1677 se
2866 1621 3112 1678 invicem
3138 1627 3408 1692 confusa,
3432 1626 3769 1683 necaseinvi-

2178 1719 2300 1760 cem
2327 1713 2616 1778 separata.
2639 1709 2838 1780 Ipsum
2861 1712 3012 1767 enim
3035 1712 3244 1768 habuit
3264 1713 3448 1770 Maria
3466 1715 3630 1770 filium
3651 1716 3766 1770 dese

2179 1800 2408 1858 natum,
2432 1798 2522 1852 cui
2547 1798 2713 1853 stella
2735 1800 2944 1856 debita:
2967 1803 3266 1859 servitutis
3287 1803 3545 1859 exhibuit
3566 1803 3764 1860 famula-

428 1890 480 1940 te
516 1885 730 1940 faceret
762 1884 1150 1956 triumphare.
1183 1885 1260 1940 Te
1291 1901 1429 1957 ergo
1464 1883 1726 1955 permisit
1757 1884 1826 1939 ad
1862 1882 2064 1954 nequi-
2097 1919 2143 1984 Β
2180 1883 2531 1954 tum.lpsum
2565 1890 2960 1961 eumdemque
2987 1889 3168 1946 Maria
3190 1892 3246 1947 in
3274 1892 3599 1949 Bethlehem
3623 1893 3763 1948 Deum

422 1973 590 2036 tiam,
608 1973 737 2028 illos
760 1973 1025 2045 perduxit
1047 1973 1115 2027 ad
1133 1973 1411 2046 palmam.
1435 1973 1595 2029 Unus
1610 1973 1767 2030 enim
1794 1974 2064 2044 idemque

421 2069 510 2120 est
539 2063 826 2119 Dominus
868 2065 1262 2135 omnipotens.
1307 2065 1404 2135 qui
1466 2063 1740 2133 parvulus
1789 2063 2064 2132 vagiens;

422 2170 578 2209 unus
610 2153 884 2224 idemque
907 2159 1015 2223 est,
1049 2155 1146 2224 qui
1174 2160 1331 2208 tuam
1360 2153 1762 2209 crudelitatem
1787 2154 2065 2225 dignatus

419 2249 508 2300 est
524 2245 739 2312 lugere,
756 2245 924 2310 cujus
939 2244 1305 2314 majestatem
1326 2261 1438 2298 non
1466 2249 1654 2315 potest
1673 2244 2064 2310 eiiugere.Fu-

420 2335 506 2406 git
536 2335 684 2387 enim
718 2349 829 2385 non
867 2332 1175 2388 formidine
1207 2333 1594 2398 humana,sed
1629 2334 2066 2406 dispensatione

419 2422 642 2488 divina;
662 2422 812 2492 fugit
836 2438 946 2476 non
975 2421 1344 2488 necessitate,
1367 2425 1464 2478 sed
1492 2428 1794 2495 potestate.
1823 2424 1949 2478 Ideo
1971 2441 2068 2478 au-

425 2514 540 2565 tem
575 2511 850 2578 dignatus
867 2519 954 2566 est
977 2509 1032 2565 in
1057 2511 1364 2582 (Egyptum
1392 2514 1610 2581 fugere,
1633 2519 1696 2567 ut
1719 2519 1918 2584 postea
1936 2529 2067 2566 cru-

425 2614 547 2653 cem
581 2599 922 2670 dignaretur
952 2601 1283 2668 ascendere;
1319 2606 1375 2655 et
1398 2599 1494 2655 illa
1513 2606 1798 2670 potestate
1821 2619 1962 2667 puer
1981 2602 2064 2657 la-

423 2687 537 2742 tuit
567 2688 625 2742 in
658 2687 922 2759 xEsypto.
954 2706 1065 2758 qua
1098 2695 1386 2759 potestate
1408 2691 1646 2761 juvenis
1681 2691 1953 2761 pependit
2006 2695 2064 2748 in

417 2766 780 2836 ligno.Unus
810 2767 964 2823 enim
1001 2770 1272 2839 idemque
1294 2777 1384 2824 est
1409 2771 1610 2826 mortis
1629 2780 1955 2843 susceptor,
1979 2773 2063 2827 vi-

423 2853 611 2918 taeque
634 2849 894 2920 largitor:
931 2865 1084 2904 unus
1109 2850 1382 2921 idemque
1411 2851 1762 2907 immortalis
1783 2869 1852 2908 ex
1876 2857 2063 2919 Patre,

426 2937 696 2992 mortalis
729 2954 797 2993 ex
831 2945 1038 3004 matre,
1065 2940 1297 3010 prepria
1319 2945 1603 3012 potestate
1627 2943 1905 3013 moriens,
1931 2958 2066 3015 pro-

430 3026 554 3099 pria
587 3032 872 3098 potestate
907 3044 1237 3099 resurgens.

491 3117 546 3169 7.
585 3115 696 3172 [ste
725 3117 921 3187 itaque
946 3134 1090 3188 puer
1119 3118 1216 3189 qui
1247 3124 1419 3175 natus
1441 3125 1529 3174 est
1556 3121 1682 3177 ideo
1706 3139 1818 3178 non
1844 3122 2067 3178 inveni-

419 3210 514 3263 tur
535 3207 594 3262 in
616 3223 858 3262 numero
878 3208 1245 3277 parvulorum
1269 3211 1808 3283 morientium,quia
1825 3215 1951 3285 ipse
1974 3219 2066 3270 est

422 3297 776 3367 exspectatio
793 3297 1078 3367 gentium.
1098 3299 1348 3369 Sanguis
1369 3301 1513 3356 58!
1548 3301 1724 3370 hujus
1751 3305 1910 3374 pueri
1937 3321 2062 3376 pro-

421 3385 1122 3458 pterea(al.proindeinon
1149 3404 1278 3443 cum
1303 3389 1548 3445 istorum
1567 3392 2062 3463 sanguinefundi-

419 3478 517 3530 tur
541 3476 1022 3546 puerorum,quia
1042 3476 1202 3532 solus
1221 3477 1280 3532 in
1303 3478 1703 3534 remissionem
1732 3481 2066 3538 fundendus

427 3570 518 3619 est
546 3571 942 3636 peccatorum;
975 3573 1028 3621 et
1061 3567 1143 3621 illi
1176 3584 1380 3624 omnes
1406 3571 1568 3640 pueri
1589 3570 1842 3627 inaniter
1872 3588 2081 3628 more-‘

432 3659 654 3724 rentur,
679 3655 786 3709 nisi
807 3655 985 3725 hujus
1008 3659 1293 3728 sanguine
1312 3657 1696 3716 salvarentur.
1721 3660 1774 3714 Et
1801 3661 1908 3715 iste
1931 3661 2064 3733 qui-

429 3741 560 3796 dem
599 3759 742 3813 puer
771 3744 1099 3799 certissime
1137 3747 1439 3814 morietur,
1473 3749 1603 3818 quia
1631 3750 1677 3804 si
1706 3749 2062 3820 morinollet,

425 3829 760 3886 nullatenus
792 3839 1151 3888 nasceretur.
1185 3834 1464 3891 Morietur
1483 3843 1698 3893 autem.
1730 3856 1839 3894 non
1864 3844 1930 3896 ut
1954 3841 2067 3896 im-

424 3917 570 3989 pleat
590 3921 868 3974 saevitiam
885 3927 1067 3988 tuam,
1082 3925 1179 3978 sed
1199 3930 1262 3977 ut
1277 3925 1536 3996 perﬁciat
1553 3930 2063 3986 mansuetudinem

424 4022 618 4062 suam:
636 4007 976 4065 lacieteuim
998 4025 1130 4065 eum
1158 4013 1303 4067 mori
1334 4015 1665 4087 benignitas
1686 4021 2064 4090 propria,non

423 4095 761 4167 malignitas
774 4097 982 4154 aliena.
1000 4098 1281 4157 Morietur
1295 4119 1404 4158 non
1422 4110 1554 4160 uttu
1579 4107 1834 4163 inﬁdelis
1862 4125 2066 4180 regnes

423 4184 482 4240 in
496 4186 730 4251 szeculo,
754 4188 852 4242 sed
871 4194 933 4244 ut
953 4206 1150 4246 secum
1173 4207 1414 4266 regnare.
1431 4195 1600 4250 faciat
1615 4196 1882 4252 ﬁdelesin
1898 4197 2062 4256 caelo.

423 4275 904 4348 (c)Morieturnon
923 4286 984 4335 ut
999 4297 1179 4352 regnu
1193 4299 1244 4337 m
1264 4284 1620 4352 amittat,sed
1643 4291 1704 4341 ut
1723 4298 1962 4359 regnatu
1973 4307 2065 4346 ros

424 4369 711 4439 acquirat.
745 4367 1025 4426 Morietur
1054 4389 1164 4426 non
1190 4377 1250 4427 ut
1271 4374 1471 4445 perdat
1491 4377 1718 4432 brevem
1746 4379 1941 4445 vitam,
1963 4379 2066 4435 sed

423 4462 487 4512 ut
516 4461 774 4513 conferat
805 4462 1244 4532 sempiternam.
1282 4463 1558 4519 Morietur
1599 4481 1710 4521 non
1754 4473 1818 4522 ut
1863 4485 2066 4525 servus

423 4545 774 4616 iniquitatis,
794 4551 894 4604 sed
917 4559 976 4605 ut
993 4553 1274 4607 Dominus
1291 4555 1639 4622 majestatis.
1658 4555 2061 4614 Morieturnon

2177 1976 2275 2047 (al.
2299 1978 2634 2049 Dominum)
2655 1979 2952 2036 hominem
2982 1982 3222 2052 peperit,
3247 2000 3425 2056 quem
3447 1984 3600 2041 stella
3619 1981 3763 2054 Magis

2168 2064 2228 2118 in
2263 2063 2497 2121 Oriente
2530 2069 2734 2138 positis
2767 2070 3076 2126 nuntiavit.
3106 2071 3254 2144 Magi
3280 2088 3420 2144 ergo
3441 2080 3704 2137 venerunt,
3725 2075 3765 2126 et

2171 2151 2356 2207 lilium
2391 2153 2648 2227 Virginis
2679 2173 2861 2212 unum
2895 2161 3290 2232 eumdemque
3330 2162 3427 2230 (al.
3474 2157 3757 2228 Dominum)

2174 2241 2352 2296 Deum
2387 2241 2686 2300 hominem
2719 2253 3138 2316 cognoverunt.

2239 2330 2294 2386 9.
2327 2333 2591 2404 Denique
2619 2337 2854 2391 attende
2883 2336 3027 2409 quid
3057 2338 3414 2405 obtulerunt,
3451 2349 3500 2395 et
3543 2353 3761 2410 agnosce

2168 2420 2306 2491 quid
2329 2419 2801 2495 crediderunt(e).
2821 2425 3184 2484 Rel‘ertenim
3208 2430 3554 2502 evangelista
3567 2429 3766 2501 quiant-

2171 2513 2379 2565 (rantes
2407 2511 2645 2576 domum,
2682 2513 3013 2573 invenerant
3040 2533 3278 2589 puerum
3292 2537 3419 2575 cum
3437 2520 3591 2574 Maria
3616 2527 3760 2572 matre

2168 2601 2288 2666 eius
2322 2615 2335 2655 ε
2367 2603 2771 2670 θερνθοίιιεηιεε
2800 2607 3171 2663 adoraverunt
3198 2627 3346 2679 cum;
3391 2619 3440 2668 et
3456 2610 3640 2682 aperti:
3674 2608 3764 2662 tho-

2167 2692 2360 2746 saurz's
2378 2690 2494 2746 suis
2512 2693 2823 2751 oblulerunt
2845 2698 2898 2752 ei
2912 2714 3163 2764 munera,
3186 2717 3414 2770 aurum,
3436 2701 3557 2757 thus
3574 2711 3620 2755 et
3638 2714 3756 2769 myr-

2165 2780 2327 2836 rham
2355 2781 2568 2848 (.llatlh.
2605 2801 2662 2849 ii,
2698 2786 2803 2852 Η).
2834 2785 2940 2841 Per
2961 2787 3074 2843 ista
3097 2790 3208 2844 tria
3245 2807 3550 2847 munerum
3571 2804 3758 2862 genere,

2169 2868 2229 2924 in
2255 2888 2370 2928 uno
2390 2871 2713 2944 eodemque
2730 2873 2961 2932 Christo
2975 2881 3032 2933 et
3053 2879 3249 2934 divina
3270 2883 3626 2952 mnjestas,et
3641 2878 3762 2949 regia

2170 2965 2450 3030 potestas.
2466 2969 2521 3016 et
2536 2961 2795 3018 humana
2815 2966 3140 3022 mortalitas
3155 2965 3761 3025 intimaturThusenim

2171 3049 2240 3103 ad
2258 3050 2636 3118 sacrilicium,
2659 3069 2866 3108 aurum
2891 3056 3141 3126 pertinet
3162 3057 3234 3113 ad
3256 3059 3563 3126 tributum,
3579 3055 3762 3127 myrrha

2171 3139 2238 3192 ad
2255 3138 2620 3208 sepulturam
2639 3143 2888 3209 pertinet
2902 3146 3471 3204 mortuorum.0.nnia
3487 3149 3594 3203 haec
3605 3153 3762 3202 sancta

2175 3228 2559 3285 ﬁdestristo
2572 3234 2855 3289 veraciter
2868 3237 3072 3292 offerre
3087 3254 3197 3292 non
3219 3239 3604 3305 desinit,dum
3620 3249 3759 3291 unum

2172 3317 2562 3390 eumdemque
2580 3337 2778 3377 verum
2810 3322 3017 3392 Deum,
3033 3342 3231 3382 verum
3253 3344 3474 3400 regem,
3493 3339 3758 3396 verumque

2169 3403 2467 3460 hominem
2501 3409 2705 3470 credit,
2727 3414 2782 3464 et
2804 3427 2934 3467 vere
2957 3430 3062 3485 pro
3080 3416 3249 3471 nobis
3273 3426 3567 3473 mortuum
3589 3413 3766 3471 veraci.

2171 3497 2267 3548 ter
2298 3497 2664 3565 recognoscit
2694 3497 2782 3569 (Ῑ).

2243 3583 2398 3640 502
2433 3584 2519 3638 10.
2555 3586 2616 3640 In
2660 3587 2951 3645 oblatione
2990 3589 3184 3647 thuris
3233 3595 3608 3650 confunditur
3642 3591 3769 3648 Aria-

2169 3687 2303 3739 nus,
2328 3673 2428 3744 qui
2460 3673 2567 3729 soli
2591 3677 2744 3731 Patri
2763 3679 3115 3736 sacrificium
3141 3681 3338 3739 offerri
3363 3685 3568 3740 debere
3587 3684 3769 3754 (ωοοῦ-

2169 3762 2374 3818 tendit:
2397 3765 2450 3819 in
2469 3765 2763 3823 oblatione
2778 3769 3023 3838 myrrhae
3036 3774 3425 3830 confunditur
3440 3773 3762 3838 Manichacus,

2167 3851 2267 3922 qui
2299 3850 2597 3909 Christum
2628 3871 2759 3911 vere
2791 3863 3088 3914 mortuum
3125 3878 3226 3932 pro
3260 3871 3464 3919 nostra
3484 3861 3651 3918 salute
3679 3875 3763 3914 non

2169 3941 2443 3996 creditzio
2465 3959 2606 3998 auro
2624 3960 2758 4000 vero
2780 3945 2954 4002 simul
2981 3955 3226 4022 uterque
3247 3954 3638 4017 confunditur,
3659 3949 3765 4021 quia

2167 4037 2221 4085 et
2258 4029 2614 4087 Manichmus
2645 4034 2717 4090 de
2747 4037 2972 4092 semine
3003 4037 3180 4095 David
3214 4043 3541 4098 secundum
3571 4053 3759 4098 carnem

2170 4126 2372 4175 natum
2407 4138 2519 4176 non
2552 4123 2735 4178 credit
2767 4141 2985 4197 regem,
3018 4133 3075 4184 et
3099 4131 3349 4187 Arianus
3373 4132 3487 4188 Deo
3513 4129 3764 4203 Unigenito

2171 4209 2493 4267 naturalem
2509 4214 2812 4285 assignare
2827 4217 3641 4278 nititurservitutem.Proinde
3653 4226 3769 4273 uter-

2170 4317 2284 4372 que
2316 4318 2430 4356 non
2460 4302 2792 4373 experietur
2822 4323 3038 4378 regem,
3065 4325 3097 4364 a
3123 4326 3240 4381 quo
3267 4328 3373 4381 per
3396 4314 3561 4368 fidem
3583 4314 3769 4383 regatur

2168 4390 2266 4458 (al.
2299 4393 2624 4463 regnatur),
2658 4394 2758 4448 sed
2811 4412 2844 4449 a
2893 4413 3008 4468 quo
3044 4416 3142 4466 pro
3177 4399 3545 4457 infidelitatis
3571 4397 3767 4455 crimine

2171 4479 2470 4550 puniatur:
2504 4481 2643 4551 quia
2673 4483 2745 4538 ab
2779 4501 2896 4539 uno
2927 4485 3275 4554 divinitatis,
3311 4491 3386 4544 ab
3418 4491 3591 4546 altero
3617 4484 3767 4545 carnis

2171 4569 2382 4622 veritas
2402 4569 2742 4637 denegatur.
2771 4572 2826 4628 In
2847 4574 3056 4631 iisdem
3079 4579 3766 4636 muneribusconfunditur

419 4633 652 4742 vinculo
667 4637 1164 4742 nec.essitatis,sed
1193 4641 2062 4742 prepositovoluntatis.Morie-
2097 4651 2138 4716 ι)
2169 4633 3338 4732 etiamNestorius,quinititur-Christum
3450 4633 3590 4726 unas
3611 4681 3766 4742 pereo.

422 4724 521 4775 tur
551 4722 912 4788 mirabiliter.
946 4729 1232 4783 morietur
1263 4731 1733 4801 misericorditer,
1784 4736 2063 4792 morietur

391 4808 820 4882 _siogulariter,
851 4816 1132 4871 morietur
1157 4835 1256 4888 per
1284 4821 1574 4892 propriam
1608 4832 1970 4894 potestatem,
1998 4830 2061 4882 ut

395 4905 589 4955 suam
607 4899 662 4954 in
680 4903 953 4958 omnibus
966 4905 1767 4976 adimpleatvoluntatem.Ad
1783 4913 1888 4969 hoc
1901 4915 2058 4971 enim

421 4989 876 5048 misericorditer
897 4993 1195 5064 morietur,
1217 5002 1279 5052 ut
1304 5015 1616 5072 resurgens
1629 5019 1696 5057 cu
1709 5003 1857 5059 nctis
1878 5005 2061 5075 genti-

417 5080 529 5137 bus
548 5083 900 5139 dominetur.
923 5084 1201 5141 Morietur
1216 5102 1350 5157 ergo
1380 5090 1533 5144 sicut
1557 5108 1709 5145 unus
1731 5094 1838 5162 ((1),
1860 5101 1916 5148 et
1938 5095 2059 5164 qui-

415 5171 574 5239 dem,
601 5189 776 5245 quem
811 5179 988 5230 Deum
1015 5175 1308 5232 hominem
1333 5180 1599 5251 concepit
1622 5181 1766 5236 fides
1787 5181 2054 5252 virginis,

416 5267 473 5318 et
499 5261 683 5319 Deum
711 5263 1008 5320 hominem
1045 5265 1270 5339 peperit
1300 5267 1629 5325 fecunditas
1659 5269 1982 5342 virginalis.

484 5427 560 5504 (ᾳ)
593 5426 756 5504 Mss.
787 5447 1126 5504 quacunque
1159 5433 1329 5488 voluit
1358 5435 1508 5496 fecit.

507 5501 562 5569 ὁ)
596 5500 755 5572 Mss..
787 5500 1152 5572 insuperabili
1179 5504 1493 5561 divinitate.

410 5571 560 5694 ali(6)
590 5571 720 5628 Haec
751 5571 926 5631 verba
955 5576 1324 5632 habenturin
1350 5593 1492 5636 mss.
1516 5583 1572 5636 et
1595 5578 1654 5636 in
1675 5584 1830 5649 Ant.,
1859 5599 1974 5639 non
1998 5583 2057 5641 in

513 5657 561 5694 s.

515 5710 571 5798 ἐξ)
597 5711 782 5798 Ῑέφφῃιξ
800 5713 893 5794 hic
911 5715 1137 5773 videtur
1153 5735 1422 5788 mancus,
1447 5737 1552 5779 nec
1566 5740 1636 5780 ex
1652 5739 1794 5782 mss.
1810 5727 2001 5798 potuit
2025 5747 2058 5786 a

413 5787 585 5836 nobis
614 5787 867 5839 restitui.

2173 4763 2278 4803 nas
2309 4747 2585 4805 dividere:
2614 4767 2745 4805 cum
2773 4751 2962 4808 videat
2985 4758 3183 4827 Magos
3207 4774 3324 4813 non
3348 4758 3466 4814 alia
3487 4759 3594 4815 Deo
3614 4764 3660 4813 et
3678 4754 3764 4810 alia

2172 4835 2416 4903 homini,
2431 4839 2530 4893 sed
2551 4839 2645 4893 uni
2669 4839 2782 4896 Deo
2800 4842 3020 4898 homini
3039 4843 3238 4901 eadem
3261 4863 3512 4904 munera
3531 4846 3763 4905 obtulisse

2169 4927 2534 4998 suppliciter.
2564 4927 2685 4984 Non
2700 4946 2836 5001 ergo
2859 4930 3153 4988 dividatur
3175 4936 3235 4990 in
3259 4938 3546 5007 personis,
3569 4937 3656 5009 qui
3676 4947 3761 4989 non

2169 5016 2467 5074 invenitur
2494 5021 2719 5076 divisus
2752 5021 2809 5076 in
2845 5023 3015 5079 donis
3072 5029 3384 5097 Propterea
3417 5028 3620 5102 quippe
3645 5038 3763 5082 unus

2167 5105 2440 5179 idemque
2453 5110 2582 5165 istis
2597 5126 2693 5166 mu
2706 5111 2941 5168 aeribus
2955 5113 3369 5180 honoratur,ut
3385 5119 3766 5184 unusidemque

2167 5194 2322 5251 Deus
2353 5203 2408 5252 et
2441 5199 2612 5254 homo
2639 5209 3049 5270 cognoscatur.
3094 5205 3214 5260 Ista
3261 5204 3565 5279 Magorum
3597 5203 3764 5260 oblatio

2168 5286 2662 5345 contunditetiam
2683 5289 3015 5363 Eutychetis
3035 5291 3464 5369 insaniam,qui
3489 5313 3596 5353 non
3612 5295 3763 5351 vultin

2165 5449 2311 5576 ΛΞ)
2341 5452 2442 5574 μῗ.
2477 5466 2654 5522 unus,
2682 5452 2812 5524 quid
2841 5452 3158 5525 obtulerint,
3189 5460 3239 5511 et
3268 5472 3529 5526 agnosces
3547 5457 3670 5530 quid
3684 5471 3765 5513 m-

2209 5537 2224 5573 ι
2297 5537 2387 5575 rm
2420 5565 2432 5576 .

2209 5537 2411 5576 manu:
2420 5565 2432 5577 .

2237 5591 2304 5662 (f)
2335 5592 3044 5676 Editi.ut...recoynoscal.
3076 5597 3182 5656 Ms.
3209 5615 3366 5657 unus
3389 5607 3452 5658 ut
3473 5601 3758 5676 (legendum

2165 5663 2303 5734 et)...
2338 5670 2736 5736 recognoscit...

2163 5733 2422 5863 “(genta
2453 5733 2589 5795 mss.
2623 5745 2682 5797 et
2700 5743 2832 5798 Ant.
2855 5739 3055 5798 Caneri
3078 5759 3209 5801 vero
3228 5741 3455 5803 habent
3472 5745 3755 5818 sacriﬁcium
