3848 6328
446 363 565 424 ’139

1444 357 1508 415 S.
1556 345 1971 415 FULGENTII
2011 340 2365 406 EPISCOPI
2411 338 2848 401 RUSPENSIS

3655 352 3738 413 ’140

446 497 728 554 habemus.
759 508 1046 560 operemur
1068 491 1208 562 quod
1230 492 1431 544 bonum
1446 487 1609 544 estad
1637 481 2092 553 omnes,muxime
2125 479 2173 546 Α
2207 490 2395 548 queus
2419 482 2507 530 est
2535 452 2895 543 diaboli,non
2919 475 3107 532 solum
3129 475 3478 550 laqueua,sed
3496 482 3640 538 etiam
3659 485 3746 557 gla-

447 590 630 642 autem
667 584 737 639 nd
785 582 1102 638 άοιηρδιίσυδ
1149 578 1278 648 ﬁdei
1326 578 1466 649 (Gul.
1517 593 1593 642 vr,
1643 577 1748 645 lO),
1799 571 2097 627 evidenter

451 675 702 732 ostendit
723 673 872 744 quod
894 673 947 724 in
965 685 1135 730 Opere
1151 667 1411 722 caritatis
1443 666 1520 721 sit
1542 664 1776 736 quidem
1800 661 1951 717 alius
1964 656 2095 712 aliis

449 767 546 836 (ιιι.
581 764 714 831 alio)
751 760 1170 833 prmierendus,
1208 773 1378 811 nemo
1408 763 1603 810 tamen
1657 753 1728 808 sit
1765 769 1794 804 a
1833 747 2095 804 cantatis

449 852 751 910 beneflciis
783 849 1198 906 excludendos.
1233 846 1458 900 Caritas
1492 845 1689 912 itaque
1740 841 1836 895 illa
1867 843 2094 901 sancta,

451 961 619 1019 pura.
653 947 709 997 et
741 948 803 995 ut
827 938 1055 1011 proprie
1105 937 1318 1000 dicam,
1353 936 1566 990 caritas
1586 931 1946 987 Christiana.
1970 942 2096 996 quis

450 1017 674 1108 patiens
705 1038 812 1098 est,
844 1046 970 1101 quae
1002 1026 1254 1097 benigna
1283 1032 1391 1087 est,
1439 1040 1563 1094 quze
1607 1037 1719 1076 non
1765 1017 2094 1080 aemulatur,

450 1140 574 1194 quae
601 1139 713 1177 non
743 1120 862 1190 agit
893 1132 1219 1188 perperam.
1248 1131 1359 1169 non
1395 1113 1778 1172 inﬁatur.non
1807 1115 1892 1162 est
1915 1103 2097 1161 ambi-

446 1215 618 1276 tiosa,
649 1228 763 1266 non
796 1208 1002 1282 quaerit
1033 1223 1160 1278 quae
1184 1222 1290 1261 sua
1323 1210 1480 1266 sunt,
1502 1219 1628 1274 quae
1663 1216 1775 1254 non
1807 1197 2095 1257 irritatur,

451 1303 566 1360 non
583 1300 796 1370 cogitat
813 1299 1176 1357 malum,non
1199 1294 1415 1365 gaudet
1431 1308 1608 1363 super
1636 1287 1946 1359 iniquitate
1959 1300 2095 1340 con-

455 1394 664 1465 gaudct
681 1396 877 1445 autem
892 1386 1272 1454 veritatique:
1287 1384 1486 1438 omnia
1500 1379 1727 1441 suﬁ'ert,
1761 1377 2094 1431 omniacre-

455 1482 559 1550 dit,
589 1481 786 1537 omnia
817 1474 1237 1547 sperat,omnia
1260 1473 1529 1536 sustinet,
1555 1469 1774 1524 caritas
1791 1481 1919 1536 quae
1945 1478 2095 1516 nun-

458 1587 636 1645 quam
671 1568 824 1624 cadit
859 1568 904 1638 (1
935 1566 1055 1620 Cor.
1087 1581 1210 1626 xm,
1241 1561 1514 1632 Aetseq.),
1547 1560 1787 1628 si(forte
1813 1554 1919 1622 sic)
1945 1567 2099 1607 com-

451 1643 738 1734 plectatur
766 1657 1008 1722 amicos,
1044 1661 1105 1709 ut
1137 1652 1413 1707 dilatetur
1451 1665 1637 1721 usque
1671 1648 1739 1702 ad
1778 1643 2048 1699 inimicos
2083 1657 2096 1694 :

451 1732 658 1807 amicis
688 1764 750 1805 se
779 1745 1112 1803 volentibus
1138 1742 1360 1805 reddat,
1388 1739 1643 1795 inimicis
1667 1753 1730 1792 se
1764 1732 2098 1789 nolentibus

2201 565 2336 620 dius
2367 581 2386 618 :
2421 579 2522 635 per
2553 564 2740 635 ipsam
2774 568 3015 619 miserm
3045 567 3216 630 capit,
3262 584 3354 638 per
3382 569 3547 640 ipsam
3589 581 3736 636 captos

2203 653 2496 710 interﬁcit.
2529 654 2748 708 Caritas
2771 662 2854 708 est
2883 654 3042 710 radix
3071 656 3319 710 omnium
3339 658 3738 730 bonorumcupi.

2203 742 2356 796 ditas
2389 742 2549 798 radix
2589 748 2680 796 est
2725 744 2988 797 omnium
3021 746 3293 798 malorum
3327 746 3381 815 (Ι
3409 745 3528 801 Tim.
3559 765 3619 808 νι,
3647 751 3740 821 10.),

2205 833 2282 886 Cu
2296 831 2504 899 piditas
2526 848 2646 886 sem
2659 832 2979 899 percrucial
2993 832 3222 890 undam
3239 835 3492 904 rapiendo
3509 853 3604 891 non
3627 850 3742 892 sina-

2205 927 2304 975 tur
2330 920 2557 975 Caritas
2572 925 2762 974 ullth
2781 938 3013 992 semper
3027 922 3516 994 lmtaturquoniam
3531 934 3740 997 quantum

2207 1009 2655 1079 multiplicatur,
2679 1015 2906 1063 tantum
2934 1011 3616 1080 largiuserogaturEtideo
3633 1015 3738 1068 sicut

2206 1095 2584 1166 adipiscendo
2606 1097 3744 1170 pauperascitappetitoriniquitatisitared

2206 1185 2635 1241 dendoditesctt
2659 1186 2917 1241 redditor
2937 1187 3743 1257 caritatis.Perturbaturcupidi-

2207 1281 2296 1329 tas
2329 1276 2466 1328 dum
2503 1274 2703 1330 ulcisci
2735 1276 2942 1346 qurerit
2970 1275 3268 1346 iniuriam,
3298 1277 3578 1349 tranquilla
3595 1283 3664 1333 est
3685 1295 3744 1332 ca-

2207 1363 2350 1418 ritas
2380 1364 2521 1418 dum
2554 1365 2774 1419 donare
2800 1365 3144 1420 delectatur.

2743 1506 2895 1562 536
2934 1506 3170 1562 δεξιΜο
3208 1506 3298 1562 VI.

2573 1616 2646 1670 De
2675 1619 2866 1671 sancto
2909 1616 3187 1687 Cypriane
3217 1623 3461 1688 martyre.

2282 1728 2332 1784 1.
2363 1726 2594 1782 Clarum
2628 1725 2770 1780 tanti
2808 1726 3081 1798 martyris
3109 1725 3313 1780 natalis
3343 1725 3504 1790 diem,
3533 1722 3742 1779 beatissi-

446 1841 692 1912 ingerat;
727 1839 871 1894 istos
893 1839 1107 1897 teneat,
1142 1832 1272 1888 illos
1303 1823 2100 1903 arquirat;is:osoblectetut
2135 1835 2176 1900 Β
2211 1815 2342 1871 licet
2361 1816 3079 1889 Cypriani,quo.terrenis
3104 1832 3168 1870 ac
3186 1814 3740 1871 umribundismemhris

447 1947 517 1987 ex
545 1927 751 1985 amicis
785 1943 898 1982 non
929 1925 1263 1982 efﬁciantur
1293 1918 1520 1975 inimici
1555 1936 1569 1988 ;
1603 1917 1734 1971 illos
1775 1915 1999 1981 invntet,
2035 1916 2099 1965 ut

451 2020 597 2076 ﬁant
629 2035 696 2074 ex
728 2016 982 2074 inimicis
1013 2013 1210 2069 amici.

525 2113 576 2166 5.
611 2107 1024 2172 Recordemur,
1059 2100 1603 2166 fratres,verborum
1643 2093 1872 2150 Domini
1901 2091 2099 2146 dicen-

453 2199 528 2254 tis
556 2215 568 2252 :
603 2199 827 2267 Diligire
855 2193 1115 2248 inimicos
1145 2201 1369 2257 vestros,
1405 2188 1706 2256 bene/acii:
1726 2183 1815 2236 his
1847 2180 1944 2252 qui
1973 2179 2100 2233 ode-

450 2293 579 2342 runt
610 2303 721 2347 vos,
737 2295 787 2338 et
805 2290 955 2337 orate
975 2297 1072 2350 pro
1094 2278 1538 2349 persequentibus
1557 2270 2100 2329 etcatumniimtihus

452 2391 546 2430 vos
579 2373 788 2438 (Matth.
813 2388 867 2434 v,
901 2372 1011 2430 44).
1048 2369 1188 2422 Ecce
1210 2366 1492 2422 Dominus
1513 2377 1695 2431 usque
1724 2361 1793 2414 ad
1829 2357 2099 2411 inimicos

453 2465 756 2520 caritatem
783 2461 954 2531 jubet
983 2457 1239 2523 extendi,
1271 2461 1326 2510 et
1357 2469 1544 2524 usque
1583 2454 1649 2505 ad
1697 2452 2098 2521 persecutores

451 2549 767 2608 Christiani
783 2548 976 2603 cordis
992 2543 1448 2601 benevolentiam
1467 2539 1795 2596 dilatari.Et
1811 2554 1938 2608 qua
1955 2552 2100 2591 mer-

453 2656 800 2711 cesoperum
819 2645 1112 2692 tantorum
1130 2632 1394 2687 dabitur?
1409 2631 1491 2685 vel
1523 2629 1681 2704 quod
1711 2629 1860 2685 565
1883 2641 2097 2681 munus

456 2735 742 2802 praecepto
777 2726 910 2782 huic
934 2723 1344 2779 obedientibus
1374 2718 1829 2788 confertur?lpse
1861 2717 2098 2771 demon-

448 2827 593 2876 stret
633 2837 666 2872 a
698 2835 759 2873 se
794 2823 1172 2887 przeparatam
1206 2811 1435 2866 caritati
1467 2809 1816 2874 mercedem,
1852 2805 1950 2877 qui
1999 2820 2098 2874 per

446 2909 733 2979 Spiritum
769 2912 1035 2962 sanctum
1064 2904 1245 2972 gratis
1268 2904 1456 2974 ipsam
1483 2899 1766 2970 dignatur
1787 2896 2097 2950 infundere

445 2999 772 3054 caritatem:
810 2995 936 3065 ipse
969 2992 1138 3048 nobis
1172 2991 1324 3045 dicat
1356 2990 1492 3061 quid
1521 3004 1619 3058 pro
1646 2984 1885 3040 caritate
1903 2983 2092 3038 reddi-

441 3091 612 3143 turus
644 3087 722 3142 sit
751 3083 966 3149 dignis,
1001 3082 1102 3154 qui
1132 3081 1396 3135 eamdem
1431 3076 1732 3133 caritatem
1765 3075 1982 3128 donare
2004 3071 2094 3126 di-

440 3183 654 3250 gnetur
685 3173 963 3232 indignis.
991 3172 1153 3228 Dicat
1181 3169 1363 3242 igitur
1386 3163 1932 3231 Dominus,dicat,et
1954 3179 2085 3233 pro-
2117 3203 2162 3270 ε

441 3266 566 3338 prio
581 3279 850 3320 sermone
865 3261 1334 3324 magnitudinem
1355 3257 1519 3312 nobis
1535 3271 1656 3310 suae
1681 3250 2086 3325 promissionis

437 3355 709 3410 ostendat
743 3371 756 3410 :
795 3353 859 3410 Ut
886 3351 1027 3416 sitis,
1051 3349 1269 3420 inquit,
1327 3348 1437 3418 ﬁlii
1460 3345 1642 3401 Patris
1673 3343 1840 3398 vestri
1881 3340 1979 3412 qui
2029 3342 2085 3394 in

433 3443 582 3500 cali:
601 3447 680 3499 est
709 3441 893 3510 (lbid.,
926 3441 1039 3512 45).
1071 3443 1213 3494 Cum
1247 3437 1400 3493 enim
1434 3433 1766 3506 diligendos
1807 3430 2083 3501 praecipe.

434 3545 520 3588 ret
551 3533 846 3599 inimicos,
880 3546 1143 3585 amarum
1181 3527 1424 3583 forsitan
1459 3529 1583 3579 erat.
1613 3522 1767 3594 quod
1822 3519 2080 3575 audienti

422 3621 763 3693 jubebatur:
783 3616 1284 3690 sit,quaesn,dulce
1301 3615 1450 3685 quod
1470 3610 1763 3667 obedienti
1793 3609 2077 3677 promitti-

427 3715 544 3766 tur.
563 3711 856 3764 Teneatur
876 3723 1012 3776 ergo
1030 3703 1361 3760 dulcedinis
1389 3702 1567 3768 hujus
1599 3699 1655 3753 in
1691 3700 1862 3754 corde
1888 3697 2083 3751 suavi-

427 3802 605 3856 tas.et
628 3794 1042 3850 amaritudinis
1057 3793 1218 3846 illius
1237 3790 1574 3862 superabitu
1589 3782 2082 3850 rdifﬁcultas.Qui

426 3889 582 3944 enim
599 3883 1192 3941 dilexerintinimicns
1208 3898 1364 3944 suos,
1389 3887 1446 3935 et
1467 3878 1859 3934 benefecerint
1880 3876 1965 3932 eis
1983 3875 2079 3948 qui

429 3994 530 4034 eos
563 3977 834 4040 oderunt,
869 3972 971 4026 ﬁlii
1008 3970 1101 4025 Dei
1137 3977 1332 4025 erunt.

499 4067 553 4120 6.
583 4063 727 4131 Quid
757 4079 890 4117 vero
922 4058 1213 4130 accepturi
1233 4062 1375 4112 sunt
1395 4056 1489 4110 isti
1519 4055 1617 4110 lilii
1651 4055 1741 4109 Dei
1764 4053 2078 4126 Apostolus

428 4153 701 4212 enuntiat
741 4152 942 4206 dicens
977 4165 990 4205 :
1024 4151 1148 4218 Ipse
1193 4146 1436 4219 Spiritus
1485 4146 1857 4200 testimonium
1901 4142 2081 4199 reddit

430 4245 665 4317 spiritui
689 4254 892 4309 nostra,
924 4241 1052 4316 quid
1079 4257 1271 4296 sumus
1292 4239 1407 4310 ﬁlii
1433 4237 1550 4294 Dei.
1584 4237 1644 4292 Si
1675 4244 1862 4291 autem
1894 4235 2080 4305 filii,el

433 4334 938 4395 haeredeszlurredes
967 4331 1185 4404 quidem
1216 4332 1340 4394 Dei,
1370 4326 1681 4385 cohaere-de:
1700 4331 1890 4380 autem
1923 4323 2080 4378 Chri-

428 4433 500 4484 sti
529 4429 707 4496 (Rom.
741 4442 863 4488 vui,
903 4425 986 4485 l6,
1025 4423 1129 4492 17).
1164 4420 1372 4476 Audite
1405 4414 1944 4490 igitur,Cbristiani;
1977 4431 2080 4467 au-

429 4518 572 4578 dite,
608 4515 708 4570 ﬁlii
746 4513 844 4570 Dei
874 4531 888 4580 ;
924 4513 1143 4579 audite,
1180 4510 1438 4565 heredes
1489 4507 1587 4563 Dei
1641 4509 1696 4560 el.
1753 4504 2081 4560 coheredes

2211 1913 2444 1973 exutus,
2478 1906 2548 1961 ad
2581 1913 2808 1960 aeternae
2843 1905 3080 1976 praemia
3135 1910 3260 1960 vitae
3299 1903 3741 1975 transmigravit,et

2207 1997 2512 2056 sacerdotii
2533 1999 2660 2067 ejus
2672 1996 2998 2051 doctrinam
3017 2002 3074 2050 et
3091 1996 3339 2068 martyrii
3357 1995 3504 2050 nobis
3515 1992 3736 2050 victoriam

2207 2088 2657 2153 commendavit,
2675 2086 2924 2156 fecitque
2944 2101 3014 2140 ex
3041 2095 3152 2140 tem
3166 2087 3335 2156 porali
3353 2086 3600 2156 quondim
3615 2081 3739 2136 tristi-

2209 2179 2282 2234 tia
2317 2177 2666 2232 liberiorem.
2702 2183 2850 2230 Dum
2874 2174 3032 2229 enim
3061 2175 3212 2230 inter
3246 2174 3527 2247 periculum
3547 2178 3736 2228 cruente

2207 2270 2411 2324 mortis
2439 2272 2497 2323 et
2523 2266 2767 2337 gloriam
2793 2266 2980 2321 devoti
3016 2266 3353 2321 certaminis
3375 2265 3626 2336 episcouus
3643 2276 3739 2314 con-

2208 2357 2422 2413 ﬁtendo
2446 2358 2683 2430 patitur,
2714 2355 2965 2411 Ecclesia
2979 2356 3201 2410 orando
3215 2350 3654 2425 compatitur.Quis
3673 2364 3743 2402 ne-

2207 2445 2373 2508 sciat.
2407 2460 2473 2499 ac
2499 2461 2610 2500 non
2632 2443 2824 2514 potius
2849 2443 3129 2515 prudenti
3159 2441 3568 2498 consideratione
3587 2452 3745 2505 cogno-

2204 2537 2334 2601 scit,
2369 2533 2525 2588 hunc
2554 2535 2746 2604 ipsum
2771 2535 2870 2603 qui
2897 2548 3058 2587 nunc
3091 2548 3284 2588 annua
3311 2526 3738 2586 circumstitutione

2207 2624 2390 2678 festus
2413 2623 2581 2677 nobis
2605 2621 2921 2677 revolvitur
2943 2621 3181 2690 dies,Ch
3194 2620 3432 2675 ristianis
3453 2634 3508 2671 ac
3526 2610 3739 2684 religiosis

2206 2712 2501 2768 mentibus
2534 2712 2632 2766 illo
2665 2718 2805 2765 tunc
2837 2716 3101 2780 tempore
3126 2711 3299 2765 fuisse
3328 2707 3618 2766 sollicitum,
3643 2702 3737 2755 dum

2203 2802 2483 2858 adversus
2497 2799 2791 2856 diabolum
2814 2801 2884 2853 ab
2900 2800 3169 2855 antistite
3183 2803 3437 2868 suscepto
3450 2789 3740 2859 culminapia

2202 2891 2388 2964 plebis
2412 2889 2766 2960 exspectatio
2789 2888 3133 2958 trepidaret,
3161 2892 3328 2960 atque
3349 2887 3417 2938 ita
3439 2883 3562 2938 ﬁdes
3583 2879 3741 2934 resiste-

2203 2987 2290 3036 ret
2310 2978 2787 3051 ‘pereequenti,ne
2804 2993 2938 3031 caro
2955 2977 3366 3033 succumberet
3399 2965 3738 3030 blandienthita

2203 3078 2403 3142 pastor
2425 3069 2792 3140 praecederet,
2817 3082 2888 3121 ne
2909 3065 3065 3122 ovile
3092 3067 3392 3122 desereret.
3414 3062 3739 3124 desertumque

2201 3141 2378 3231 (quod
2408 3158 2580 3228 absit)
2612 3156 2786 3228 lupus
2809 3155 3147 3211 invaderet?
3177 3153 3408 3210 Dolebat
3423 3147 3638 3206 Ecclesia
3655 3141 3741 3197 sub-

2201 3254 2453 3304 tractum
2486 3245 2716 3301 interim
2749 3262 2857 3300 suo
2880 3245 3182 3301 consortio
3205 3251 3318 3298 tam
3338 3238 3666 3297 clarissimum
3684 3246 3740 3282 ta-

2189 3338 2478 3393 cerdotem
2505 3351 2516 3390 :
2545 3335 2640 3389 sed
2659 3340 2852 3389 tamen
2878 3335 3182 3396 gaudebat
3206 3321 3738 3402 prostraloadversario

2189 3426 2397 3481 Christi
2415 3432 2724 3493 martyrem
2751 3424 3047 3478 exstitisse
3066 3426 3358 3478 victorem.
3386 3419 3504 3474 Erat
3524 3418 3570 3470 in
3590 3423 3739 3467 memo-

2191 3528 2276 3584 ria
2298 3526 2565 3581 doctrina
2580 3521 3412 3585 laudabilis,versabaturante
3424 3515 3597 3574 oculos
3613 3511 3742 3566 virtus

2192 3614 2501 3677 mirabilis,
2530 3613 2766 3684 quando
2783 3617 2980 3667 tantus
3004 3611 3166 3668 Deus
3181 3604 3581 3678 servabatquod
3600 3605 3743 3654 docue-

2190 3711 2302 3775 rat,
2335 3703 2553 3775 etquid
2583 3701 2774 3757 ueteri
2801 3703 2986 3756 facere
3009 3701 3316 3764 deberent,
3347 3715 3451 3754 non
3477 3687 3739 3766 jamverbiss

2189 3797 2286 3852 sed
2310 3793 2585 3865 operibus
2603 3791 3116 3854 demonstrabatﬁ
3129 3792 3258 3845 dem
3274 3790 3737 3844 sermonum,exem-

2189 3885 2300 3957 plis
2330 3899 2546 3944 rerum,
2570 3879 2762 3935 valida
2783 3879 3079 3934 soliditate
3103 3879 3473 3940 confirmans,
3493 3870 3684 3928 credens
3703 3864 3739 3916 et

2188 3973 2490 4030 conﬁdens
2511 3987 2610 4040 pro
2633 3970 2896 4024 omnium
2917 3967 3108 4023 salute
3125 3968 3414 4026 Christum
3440 3967 3738 4019 mortuumc

2188 4080 2250 4120 se
2285 4078 2385 4134 pro
2412 4061 2540 4129 ejus
2592 4059 2825 4112 nomine
2858 4074 2969 4112 non
3025 4058 3374 4113 subtrahere
3419 4045 3737 4110 occidendum.

2186 4152 2365 4222 Cujus
2380 4151 2529 4204 enim
2543 4144 3193 4218 sanguinetuncindign
3206 4164 3272 4200 us
3287 4134 3740 4212 redemptusluerat.

2189 4221 2390 4314 dignm
2426 4255 2598 4295 suum
2628 4237 2974 4308 sanguinem
3001 4254 3102 4304 pro
3125 4236 3226 4292 illo
3251 4235 3518 4291 fund-bat
3537 4221 3743 4314 ;etcujlt§

2189 4303 2536 4397 sanguinem
2562 4329 2619 4382 in
2651 4303 2893 4380 hacvita
2925 4325 3184 4380 ﬁdeliter
3216 4322 3535 4388 biberat,ab
3558 4318 3656 4388 ipso
3673 4303 3744 4362 sibi

2188 4426 2462 4475 aeternam
2498 4417 2674 4471 vitam
2710 4415 2871 4470 reddi
2907 4431 3078 4486 posse
3111 4413 3452 4469 crediderat.

2261 4511 2316 4565 2.
2353 4509 2516 4562 Dedit
2547 4505 2700 4561 enim
2734 4503 2818 4560 eis
2873 4503 3280 4559 benedictione
3316 4501 3411 4574 qui
3444 4499 3603 4568 legem
3626 4486 3745 4542 dede-

430 4571 669 4660 Cbristi.
703 4608 775 4658 Ut
812 4571 1110 4673 paternam
1131 4571 1500 4673 'possideatis
1536 4595 2080 4658 hereditatemmon

2199 4603 2306 4662 rat,
2331 4604 2396 4653 ut
2417 4594 2786 4651 ambularent
2810 4594 2881 4647 de
2897 4594 3113 4648 virtute
3133 4593 3193 4647 in
3221 4571 3502 4647 virtutem:
3521 4586 3581 4640 de
3599 4578 3745 4632 virtute

429 4694 620 4750 solum
634 4691 965 4756 amicis,sed
982 4691 1158 4745 etiam
1177 4687 1428 4744 inimicis
1445 4684 1756 4758 impendite
1769 4683 2080 4739 caritatem.

433 4779 589 4838 Nulli
623 4779 834 4834 caritas
875 4779 1217 4848 denegetur,
1251 4795 1377 4849 qua:
1427 4776 1498 4830 ab
1555 4773 1892 4829 hominibus
1922 4774 2082 4844 (forte

429 4865 907 4939 omnibus)bonis
933 4865 1325 4920 communiter
1357 4861 1933 4933 possidetur.0mnes
1951 4878 2078 4918 eam

431 4960 602 5016 simul
631 4957 858 5021 habete,
893 4964 940 5009 et
979 4961 1044 5008 ut
1091 4969 1219 5008 eam
1274 4952 1468 5021 magis
1516 4951 1797 5019 halueatis,
1826 4954 1881 5006 et
1914 4951 2080 5006 bonis

431 5067 559 5108 eam
584 5046 828 5106 etmalis
849 5039 1494 5116 impendite.Possessio
1509 5039 1661 5094 enim
1681 5045 1770 5093 est
1793 5039 2076 5094 bonorum

431 5141 547 5197 ista
575 5136 932 5203 communis,
969 5150 1082 5188 non
1118 5138 1347 5186 terrena
1380 5128 1708 5198 utique,sed
1743 5128 2082 5196 cmlestis;et

429 5229 560 5286 ideo
578 5227 801 5284 nullum
826 5225 882 5281 in
903 5221 1119 5281 eal'acit
1149 5218 1472 5292 angustiari
1511 5233 1753 5288 persona
1770 5219 2076 5276 consortis.

431 5320 685 5376 Tantum
713 5333 844 5373 vero
864 5319 1104 5386 augetur
1120 5312 1354 5379 caritas,
1375 5312 1660 5380 quantum
1686 5306 1856 5360 fuerit
1881 5307 2077 5361 immi-

432 5415 576 5465 nuta
590 5403 1148 5480 cupiditas;etillum
1170 5400 1304 5456 lacit
1329 5398 1539 5454 caritas
1565 5413 1682 5452 sem
1695 5394 1988 5468 perliberu
2001 5413 2078 5469 m,

433 5515 604 5569 quem
641 5514 752 5552 non
788 5494 1037 5548 tenuerit
1068 5491 1360 5561 cupiditas
1414 5487 1710 5543 mundana
1758 5487 2078 5557 captivum.

431 5585 656 5640 Caritas
686 5585 903 5637 donum
942 5579 1042 5636 Dei
1093 5584 1207 5646 est,
1243 5579 1472 5633 dicente
1511 5574 1784 5647 Apostolo
1818 5591 1830 5628 :
1866 5575 2080 5631 Caritas

432 5671 529 5727 Dei
557 5671 758 5743 diffusa
779 5673 856 5724 est
889 5671 948 5723 in
982 5667 1236 5723 cordibus
1289 5665 1490 5721 nostris
1518 5680 1620 5736 per
1647 5664 1917 5734 Spiritum
1946 5681 2078 5720 san-

433 5764 583 5817 ctum
616 5760 712 5829 qui
741 5757 900 5811 datus
925 5760 1006 5810 est
1033 5754 1193 5810 nobis
1221 5756 1395 5824 (Rom.
1426 5770 1484 5822 v,
1531 5753 1608 5824 5).
1658 5752 1964 5823 Cupiditas
1993 5754 2078 5810 la-

2195 4688 2326 4743 ﬁdei
2347 4683 2756 4740 sincerissime
2775 4681 2832 4736 in
2860 4681 3134 4737 virtutem
3160 4677 3536 4738 conﬂictionis
3553 4671 3747 4729 constan-

2190 4777 2456 4838 tissime;
2473 4776 2541 4830 de
2566 4774 2781 4828 virtute
2799 4772 3059 4828 caritatis
3077 4770 3537 4844 flagrantissima:
3553 4763 3601 4817 in
3622 4756 3740 4810 virtu-

2189 4869 2303 4923 tem
2331 4864 2621 4938 passionis
2645 4861 3105 4935 gloriosissime.
3128 4861 3388 4917 Credidit
3410 4858 3569 4919 enim,
3591 4848 3748 4938 loculus

2188 4963 2296 5024 est;
2323 4929 2546 5011 dilexit.
2574 4961 2625 5009 et
2646 4929 2886 5008 secutus
2911 4957 3018 5008 est.
3051 4950 3342 5006 Audierat
3361 4946 3506 5002 enim
3529 4957 3559 4996 ι
3579 4929 3744 5024 Detulit“

2189 5017 2408 5101 dictum
2437 5061 2450 5098 :
2483 5046 2596 5114 Qui
2623 5057 2712 5097 me
2739 5041 2950 5111 diligit,
2977 5042 3237 5112 sequitur
3266 5053 3352 5093 me
3381 5037 3547 5105 (Joau.
3577 5017 3744 5114 v1.25)?

2189 5142 2245 5192 et
2275 5135 2508 5190 iterum.
2545 5131 2652 5202 Qui
2680 5131 2858 5188 credit
2889 5133 2948 5186 in
2985 5146 3092 5196 me,
3126 5145 3238 5184 non
3289 5128 3544 5183 morietur
3567 5119 3615 5171 in
3637 5112 3746 5202 ἕζετ’

2188 5240 2340 5280 num.
2358 5226 2424 5276 Et
2457 5196 2615 5294 pater
2637 5221 2738 5291 (al.
2758 5221 2997 5292 pariter)
3013 5216 3204 5272 ﬁdelis
3220 5221 3456 5272 secutus
3481 5213 3559 5265 est
3579 5196 3747 5294 vastlng

2187 5283 2521 5369 Salvatoris.
2557 5283 2868 5365 Interritus
2882 5283 3111 5364 contem
3124 5307 3243 5379 psit
3259 5283 3745 5378 principumjussael

2182 5403 2452 5475 judicum
2467 5400 2750 5456 edictum.
2779 5399 3020 5454 Paratus
3033 5378 3263 5463 excepit
3277 5378 3747 5466 percussorisictum,

2189 5497 2245 5548 et
2276 5490 2536 5545 animum
2553 5487 2656 5544 soli
2678 5491 2787 5544 lleo
2802 5487 3102 5542 subditum
3129 5483 3445 5554 etiamipsa
3470 5486 3605 5532 mors
3621 5470 3745 5550 sent-

2188 5578 2585 5636 vitinvictum.
2619 5579 2876 5648 Denique
2899 5573 3037 5630 nihil
3062 5589 3202 5628 eum
3229 5565 3504 5629 revocavit
3524 5580 3552 5618 a
3571 5555 3743 5648 pastini

2189 5668 2498 5744 gregisque
2511 5643 2993 5735 custodia,exsilii
3015 5662 3506 5735 locus,apparitor
3522 5643 3742 5744 violentia}.

2189 5722 2242 5744 σ-
2267 5722 2325 5741 τυ
2365 5722 2421 5740 κ.
2479 5722 2482 5723 ν
2523 5722 2532 5723 κ
2789 5722 2800 5735 ,
3193 5722 3206 5731 ,
3257 5722 3274 5734 .
3301 5722 3314 5735 ,

2188 5757 2613 5837 persecutionis
2637 5752 3132 5830 tempus,judicis
3157 5742 3649 5822 metus,imminenl
3661 5722 3739 5800 $1"
