3848 6370
106 386 202 445 7H

1544 374 1808 436 SERMO
1849 374 2016 436 VIII.

3380 380 3490 441 742

102 516 241 582 dius,
272 512 574 587 proximus
632 512 835 568 mortis
876 527 1137 567 occasus.
1172 511 1314 567 Nam
1348 514 1402 565 et
1435 510 1491 565 in
1528 507 1733 563 exsilio
1767 509 1814 573 Α
1851 508 2005 565 568
2039 514 2301 569 conﬁxus
2336 515 2614 570 omnibus
2648 515 2948 570 membris.
2982 515 3229 572 Confixae
3253 531 3485 587 manus,

100 607 644 673 constitutus,atque
657 605 728 657 ab
744 601 1003 657 Ecclesia
1021 602 1129 655 sibi
1154 602 1473 655 commissa
1495 614 1735 667 corpore

98 701 310 751 tantum
334 710 447 746 non
471 698 665 746 mente
679 698 1122 759 separatus,pau
1135 706 1334 759 perum
1353 690 1631 743 alimenta
1650 705 1663 751 ς
1681 691 1737 742 et

97 787 148 840 in
174 784 393 838 occulto
426 780 831 845 absconditus,
868 780 1196 848 disciplina:
1227 795 1542 833 censuram
1576 796 1590 842 ;
1625 785 1677 831 et
1704 793 1736 830 a

100 872 344 945 principe
359 868 953 939 detentus,virginum
981 868 1356 939 pudicitiam;
1385 874 1441 921 et
1463 868 1529 920 ad
1558 867 1741 921 tribu-

104 960 182 1017 nal
213 960 356 1017 561
388 959 708 1018 exhibitus.
743 957 1086 1012 clericorum
1122 959 1366 1011 tutelam
1403 976 1417 1025 ;
1472 964 1527 1011 et
1558 958 1735 1011 minis

104 1058 274 1118 actus,
307 1051 604 1104 robustam
631 1049 1052 1102 conscientiam
1083 1054 1176 1113 ;et
1202 1046 1446 1101 subdole
1470 1062 1738 1101 consum-

108 1137 573 1211 ptus,spiritalem
598 1135 886 1191 cautelam
920 1155 933 1204 ;
962 1141 1017 1190 et
1037 1134 1740 1206 iniqiiejudicatus,tlhri-

110 1231 336 1283 stianam
363 1225 708 1297 patientiam
728 1223 1063 1280 custodivut.
1084 1226 1312 1280 Plvme
1331 1225 1737 1296 frequentibus

114 1318 293 1373 litteris
310 1317 378 1369 ad
390 1317 871 1386 monens,inopes
887 1314 1243 1386 largioribus
1256 1314 1645 1387 eleemosynis
1665 1318 1742 1369 fo-

114 1407 194 1471 vit,
247 1410 530 1475 martyres
595 1402 981 1458 hortamentis
1017 1406 1234 1474 pariter
1263 1410 1319 1458 et
1349 1403 1632 1475 exemplis
1664 1406 1735 1459 ad

115 1493 457 1549 subeundum
496 1492 761 1561 przelium
786 1493 1095 1562 promovit,
1120 1499 1178 1547 et.
1199 1494 1381 1549 donec
1404 1504 1582 1566 ponat
1608 1495 1734 1550 ani-

118 1600 269 1647 mum,
302 1600 416 1638 non
441 1581 659 1637 deserit
689 1598 909 1635 curam.

170 1673 217 1727 3.
242 1671 492 1741 Denique
523 1672 855 1726 custoditur
875 1678 929 1727 et
958 1671 1237 1736 custodit;
1267 1673 1483 1745 proprii
1518 1673 1737 1729 doloris

116 1777 331 1816 securus
352 1760 922 1830 cuutemptor;alieni
948 1762 1185 1833 pudoris
1202 1762 1494 1817 sollicitus
1507 1780 1609 1817 con
1622 1780 1740 1817 scr-

1846 600 2054 655 eontixi
2083 603 2277 674 pedes.
2302 606 2526 659 confixa
2549 606 2747 661 omnia
2763 606 3255 660 membra.Totum
3273 622 3485 676 corpus

1845 687 1902 741 in
1928 706 2096 744 cruce
2121 694 2427 763 ligebatur,
2463 702 2519 749 et
2552 700 2742 749 tamen
2765 694 2967 759 lingua
2988 695 3217 750 Christo
3244 694 3485 750 conlite-

1849 776 2212 835 bntur.Unus
2232 790 2427 837 autem
2463 783 2623 837 locus
2655 790 2778 838 erat
2808 786 2986 838 trium
3025 783 3434 838 crucifixrirum
3472 800 3487 840 :

1844 864 1903 919 in
1935 868 2124 923 medio
2168 873 2445 926 tio'ninus
2471 887 2483 925 :
2511 872 2607 942 qui
2662 874 2809 925 inter
2848 875 3065 943 iniquo:
3095 873 3384 937 deputatus
3414 885 3489 934 εει

1844 956 1999 1017 (Isai.
2037 972 2154 1021 Lm,
2185 958 2268 1026 12)
2295 974 2308 1011 :
2334 960 2479 1013 duos
2506 960 2760 1014 latrones
2786 961 2917 1014 hinc
2939 968 2996 1014 at
3018 962 3261 1025 iusinde
3287 977 3487 1029 posue-

1845 1050 2000 1108 runt,
2026 1046 2123 1099 sed
2150 1063 2380 1101 causam
2401 1048 2651 1103 similem
2677 1066 2786 1103 non
2810 1050 3158 1104 habuerunt.
3183 1050 3485 1104 Lateribus

1846 1134 2153 1201 pendentis
2184 1137 2675 1207 adjungebantur,
2708 1139 2807 1191 sed
2845 1139 3011 1209 longe
3039 1140 3483 1209 separabantur.

1848 1220 1984 1277 llius
2020 1225 2431 1280 crucilixerunt
2474 1228 2866 1293 facinorasua,
2891 1229 3485 1283 Christumcruciﬁxe-

1847 1318 1987 1365 runt
2002 1320 2233 1381 peccata
2250 1325 2463 1370 nostra.
2476 1316 2677 1369 Verum
2690 1316 2923 1371 etiamin
2942 1334 2971 1369 u
2984 1332 3054 1371 no
3070 1318 3328 1386 ipsorum
3344 1318 3487 1373 satis

1846 1404 2121 1472 apparuit
2143 1412 2428 1474 quantum
2455 1406 2667 1461 valeret
2694 1422 2803 1459 non
2839 1406 3134 1460 cruciatus
3162 1408 3487 1477 pendentis,

1847 1492 1945 1545 sed
1971 1492 2150 1559 pietas
2172 1494 3092 1566 conlitentis.Acquiaivntlatroin
3118 1496 3312 1551 dolore
3335 1496 3493 1567 quod

1848 1578 2051 1635 Petrus
2072 1584 2472 1653 perdideratin
2496 1584 2933 1640 timore.Scelus
2957 1584 3219 1649 admisit,
3253 1601 3492 1641 crucem

1848 1672 2130 1734 ascendit,
2158 1688 2396 1727 causam
2432 1674 2694 1737 mutavit,
2731 1674 3076 1744 paradisum
3111 1675 3487 1744 comparavit.

1847 1757 2050 1813 Meruit
2074 1761 2312 1816 omnino
2336 1779 2573 1816 causam
2602 1768 2849 1828 mutare,
2878 1764 2979 1835 qui
3003 1780 3115 1817 non
3139 1764 3494 1835 contempsit

114 1862 273 1919 vator,
308 1862 438 1923 plus
460 1856 731 1905 metuens
762 1850 987 1905 luxurza
1014 1868 1190 1922 quam
1212 1852 1487 1916 tristitia},
1521 1854 1732 1923 magis-
1767 1871 1811 1936 Β
1844 1846 1900 1902 in
1924 1847 2153 1904 Christo
2184 1850 2628 1905 similitudinem
2668 1867 2867 1921 poema.
2902 1851 3086 1906 Judsei
3108 1860 3492 1924 contempse-

120 1940 654 2011 quecavensdiaboli
671 1940 1300 2009 oblectamentauiuam
1322 1944 1736 2013 pertimescens

123 2031 724 2085 multatormenta.Pru
741 2030 851 2084 ﬁde
875 2029 1155 2086 adversus
1176 2029 1402 2088 leonem
1426 2034 1740 2105 vigilatru-

126 2120 373 2189 gientem,
395 2136 497 2191 pro
521 2120 790 2173 castitate
804 2119 1085 2175 adversus
1107 2120 1441 2177 sibilantem
1473 2122 1737 2183 dimicat.

127 2207 359 2262 Vincitin
385 2224 494 2262 suo
527 2224 769 2279 corpore
793 2208 1117 2279 nequitiam
1144 2210 1456 2269 sievienlis.
1493 2214 1549 2267 in
1579 2214 1738 2285 puel-

128 2297 286 2351 larum
315 2312 485 2351 cirne
503 2296 806 2352 mollitiem
835 2296 1193 2353 blandientis
1219 2319 1234 2367 ;
1259 2300 1496 2356 calcans
1548 2303 1739 2359 minas

127 2386 508 2457 persecutoris.
528 2386 661 2441 vitat
685 2386 974 2441 fallaciam
1000 2388 1323 2460 deceptoris
1348 2408 1361 2457 ;
1389 2407 1491 2445 nec
1516 2393 1570 2445 in
1588 2409 1737 2462 quo-

124 2492 279 2546 quam
323 2475 536 2529 furenti
570 2475 743 2539 cedit,
778 2493 885 2532 nec
904 2476 1223 2548 quidquam
1273 2481 1447 2534 furari
1486 2481 1739 2537 violento

121 2564 406 2621 concessit.
443 2564 687 2621 Proinde
718 2566 1158 2623 considerantes
1188 2570 1317 2638 ejus
1352 2571 1583 2628 luctum.
1611 2587 1738 2639 per-

120 2656 485 2715 severantiam,
520 2654 822 2710 victoriam
847 2657 1063 2727 pariter
1091 2664 1149 2712 et
1179 2673 1476 2725 coronam,
1509 2665 1566 2714 et
1596 2659 1737 2730 quid

120 2742 371 2804 evaserit,
401 2760 517 2814 quo
552 2744 899 2813 pervenerit,
935 2744 1090 2799 dulci
1126 2747 1341 2801 mentis
1372 2746 1608 2818 speculo
1641 2764 1739 2801 re-

120 2828 387 2900 foventes,
442 2849 641 2887 annua
696 2833 1003 2888 devotione
1043 2841 1383 2889 cantemus:
1420 2836 1739 2891 Benedictus

120 2918 389 2985 Dominus,
435 2923 534 2994 qui
557 2937 668 2976 non.
713 2922 869 2977 dedit
898 2938 995 2978 nos
1028 2926 1085 2978 in
1128 2926 1534 2979 venerationem
1566 2922 1743 2979 denti-

119 3006 206 3063 bus
234 3025 437 3066 eorum.
495 3015 743 3083 Laqueus
795 3021 1063 3068 contritus
1119 3021 1218 3083 est,
1278 3022 1331 3068 et
1386 3029 1484 3069 nos
1514 3014 1740 3069 liberati

119 3112 298 3153 sumus
331 3101 499 3169 (Psal.
531 3117 727 3166 cum,
760 3102 815 3166 6,
851 3103 920 3171 7).

717 3233 959 3291 SERMO
992 3235 1106 3291 VII.

378 3342 449 3397 Ile
496 3340 717 3397 latrone
764 3342 1036 3413 cmciﬁzo
1066 3360 1191 3399 cum
1222 3343 1454 3401 Christe.

172 3466 220 3519 1.
242 3467 577 3523 Mirandum
609 3485 722 3539 prie
754 3467 981 3523 caeteris
1040 3469 1467 3525 festivitatibus
1498 3472 1741 3537 sanctis,

104 3556 611 3627 venerantiumque
636 3558 979 3630 mysterium
1009 3558 1230 3614 Pascha
1246 3559 1466 3614 Domini
1487 3560 1742 3617 celebra-

104 3656 250 3698 mns.
290 3648 513 3701 Pascha
551 3647 707 3702 enim
767 3646 1064 3713 Hebraice,
1103 3649 1296 3704 Latine
1325 3650 1746 3719 interpretatur

100 3729 425 3789 Transilus.
462 3740 630 3790 Hunc
657 3736 973 3792 transitum
1012 3737 1296 3807 iniquitas
1331 3741 1747 3798 intercluserat

104 3825 533 3887 nostra,donec
553 3826 834 3882 clavicula
854 3830 1046 3882 crucis
1080 3830 1423 3898 aperiretur.
1459 3832 1601 3897 Quia
1637 3834 1745 3889 Du-

103 3911 309 3967 minus
327 3922 379 3968 et
400 3914 666 3970 Salvator
690 3923 886 3972 noster
906 3918 1076 3972 Iesus
1100 3917 1367 3973 Christus
1400 3919 1747 3989 habuitqui-

98 3998 228 4053 dem
248 4008 553 4059 mortalem
576 4022 829 4065 carnem.
850 4007 948 4061 sed
976 4008 1231 4063 animam
1254 4025 1369 4063 non
1389 4008 1592 4065 habuit
1626 4027 1747 4081 pec-

96 4092 397 4148 catricem.
430 4095 814 4167 Suscipiendo
845 4114 1069 4167 pmnam
1130 4098 1257 4154 sine
1287 4100 1476 4170 culpa,
1509 4100 1743 4172 culpam

96 4176 230 4233 fecit
253 4188 509 4240 transire
540 4186 665 4240 sine
704 4203 889 4255 uena.
930 4193 986 4242 In
1023 4192 1192 4257 cujus
1227 4206 1495 4260 passione
1535 4197 1745 4247 cuncta

94 4280 393 4327 commota
412 4279 552 4328 sunt
570 4276 787 4341 sidera,
816 4282 872 4331 et
892 4283 1161 4331 eventum
1188 4277 1462 4333 dominici
1486 4278 1742 4336 vulneris

90 4356 391 4417 elementa
450 4371 838 4420 tremuerunt.
898 4367 1137 4437 Expavit
1197 4368 1322 4423 dies
1363 4386 1475 4423 non
1509 4370 1741 4426 solitam

90 4460 352 4521 noctem,
377 4459 433 4508 et
454 4471 563 4508 non
584 4472 722 4510 suas
750 4457 1540 4513 tenebrasmundusinvenit.
1573 4460 1745 4515 Stetit

91 4537 204 4591 sub
238 4538 464 4597 incerto
500 4542 724 4597 lumine
755 4544 883 4599 dies
913 4545 1201 4615 inclusus,
1232 4552 1288 4601 et
1311 4564 1456 4616 pene
1488 4548 1611 4618 ipsa
1647 4549 1743 4603 lux

95 4630 307 4682 mundi
332 4634 475 4686 mori
498 4634 871 4687 visaestcum
902 4636 1032 4688 er.
1065 4635 1143 4689 Ad
1173 4635 1279 4690 hoc
1306 4637 1520 4691 scilicet
1554 4638 1747 4694 omnis

93 4716 342 4773 claritas
365 4722 643 4792 migravit
667 4739 721 4776 in
751 4730 999 4788 noctem,
1033 4741 1105 4779 ne
1126 4725 1494 4796 sacrilegium
1516 4744 1748 4783 cernere

96 4811 737 4875 cogeretur.Clauserat
756 4812 908 4867 enim
939 4830 1078 4868 suos
1110 4814 1307 4870 oculos
1339 4816 1573 4883 caalum,
1598 4836 1665 4870 ne
1687 4818 1747 4872 in

97 4904 266 4949 cruce
295 4901 585 4970 aspiceret
607 4901 1147 4973 Dominum.Etjam
1174 4908 1425 4960 mundus
1444 4906 1566 4977 ipse
1590 4908 1752 4962 testis

102 4992 223 5038 esse
247 5003 366 5042 non
390 4991 696 5051 meruit,ut
712 4990 873 5046 solus
890 4995 1279 5065 aspiceretqui
1301 5000 1749 5064 percussit.Per-

108 5076 283 5129 tussit
314 5076 519 5133 lancea
542 5090 898 5149 persecutor,
932 5087 989 5135 et
1023 5082 1172 5136 fudit
1200 5082 1447 5153 pretium
1484 5090 1749 5139 nostrum

114 5154 909 5238 Redemptorﬂuaudoenim
938 5187 1148 5241 passus
1180 5179 1267 5226 est
1290 5172 1595 5237 Dominus,
1624 5190 1749 5228 om-

118 5258 470 5327 nesapostoli
502 5260 1019 5329 fugerunt,omnes
1043 5260 1197 5315 enim
1234 5262 1607 5317 dimiserunt.
1647 5263 1751 5320 Ubi

118 5347 373 5401 estturba
388 5348 483 5401 illa
499 5365 630 5420 quae
647 5350 954 5403 Dominum
976 5351 1754 5422 praecedebat,illa.inquam,

117 5429 273 5489 lurba
298 5453 427 5508 qua:
473 5436 697 5491 dicebat
733 5454 744 5491 :
778 5438 1033 5494 Hosanna
1063 5439 1186 5508 ﬁlio
1219 5440 1407 5507 David,
1442 5442 1754 5500 benedictus

125 5521 205 5587 qui
234 5529 375 5580 venit
403 5543 463 5581 in
503 5529 727 5580 nomine
761 5527 986 5582 Domini
1014 5528 1232 5599 (Matth.
1269 5547 1308 5597 ι,
1340 5532 1427 5599 29)
1456 5529 1484 5585 ?

180 5614 229 5668 2.
262 5618 477 5671 Passus
494 5622 583 5671 est
619 5616 923 5677 Dominus.
955 5623 1011 5671 et
1042 5635 1245 5674 omnes
1273 5625 1565 5691 luget-unt.
1602 5623 1752 5677 Facti

123 5710 462 5762 luntomnes
486 5706 660 5775 muti,
693 5723 892 5763 amore
923 5706 1137 5779 tepedi,
1174 5710 1375 5764 timore
1405 5712 1754 5778 compressi,

116 5794 281 5867 paulo
302 5803 431 5866 post
448 5796 703 5868 fugiunt.
737 5795 848 5851 Alii
873 5812 1011 5869 ergo
1044 5814 1156 5853 non
1189 5807 1552 5870 agnoverunt
1586 5800 1760 5856 mira-

120 5886 245 5947 cule
262 5885 565 5946 facientem
594 5906 612 5959 ;
638 5887 878 5962 agnovit
905 5885 1055 5945 latro
1086 5887 1148 5948 in
1169 5903 1341 5952 cruce
1372 5889 1756 5965 pendentem,

1843 1946 1976 1991 runt
2002 1938 2280 1993 miracula
2305 1940 2626 2004 iacientem,
2652 1940 2749 1992 ille
2778 1940 3093 1995 crediditin
3119 1941 3489 2010 pendentem.

1842 2026 2178 2082 Consortem
2204 2029 2391 2083 crucis
2428 2028 2737 2083 Dominum
2764 2027 3021 2098 agnovit,
3072 2029 3204 2082 etin
3236 2045 3489 2099 regnum

1844 2116 2119 2170 cmlurum
2148 2116 2287 2170 latro
2313 2116 2600 2171 violentus
2621 2118 2907 2171 credendo
2933 2116 3045 2171 vim
3068 2117 3394 2172 fecit.Tunc
3435 2120 3491 2172 in

1843 2203 2073 2259 Christo
2098 2204 2246 2259 latro
2269 2206 2767 2275 credidit,quanto
2793 2206 2935 2260 tldcs
2958 2206 3277 2273 apostolica
3308 2207 3489 2278 trepi-

1846 2294 2020 2349 davit.
2060 2294 2257 2348 Merito
2299 2296 2503 2348 audire
2549 2298 2765 2348 meruit
2803 2311 2815 2347 :
2847 2294 3014 2350 Hodie
3044 2310 3258 2349 mecum
3287 2297 3399 2349 eris
3431 2297 3487 2351 in

1843 2384 2100 2453 paradiso
2130 2384 2279 2451 (Luc.
2314 2400 2480 2449 xxxii,
2510 2384 2621 2453 45).
2648 2387 2765 2437 Hoc
2796 2386 2949 2438 enim
2981 2383 3361 2455 quidemipse
3379 2385 3492 2437 sibi

1847 2489 1961 2526 non
1980 2473 2822 2544 promiseratMagnaequidem
2843 2473 3255 2528 misericordis:
3276 2490 3337 2528 se
3354 2489 3496 2528 com-

1848 2562 2177 2625 mendabat,
2202 2563 2301 2618 sed
2338 2572 2389 2617 et
2414 2579 2523 2617 sua
2564 2565 2765 2618 merita
2786 2564 3090 2634 cogitabat.
3119 2565 3369 2629 Domine,
3407 2564 3496 2618 in-

1845 2652 1973 2722 quit
1993 2653 2453 2722 tv.4‘2),memenlo
2468 2654 2579 2707 mei
2598 2668 2719 2706 cum
2743 2657 2950 2707 veneris
2975 2652 3035 2708 in
3056 2668 3284 2724 regnum
3305 2658 3485 2707 tuum.

1846 2742 2161 2811 Quousque
2185 2740 2403 2795 veniret
2422 2741 2709 2796 Dominus
2734 2742 2789 2795 in
2816 2758 3061 2813 regnum
3090 2759 3286 2806 suum,
3309 2742 3404 2796 ille
3425 2758 3487 2797 se

1846 2830 1902 2884 in
1932 2831 2116 2897 pcenis
2141 2832 2398 2885 futurum
2424 2834 2717 2903 sperabat,
2736 2842 2782 2887 et
2803 2833 3008 2887 saltem
3035 2832 3090 2886 in
3116 2838 3245 2903 ejus
3271 2834 3483 2886 adven-

1843 2924 1969 2974 tum
2005 2921 2463 2976 misericordiam
2502 2921 2559 2975 in
2592 2937 2655 2975 se
2687 2922 2803 2975 lieri
2840 2920 3157 2983 ﬂagitabat.

1913 3010 1967 3064 3.
1995 3010 2398 3065 Proindelatro
2412 3028 2518 3064 sua
2536 3012 2742 3065 merita
2755 3018 3018 3082 cogitans
3042 3010 3336 3066 differebat
3360 3012 3482 3077 ;sed

1848 3101 2125 3153 Dominus
2149 3097 2356 3155 latroni
2402 3101 2555 3170 quod
2612 3101 3019 3171 desperaverat
3040 3100 3334 3163 otl'erebat,
3363 3106 3490 3153 tan-

1850 3205 2027 3259 quam
2052 3188 2265 3244 diceret
2290 3206 2302 3243 :
2328 3190 2409 3245 Tu
2437 3190 2586 3260 petis
2630 3195 2693 3243 ut
2717 3187 3084 3243 meminerim
3110 3189 3194 3243 tui
3219 3205 3349 3242 cum
3384 3206 3487 3244 ve-

1856 3238 2027 3259 T~———
2056 3238 2265 3244 --η-νν
2290 3238 2302 3243 -
2339 3238 2358 3245 -
2382 3238 2409 3243 —
2437 3238 2583 3260 εσυ-τ
2634 3238 2691 3243 —-
3117 3238 3194 3243 ~—-
3224 3238 3349 3242 -—---
3396 3238 3447 3244 -ν

1766 3238 1812 3307 c
1853 3294 1990 3333 nero
2020 3277 2077 3330 in
2108 3294 2351 3349 regnum
2381 3294 2596 3343 meum,
2622 3283 2679 3332 et
2702 3277 2930 3347 egotibi
2953 3277 3086 3331 dico
3112 3292 3124 3330 :
3148 3277 3339 3333 Hodie
3368 3293 3487 3334 ms-

1846 3384 1968 3423 cum
1981 3369 2091 3422 eris
2105 3367 2717 3435 inparadiso.Agnosce
2731 3367 2822 3421 cui
2840 3372 2893 3420 te.
2907 3383 3032 3421 com
3045 3368 3491 3438 mondas,quem

1848 3457 2038 3513 credis
2071 3465 2401 3511 venturum.
2438 3461 2753 3527 Antequam
2789 3456 3041 3517 veniam,
3078 3456 3298 3528 ubique
3330 3474 3486 3512 sum.

1849 3548 1982 3602 Ideo
2002 3545 2270 3617 quamvis
2302 3546 2357 3599 in
2395 3545 2686 3599 internum
2732 3546 3146 3611 descensurus,
3187 3546 3408 3600 habebo
3436 3554 3486 3600 te

1848 3637 2019 3691 hodie
2039 3651 2263 3690 mecum
2284 3636 2339 3688 in
2373 3635 2786 3705 paradisn,nnn
2803 3634 2967 3688 alteri
2995 3636 3492 3701 commendatum,

1850 3727 1950 3781 sed
1980 3741 2142 3779 mecu
2163 3740 2242 3778 m.
2265 3726 2345 3778 Ad
2375 3725 2649 3779 hominus
2682 3724 2835 3779 enim
2874 3724 3147 3778 mortales
3169 3731 3219 3778 et
3247 3725 3316 3778 ad
3337 3726 3497 3794 ipsos

1852 3821 2113 3868 mortuos
2130 3814 2428 3868 descendit
2452 3812 2750 3868 humilitas
2774 3830 2919 3877 mea;
2937 3814 3006 3867 de
3022 3815 3276 3883 paridiso
3298 3818 3496 3867 autem

1852 3919 2155 3974 nunquam
2183 3902 2447 3957 discessit
2475 3901 2754 3956 divinitas
2784 3901 3018 3957 memlta
3041 3904 3203 3957 factm
3218 3909 3357 3957 sunt
3380 3907 3503 3957 tres

1851 4009 2055 4047 cruces
2088 4001 2201 4047 tres
2232 4007 2422 4046 causae
2459 4007 2471 4046 :
2500 4008 2658 4046 unus
2683 3993 2970 4046 latronum
2994 3992 3224 4047 Christo
3258 3992 3506 4046 insulta-

1852 4081 1950 4135 bat
1974 4080 2293 4147 ;alter,sua
2316 4083 2467 4135 mala
2494 4082 2823 4146 confessus,
2854 4081 3067 4135 Christi
3092 4098 3154 4136 se
3178 4081 3508 4136 misericor-

1851 4170 1959 4224 dite
1980 4170 2448 4225 commendabat.
2486 4169 2637 4224 Crux
2677 4171 2888 4223 Christi
2928 4172 2980 4222 in
3022 4170 3212 4224 medio
3243 4186 3354 4223 non
3392 4169 3503 4226 fuit

1849 4279 1915 4317 su
1928 4260 2335 4333 pplicium,sed
2353 4258 3015 4315 tribunal.ln~ultantem
3044 4258 3361 4325 damnavit,
3382 4272 3503 4313 cre-

1850 4351 2085 4406 dentem
2120 4349 2405 4404 liberavit.
2440 4349 2666 4403 Timete
2699 4346 3074 4412 insultantes,
3101 4347 3349 4417 gaudete
3378 4361 3503 4399 cre-

1850 4440 2076 4494 dentes.
2100 4443 2215 4492 Hne
2241 4439 2407 4490 faciat
2428 4436 2699 4491 Christus
2724 4436 2781 4488 in
2806 4434 3064 4488 claritate
3089 4434 3245 4502 quod
3283 4433 3414 4489 fecit
3445 4434 3505 4489 in

1853 4526 2451 4582 humilitate.Munera
2474 4525 2753 4580 divinade
2780 4525 3325 4593 proluudoveniunt
3345 4523 3508 4594 judi-

1782 4602 1826 4667 D
1859 4618 1967 4672 cio.
2002 4615 2191 4670 Mirari
2246 4632 2312 4670 ea
2347 4629 2662 4685 possumus
2694 4630 2708 4669 :
2772 4612 3125 4685 investigare
3157 4624 3350 4670 autem
3386 4630 3502 4670 non

1859 4708 2145 4770 valemus,
2180 4721 2284 4759 nec
2315 4703 2624 4775 explicare.

2380 4876 2530 4932 509
2563 4875 2809 4931 SERMO
2840 4875 2987 4934 Vlll.

2288 5010 2363 5065 De
2386 5020 2572 5065 sancto
2601 5010 2687 5066 die
2720 5015 3081 5066 Pentecosles.

1937 5172 2406 5227 l.Anniversaria
2426 5171 2768 5227 solemnitas
2784 5170 3105 5242 agiturqua
3120 5168 3509 5224 dieDominus

1862 5268 2063 5317 noster
2083 5262 2219 5317 Jesu
2245 5259 2515 5317 Christus
2532 5262 2814 5329 Spiritum
2842 5265 3112 5314 sanctum
3139 5256 3513 5311 Paracletum

1865 5352 2226 5423 misit.quem
2250 5349 2557 5421 discipulis
2577 5355 2712 5403 ante
2728 5348 3015 5421 promisit.
3051 5346 3285 5402 Dixerat
3308 5346 3460 5399 enim
3495 5361 3507 5398 :

1860 5441 1982 5498 Non
2014 5448 2205 5510 potest
2224 5439 2318 5492 ille
2345 5439 2561 5501 venire,
2599 5437 2707 5493 nisi
2728 5454 2836 5508 ego
2856 5437 3052 5492 abiero
3084 5438 3262 5503 (Joan.
3290 5452 3406 5501 xvx,
3428 5436 3508 5505 7).

1861 5531 2323 5600 Quadragesimn
2339 5528 2534 5596 itaQUe
2552 5528 2643 5580 die
2662 5534 2789 5597 post
2813 5527 3292 5581 resurrectionem
3316 5542 3508 5595 suam,

1863 5622 2033 5692 cujus
2056 5616 2483 5673 solemnitatem
2510 5631 2637 5671 ante
2662 5617 2858 5671 decem
2882 5616 3007 5673 dies
3024 5617 3275 5683 egimus,
3309 5633 3511 5671 ascen-

1865 5712 1951 5767 dit
1969 5710 2022 5762 in
2052 5706 2396 5770 cmlummec
2414 5705 2723 5762 immemor
2747 5706 3180 5778 pollicitationis
3202 5724 3321 5763 sum
3342 5705 3516 5763 hodie

1867 5799 2031 5856 misit
2053 5796 2339 5872 Spiritum
2364 5802 2655 5861 sanctum,
2674 5813 2847 5870 quem
2870 5797 3146 5869 promisit
3175 5804 3410 5852 centum
3435 5797 3517 5854 vi-

1864 5887 2037 5963 ginti,
2066 5884 2167 5963 qui
2187 5884 2365 5949 simul
2388 5884 3361 5965 tuerautoougregati,taudem¢100
3390 5884 3516 5949 Do-
