3848 6324
155 325 257 385 749

1178 332 1507 400 CONTRA
1548 338 1959 402 FABIANUM
2003 340 2509 411 FRAGMENTA.

3433 370 3557 434 750

159 460 287 515 ciant
312 456 587 525 homines,
608 460 797 572 eadem
827 470 879 519 et
894 464 1176 572 vols/acim
1196 468 1313 524 illis
1335 469 1651 541 (Mettium,
1678 472 1790 572 12)ζ
1821 472 1876 539 Α
1904 478 2156 546 praestet.
2191 479 2259 534 Et
2289 482 2472 539 nescit
2498 484 2637 556 quia
2666 503 2801 544 cum
2832 506 3149 564 pauperem
3173 498 3410 572 premit,
3432 503 3550 561 sibi

163 551 276 615 Qua
320 553 520 604 autem
554 550 732 606 vultis
769 557 834 607 ut
864 553 1028 609 vobis
1060 555 1330 613 homines
1380 560 1623 628 faciant,
1681 559 1795 617 nisi

166 637 332 693 bona?
357 637 416 693 Si
447 642 646 694 autem
682 640 836 696 mala
866 644 1031 698 vobis
1058 644 1296 714 faciant,
1323 664 1439 703 non
1465 664 1594 721 quas
1615 650 1793 706 vultis

165 728 379 784 faciunt.
416 729 568 801 Ergo
600 734 658 785 et
688 748 811 798 vos,
844 732 895 787 si
927 734 1150 789 malum
1194 753 1296 807 pro
1329 737 1483 793 malo
1516 739 1793 809 reddatis,

166 818 281 890 quia
308 835 417 873 non
452 836 523 873 ea
569 820 758 875 facitis
805 821 1141 879 hominibus
1175 843 1309 897 qua:
1351 828 1528 883 vultis
1578 829 1793 885 faciant

165 908 445 973 vobis,non
471 908 673 981 utique
697 910 892 967 facitis
914 914 1070 985 quod
1095 916 1360 972 Christus
1384 919 1788 990 praecepit,sed

168 999 297 1070 quod
311 997 581 1055 diabolus
598 1003 905 1070 persuasit.
931 1003 1293 1077 Quapropter
1316 1011 1380 1061 ut
1397 1008 1689 1078 justitiam
1711 1010 1790 1065 ta-

166 1088 309 1143 ciatis
324 1104 501 1160 quam
523 1091 797 1161 precepit
812 1090 1100 1162 Christus,
1112 1094 1216 1150 hoc
1237 1096 1554 1167 impendite
1568 1115 1644 1153 un
1656 1099 1792 1155 icui—

167 1195 262 1249 que
276 1177 519 1245 homini,
544 1181 697 1249 quod
717 1181 881 1235 vobis
898 1182 968 1237 ab
989 1184 1265 1239 omnibus
1285 1186 1626 1244 hominibus
1644 1189 1791 1246 desi-

164 1268 350 1324 deratis
384 1270 667 1340 impendi.
703 1271 796 1326 Sic
829 1272 1053 1329 facietis
1076 1274 1373 1345 judicium
1397 1278 1787 1351 etjustitiam,

163 1359 220 1413 de
246 1358 455 1429 quibus
488 1376 596 1415 nos
626 1359 913 1432 propheta
944 1362 1151 1418 beatus
1178 1365 1503 1422 admonuit.
1540 1368 1788 1425 Facietis

160 1447 291 1502 enim
312 1447 631 1518 judicium,
654 1448 699 1504 si
723 1455 959 1522 peccata
980 1457 1171 1508 vestra
1194 1454 1526 1525 paenitendo
1551 1457 1789 1513 damne-

160 1538 241 1601 tis,
272 1543 324 1592 et
351 1538 693 1594 damnando
725 1544 961 1611 peccata
991 1541 1135 1598 bene
1166 1544 1392 1601 vivatis.
1426 1546 1787 1603 Facietisau-

157 1631 254 1681 tem
273 1627 585 1697 justitiam,
606 1628 656 1684 si
681 1629 827 1683 nulli
847 1630 1067 1686 malum
1091 1649 1193 1704 pro
1218 1634 1372 1690 malo
1396 1636 1784 1705 reddatis,sed

154 1718 406 1774 omnibus
439 1718 786 1775 hominibus
818 1720 972 1777 bona
997 1722 1241 1780 faciatis.
1264 1724 1378 1780 Hoc
1403 1726 1603 1796 utique
1624 1743 1784 1782 com-

1900 567 2321 662 gravissimum
2349 577 2580 645 pondus
2605 578 2881 651 imponit,
2915 599 3019 639 nec
3050 567 3307 645 attendit
3336 567 3473 662 quia
3492 594 3547 652 si

1901 657 2042 748 quid
2066 660 2137 714 de
2154 678 2263 732 pau
2273 680 2407 734 pere
2429 668 2740 739 cogitat,de
2762 672 2957 744 seipse
2975 675 3206 748 cogitat.
3233 657 3369 737 Sihi—
3387 682 3546 742 enim

1900 746 2118 804 bonum
2148 750 2457 824 impendit,
2492 760 2727 828 quando
2760 764 3003 834 pauperi
3035 746 3255 824 bonum
3290 769 3447 828 facit.
3482 773 3544 830 Si

1899 842 2095 929 autem
2130 841 2350 898 malum
2382 846 2601 918 cogitat
2631 849 2816 907 facere
2848 856 3108 925 pauperi,
3143 857 3276 929 plus
3311 862 3548 920 nocebit

1898 924 2011 982 sibi
2043 946 2213 998 quam
2247 935 2510 1006 pauperi.

1967 1018 2018 1111 9,
2051 1018 2274 1111 Donum
2302 1024 2481 1095 igitur
2512 1028 2684 1085 faciat
2714 1030 2873 1087 dives
2906 1036 3167 1106 panperi,
3198 1042 3258 1094 et
3284 1041 3546 1111 proderit

1896 1106 2033 1205 sibi.
2067 1108 2281 1181 Diligat
2312 1114 2797 1188 misericordiam,
2820 1126 2877 1177 et
2895 1138 3025 1179 eam
3045 1106 3547 1205 pauperi-semper

1895 1193 2287 1267 impendat,ut
2306 1201 2433 1272 ipse
2458 1205 2915 1266 misericordiam
2935 1211 2993 1266 in
3018 1193 3113 1270 die
3130 1193 3544 1279 tribulatiohis

1896 1283 2061 1355 (forte
2086 1287 2509 1362 retributionis)
2544 1293 2819 1351 inveniat.
2855 1297 2951 1353 Sic
2997 1315 3055 1356 se
3102 1303 3318 1374 cogitet
3364 1323 3544 1379 super

1896 1373 2194 1431 hominem
2228 1394 2542 1449 pauperem
2579 1384 2857 1453 positum,
2880 1391 2957 1449 ut
2989 1373 3323 1449 meminerit
3343 1411 3407 1451 se
3426 1373 3538 1454 sub

1894 1462 2011 1519 Deo
2039 1465 2215 1522 divite
2245 1470 2654 1526 constitutum.
2688 1473 2813 1529 Non
2856 1491 2990 1549 ergo
3040 1478 3271 1537 dubitet
3318 1482 3543 1542 homini

1895 1554 2135 1624 pauperi
2157 1556 2617 1616 misericordiam
2639 1563 3031 1637 facere,quam
3056 1584 3089 1623 a
3110 1568 3226 1626 Deo
3249 1570 3427 1629 divite
3448 1573 3547 1631 de-

1892 1640 2139 1699 lectatur
2170 1646 2449 1717 accipere.
2484 1649 2843 1708 Recordetur
2881 1671 3009 1712 esse
3040 1662 3221 1714 Deum
3246 1660 3543 1732 judicem,

1893 1732 1990 1802 qui
2020 1732 2194 1788 habet
2213 1739 2488 1791 aeternam
2512 1737 2567 1792 in
2588 1741 2863 1798 omnibus
2883 1745 3363 1814 potestatem.llle
3379 1750 3537 1807 enim

155 1808 369 1910 mendat
398 1808 719 1907 Apostolus
751 1810 982 1910 dicens:
1021 1811 1200 1868 Videte
1220 1830 1288 1869 ne
1315 1817 1441 1886 quis
1456 1816 1669 1871 malum
1682 1833 1780 1888 pro
1810 1844 1858 1910 Β
1891 1824 2045 1879 videt
2073 1825 2335 1882 omnium
2371 1828 2539 1895 facta,
2575 1830 2699 1901 ipse
2722 1808 2903 1890 reddet
2925 1836 3223 1909 unicuique
3239 1840 3537 1897 secundum

152 1898 277 1952 malo
306 1897 481 1954 alicui
508 1899 837 1963 reddat,sed
864 1915 1084 1973 semper
1113 1904 1261 1973 quod
1283 1904 1477 1959 bonum
1503 1911 1579 1962 est
1598 1911 1773 1963 secta-

149 1988 276 2042 mini
296 1989 550 2053 invicem,
576 1992 628 2043 et
659 1987 719 2042 in
746 2004 931 2043 omnes
961 1991 1002 2061 (Ι
1040 1990 1221 2047 Thess.
1256 2010 1307 2060 v,
1344 1994 1452 2063 l5).

1885 1932 2048 1987 opera
2076 1934 2176 1972 sua
2204 1919 2425 1989 (Matth.
2459 1938 2575 1990 xv},
2606 1923 2719 1995 27).
2752 1923 2917 1981 Unde
2962 1928 3247 1984 veraciter
3293 1930 3535 2001 dicitur,

1885 2006 2022 2078 quia
2049 2011 2088 2063 J
2094 2007 2340 2063 udicium
2369 2014 2490 2065 sine
2519 2013 2901 2069 misericordia
2918 2014 3012 2071 illi
3030 2018 3130 2088 qui
3152 2035 3262 2075 non
3279 2020 3415 2091 fecit
3433 2020 3538 2077 mi-

209 2077 255 2131 8.
288 2077 429 2141 Quia
462 2093 595 2132 vero
654 2076 800 2133 bona
850 2095 1026 2181 ppera
1075 2085 1215 2138 tunc
1262 2082 1406 2137 bene
1449 2088 1506 2139 et
1555 2084 1776 2141 utiliter
1882 2076 2245 2151 seiicordiam
2277 2099 2409 2168 (Jac.
2447 2117 2507 2170 ιι,
2542 2101 2627 2168 13)
2659 2107 2716 2157 et
2745 2104 2903 2159 Beati
2930 2076 3338 2177 misericordes,
3385 2125 3529 2181 quo-

153 2166 296 2233 ﬁunt,
327 2183 461 2221 cum
495 2168 567 2221 de
599 2167 751 2222 bona
778 2167 1074 2225 voluntate
1102 2173 1444 2242 procedunt,
1470 2179 1776 2245 propterea

154 2270 264 2309 cum
291 2254 573 2327 propheta
604 2255 845 2311 dixisset
875 2257 1084 2313 debere
1113 2276 1218 2314 nos
1252 2260 1437 2315 facere
1477 2261 1773 2332 judicium

154 2344 512 2413 etjustitiam,
532 2344 781 2399 addidit:
799 2346 860 2399 Et
882 2346 1116 2417 diligere
1133 2350 1605 2405 misericordiam.
1631 2352 1775 2415 Quia

154 2432 593 2489 misericordiam
629 2434 881 2490 maxime
902 2437 1116 2491 debent
1141 2438 1426 2495 sublimes
1449 2440 1775 2496 humilibus

149 2520 482 2593 impendere,
516 2529 575 2579 et
606 2524 812 2580 divites
846 2526 1205 2598 pauperibus
1250 2545 1593 2601 praerogare.
1647 2531 1774 2585 Haec

147 2617 319 2667 autem
342 2613 744 2669 misericordia
762 2615 994 2670 duobus
1013 2616 1376 2687 impenditur
1395 2619 1613 2675 modis:
1640 2635 1774 2675 cum

145 2701 386 2770 peccanti
416 2706 473 2756 et
501 2702 925 2759 correctionem
960 2702 1251 2775 pollicenti
1286 2706 1454 2761 venia
1487 2707 1685 2775 datur,
1720 2712 1777 2763 et

144 2789 557 2862 cumindigenti
577 2791 730 2863 quod
753 2796 846 2847 est
863 2793 1265 2849 necessarium
1283 2810 1396 2849 non
1415 2796 1776 2866 negatur.Ad

142 2881 303 2953 hujus
334 2884 748 2939 misericordias
772 2886 1023 2954 pertinet
1047 2888 1616 2957 partes,utsuperior
1636 2890 1777 2945 infe-

145 2970 337 3026 riorem
370 2989 481 3028 non
516 2973 830 3043 opprimat,
854 2973 957 3029 sed
989 2990 1120 3029 cum
1142 2975 1377 3045 justitia
1404 2976 1695 3049 defendat,
1722 2983 1780 3034 et

147 3061 290 3118 dives
304 3063 539 3135 pauperi
559 3062 704 3118 nihil
721 3080 791 3118 au
802 3063 1074 3131 ferat,sed
1093 3081 1399 3142 pauperem
1418 3072 1781 3138 pascatetve.

148 3154 297 3209 stiat:
323 3159 384 3209 ut
404 3152 647 3225 pauperi
675 3170 788 3209 non
814 3154 1255 3223 insidietur,sed
1279 3173 1412 3212 eum
1436 3157 1633 3229 potius
1655 3159 1778 3215 suis

150 3241 427 3299 beneﬁciis
458 3242 813 3299 consoletur.
848 3244 994 3307 Quid
1026 3260 1161 3317 ergo
1193 3249 1282 3301 est
1312 3248 1465 3316 quod
1498 3264 1561 3303 se
1608 3247 1776 3303 inﬂat

150 3328 305 3385 homo
338 3332 558 3404 fragilis
589 3336 646 3387 et
672 3332 937 3388 mortalis
958 3332 985 3387 ?
1013 3334 1154 3403 quid
1206 3334 1474 3405 superbit
1520 3339 1676 3391 terra
1725 3340 1783 3392 et

152 3418 279 3474 cinis
297 3420 326 3474 ‘l
340 3421 473 3493 quid
495 3438 557 3477 se
575 3438 753 3492 super
770 3438 1084 3492 pauperem
1104 3422 1267 3478 dives
1286 3425 1577 3494 superbus
1594 3425 1779 3480 extol-

156 3506 429 3580 lit?quare
452 3526 764 3582 pauperem
789 3511 1034 3581 despicit
1056 3515 1078 3566 Ρ
1098 3528 1279 3582 quare
1304 3530 1615 3585 pauperem
1644 3530 1777 3586 pre-

156 3597 283 3652 mit?
310 3599 453 3655 576
478 3616 660 3671 quare
680 3600 919 3672 pauperi
945 3617 1177 3671 panem,
1201 3607 1301 3656 aut
1325 3603 1640 3659 tenacitate
1664 3620 1775 3659 non

155 3687 364 3757 tribuit,
394 3695 493 3745 aut
520 3689 835 3760 rapacitate
865 3690 1165 3757 subducit,
1199 3696 1256 3747 et
1284 3690 1367 3746 illi
1396 3692 1487 3747 cui
1515 3692 1686 3748 debet
1710 3694 1780 3748 de

154 3790 247 3831 suo
260 3778 500 3833 multum
519 3778 976 3834 misericorditer
988 3778 1204 3850 aliquid
1221 3781 1295 3849 (a)
1310 3781 1775 3847 dare,modicum

163 3866 288 3929 quod
324 3867 488 3923 habet
518 3865 834 3923 crudeliter
862 3873 1108 3923 conatur
1148 3870 1376 3925 auferre
1398 3870 1425 3923 ‘l
1473 3870 1781 3926 Existimat

162 3954 271 4021 quia
300 3972 426 4011 cum
461 3972 777 4029 pauperem
808 3963 1030 4028 gravat,
1063 3957 1325 4029 seipsum
1361 3957 1595 4016 relevet:
1624 3959 1779 4015 arbi-

165 4047 324 4099 tratur
342 4046 476 4119 quia
493 4063 631 4102 cum
656 4062 971 4118 pauperem
990 4046 1372 4116 tribulat,sibi
1396 4048 1532 4105 boni
1560 4048 1779 4119 aliquid

210 4188 273 4257 (a)
302 4189 431 4246 Haec
462 4206 571 4247 vox
602 4189 828 4261 aliquid
850 4191 1083 4246 videtur
1113 4191 1462 4248 redundare.

1884 2186 2036 2240 niam
2067 2188 2179 2255 ipsi
2209 2187 2659 2246 misericordiam
2684 2197 3081 2266 consequentur
3113 2197 3334 2268 (Matth.
3366 2215 3421 2266 v,
3451 2202 3527 2271 7).

1958 2276 2354 2333 10.Faciamus
2369 2281 2801 2350 ergojudicium
2819 2285 3527 2361 etjustitiam,diligamus

1886 2366 2519 2424 misericordiam.Cum
2545 2372 3045 2442 autemjudicium
3065 2376 3425 2447 etjustitiam
3448 2379 3528 2435 fa-

1885 2455 2570 2523 cimus,misericordiam
2591 2460 3055 2533 diligimus,eum
3076 2465 3190 2521 Deo
3210 2472 3408 2523 nostro
3422 2466 3536 2524 sol-

1886 2544 1977 2599 lici
1990 2550 2042 2600 te
2064 2546 2740 2605 ambulamus.Ambulat
2755 2556 2946 2608 autem
2961 2570 3092 2610 cum
3116 2554 3231 2612 Deo
3248 2556 3348 2628 qui
3362 2558 3535 2615 bonis

1887 2635 2153 2689 moribus
2183 2642 2239 2691 et
2269 2637 2543 2708 operibus
2574 2640 2824 2711 proﬁcit,
2848 2642 2950 2713 qui
2982 2642 3240 2701 cmlestia
3262 2645 3535 2715 terrenis,

1887 2727 1943 2778 et
1972 2728 2189 2779 aeterna
2221 2727 2644 2797 temporalibus
2674 2732 2999 2803 anteponit.
3034 2733 3145 2789 Sed
3196 2739 3427 2807 oportet
3471 2739 3540 2793 ut

1888 2814 2295 2885 unusquisque
2319 2814 2604 2873 sollicitus
2626 2819 2916 2877 ambulet:
2938 2822 2992 2876 id
3017 2826 3197 2887 est.ut
3218 2840 3333 2881 non
3357 2824 3542 2883 altum

1888 2902 2094 2973 sapiat,
2120 2905 2219 2959 sed
2245 2904 2476 2974 timeat;
2500 2912 2562 2961 ut
2584 2910 2921 2980 superbiam
2944 2911 3214 2983 fugiat,et
3230 2914 3367 2970 boni
3390 2913 3543 2972 nihil

1889 2992 2011 3048 suis
2032 2994 2254 3049 meritis
2274 2996 2627 3063 tribuat,sed
2642 2997 2706 3053 in
2724 2999 3001 3055 omnibus
3024 3017 3154 3072 quae
3175 3003 3321 3059 bene
3336 3004 3544 3075 egerit,

1890 3082 1990 3137 Dei
2008 3083 2256 3153 gratiam
2278 3091 2676 3156 recognoscat.
2701 3090 2818 3143 Ista
2842 3087 3175 3144 sollicitudo
3198 3090 3337 3146 facit
3357 3090 3546 3147 homi-

1892 3187 2021 3226 nem
2056 3187 2190 3226 cum
2221 3172 2451 3229 Christo
2485 3192 2587 3246 per
2614 3176 2770 3231 viam
2803 3176 3160 3233 humilitatis
3184 3178 3453 3236 incedere
3481 3183 3541 3238 et

1888 3261 1960 3315 ad
1994 3260 2156 3331 regni
2190 3260 2440 3317 caelestis
2472 3263 2847 3320 altitudinem
2901 3266 3223 3337 pervenire.
3262 3268 3537 3326 Conversi

1890 3365 2026 3421 ergo
2044 3350 2117 3404 ad
2134 3350 2448 3406 Dominum
2470 3352 2685 3424 pariter
2705 3354 2833 3423 ejus
2850 3354 3313 3413 misericordiam
3330 3357 3537 3430 depre-

1890 3455 2111 3508 cemur,
2136 3444 2199 3494 ut
2226 3441 2395 3496 nobis
2418 3458 2583 3497 suam
2614 3443 2861 3514 gratiam
2890 3443 3197 3517 largiatur,
3218 3464 3337 3519 qua
3356 3448 3541 3518 possi-

1890 3546 2025 3585 mus
2045 3531 2103 3583 in
2123 3531 2292 3586 nobis
2308 3532 2755 3602 ipsisjudicium
2775 3540 2997 3591 rectum
3020 3538 3536 3610 tenere,justitiam

1889 3620 2109 3675 caeteris
2140 3620 2433 3691 exhibere,
2468 3626 2545 3692 et,
2576 3622 2882 3692 diligentes
2905 3625 3395 3699 misericordiam,
3420 3646 3537 3687 non

1888 3709 2215 3781 apprimere
2248 3725 2556 3781 pauperes,
2590 3715 2687 3768 sed
2720 3713 2947 3770 fovere:
2997 3719 3061 3771 ut
3110 3716 3170 3773 in
3223 3723 3539 3791 conspectu

1889 3797 2011 3865 Dei,
2026 3798 2116 3852 cui
2137 3798 3024 3877 misericordiamjudiciumque
3041 3810 3346 3863 cantamus
3364 3807 3537 3879 (Psal.

1890 3908 1939 3953 c,
1975 3888 2043 3959 1),
2076 3888 2604 3960 superexaltantem
2634 3892 2855 3962 judicio
2888 3892 3347 3953 misericordiam
3378 3895 3477 3953 inv
3513 3912 3546 3953 e

1892 3976 2017 4031 nire
2048 3977 2366 4048 possimus.

160 4306 2578 4352 Μ

1248 4417 1597 4513 FIDEI
1664 4420 2420 4516 CATHOLIC/E

790 4570 2881 4756 INSTRUMENTA.

1096 4779 1514 4842 EXCERPTA
1557 4784 1662 4842 DE
1705 4784 1969 4844 LIBRIS
2015 4783 2079 4844 S.
2124 4782 2558 4846 FULGENTll

233 4885 753 5024 Contra
811 4889 1227 5029 Gesta
1287 4944 1585 5081 quae
1656 4896 2302 5031 adversus
2372 4950 2667 5034 eum
2739 4896 3441 5037 Fabianus

838 5117 1565 5253 haereticus
1631 5122 2005 5303 falsa
2078 5120 2805 5312 conﬁnxit.

132 5370 241 5439 εκ
274 5386 542 5444 LIBBO
575 5387 629 5443 Ῑ.
665 5389 779 5444 DE
812 5389 1001 5448 UNO
1032 5392 1550 5461 ALTISSIMO,
1578 5392 2521 5459 PARAGLETO,NUNTIO.
2563 5392 2996 5450 DOGTORE
3047 5394 3163 5450 ET
3200 5393 3546 5456 δυβιαε.

561 5513 712 5568 577
753 5513 1252 5569 FRAGMENTUM
1288 5515 1331 5568 l.

118 5589 369 5657 Filiusrt
402 5604 543 5657 Deus
575 5608 678 5668 est,
724 5612 775 5657 et
826 5603 1155 5673 altissimus,
1205 5613 1254 5658 ct
1303 5606 1411 5657 vita
1464 5616 1518 5659 ut
1570 5612 1778 5660 Pater:

266 5692 451 5748 eadem
482 5707 699 5764 quoque
726 5709 849 5748 cum
882 5695 1074 5763 Patre,
1107 5696 1158 5747 rt
1184 5693 1451 5749 similiter
1478 5694 1633 5762 facit.

126 5780 301 5844 Miror
333 5787 557 5857 autem,
593 5797 727 5842 cum
758 5799 829 5842 ex
860 5783 979 5843 illis
1011 5782 1349 5843 nominibus
1381 5788 1559 5858 atque
1590 5784 1783 5856 cperi-

1892 5515 2028 5575 bns,
2066 5531 2167 5584 pro
2215 5519 2311 5569 tuo
2346 5514 2537 5581 libita,
2578 5516 2702 5569 Filii
2735 5521 2791 5570 et
2825 5516 3079 5587 Spiritus
3110 5516 3298 5574 sancti
3341 5518 3553 5577 merita

1898 5604 2183 5669 metiaris,
2220 5606 2510 5676 quomodo
2536 5622 2650 5661 non
2674 5607 2851 5662 etiam
2872 5608 3119 5664 nomina
3138 5607 3240 5665 illa
3256 5624 3552 5683 operaque

1894 5693 2254 5766 consideres,
2280 5696 2496 5767 quibus
2517 5694 2700 5751 Patris
2720 5704 2773 5752 et
2793 5693 2916 5752 Filii
2936 5714 3053 5755 una
3071 5697 3359 5757 celsitudo
3382 5704 3555 5758 natu-

1895 5783 2037 5843 ralis
2069 5784 2421 5844 ostenditur.
2453 5785 2603 5844 Nam
2635 5786 2773 5846 dum
2792 5786 3016 5849 dicitur
3036 5791 3118 5848 :ln
3141 5790 3420 5866 principio
3439 5798 3566 5849 erat
