3848 6344
293 373 408 433 ’151

1300 357 1366 418 S.
1411 353 1827 418 FULGENTII
1870 351 2234 414 EPISCOPI
2279 352 2723 417 RUSPENSIS

3592 355 3699 416 75!

300 505 556 572 Verbum,
583 507 634 556 et
665 498 901 555 Verbum
928 498 1060 551 erat
1087 493 1234 566 apud
1276 497 1473 556 Deum,
1527 495 1580 546 et
1631 495 1772 546 Deus
1818 493 1939 544 erat
1970 491 2022 555 Α
2052 505 2285 561 quoque
2316 507 2562 562 operum
2596 479 2844 546 naturali
2879 490 3185 561 majestate
3209 489 3564 559 concordat;
3585 490 3703 562 ipso

302 596 532 652 Verbum
563 592 746 664 (Joan.
782 605 821 653 ι,
855 590 934 657 1);
967 585 1025 640 in
1059 583 1242 639 nihilo
1275 599 1487 638 nomen
1523 581 1648 635 Filii
1687 597 1720 636 a
1765 577 1950 634 nomi-

298 701 369 740 ne
403 683 590 736 Patris
619 678 820 734 minus
849 691 978 731 esse
1008 672 1412 744 cognoscitur;
1437 686 1567 724 cum
1597 669 1956 736 sicntPater,

295 775 380 830 ita
415 777 472 828 et
498 770 703 836 Filius,
738 767 838 822 Dei
869 764 1104 819 nomine
1137 779 1252 816 non
1276 761 1703 832 privatur.ltem
1729 759 1958 812 Patrem

319 861 590 920 novimus
612 856 966 914 altissimum
987 851 1233 918 dici,sed
1255 850 1464 905 Filium
1489 865 1721 920 quoque
1737 853 1960 902 certum

324 958 410 1008 est
440 951 546 1005 hoc
574 945 810 1003 nomine
840 941 1188 1012 nuncupari.
1221 939 1365 994 Nam
1399 943 1626 993 Patrem
1672 935 1965 991 invenitur

322 1039 552 1099 Gabriel
567 1036 810 1107 angelus
824 1039 890 1088 ad
908 1031 1148 1087 Mariam
1167 1026 1794 1100 loquens,altissimum
1817 1041 1966 1079 nun-

321 1129 606 1202 cupare,5
621 1129 656 1182 7
669 1126 716 1182 8
730 1140 862 1180 cum
877 1122 1182 1178 dicm-Ecce
1197 1121 1432 1188 accipies
1452 1119 1512 1172 in
1530 1125 1763 1182 utero,et
1782 1116 1968 1184 paries

316 1221 579 1294 ﬁtium,et
611 1215 830 1273 vocabis
858 1227 1056 1267 nomen
1083 1210 1200 1280 ejus
1229 1211 1414 1264 Iesum
1463 1210 1568 1262 Hic.
1586 1209 1692 1261 erit
1712 1221 1963 1294 magnus,

316 1292 371 1366 et
399 1309 576 1364 Filius
606 1302 884 1360 Altissimi
911 1300 1195 1356 vocabitur
1219 1298 1369 1367 (Luc.
1405 1314 1443 1362 ι,
1477 1297 1562 1362 31,
1598 1297 1707 1363 32).
1735 1299 1810 1348 De
1837 1292 1965 1364 ipso

314 1415 448 1456 vero
479 1397 622 1452 Filio
650 1395 856 1448 beatus
883 1389 1059 1444 David
1081 1387 1278 1442 divina
1300 1385 1558 1457 repletus
1582 1383 1967 1454 inspiratione

319 1489 404 1545 sic
435 1485 649 1541 cecinit
674 1500 687 1536 :
721 1482 889 1536 Mater
917 1479 1046 1534 Sion
1080 1476 1215 1531 dicit
1241 1494 1253 1530 :
1288 1481 1462 1532 Homo
1486 1477 1668 1546 factus
1697 1481 1773 1528 est
1793 1472 1854 1527 in
1879 1488 1964 1539 ea,

319 1580 370 1634 et
419 1575 534 1647 ipse
560 1569 822 1643 fundavit
867 1585 992 1623 eam
1023 1567 1338 1622 Altissimus
1365 1565 1562 1631 '(Psal.
1615 1579 1838 1626 Lxxxw,
1887 1561 1965 1632 5).

323 1666 466 1732 Quis
495 1667 690 1719 autem
717 1674 955 1730 operum
980 1658 1265 1711 unitatem
1289 1655 1346 1710 in
1368 1659 1531 1708 Patre
1553 1658 1610 1707 et
1632 1652 1772 1706 Filio
1793 1651 1968 1706 dene-

323 1771 461 1828 gare
495 1752 727 1815 audeat,
760 1763 894 1804 cum
923 1747 1050 1818 ipse
1078 1744 1257 1800 Filius
1287 1743 1490 1799 eadem
1532 1759 1707 1812 opera
1737 1757 1866 1795 esse
1913 1744 1971 1794 et

2068 577 2208 634 Filio
2240 579 2508 635 dicente:
2544 581 2692 634 Sicut
2722 581 2875 634 enim
2907 581 3072 635 Pater
3099 580 3330 634 suscitat
3377 588 3618 636 mortuos
3659 591 3711 636 et

2066 669 2324 737 vivi/teat,
2354 673 2433 724 sic
2462 679 2512 724 et
2538 669 2716 724 Filius
2746 685 2877 740 quos
2907 670 3023 724 vult
3055 669 3308 738 viviﬁcat
3329 671 3578 739 (Joan.v,
3599 671 3702 742 2|).

2069 757 2186 811 Hoc
2218 763 2410 812 autem
2436 758 2654 820 dicens,
2690 765 2745 813 et
2778 759 3088 823 unitatem,
3120 764 3177 813 et
3205 762 3524 830 perfectam
3555 767 3704 830 pote-

2070 851 2280 901 statem
2316 851 2566 919 paternae
2597 865 2662 902 ac
2694 865 2812 902 suas
2843 848 3158 904 voluntatis
3179 851 3459 904 ostendit.
3485 851 3605 905 Non
3630 857 3711 908 est

2073 935 2166 990 hic
2187 953 2322 1007 ergo
2344 938 2614 991 voluntas
2639 937 2877 1006 inﬁrmi,
2907 955 3018 991 non
3044 943 3130 992 est
3153 955 3300 1008 opus
3325 939 3513 993 invili.
3540 941 3711 996 Filius

2073 1026 2228 1080 enim
2253 1043 2401 1096 quos
2425 1025 2549 1080 vult
2570 1026 2852 1093 viviﬁcat;
2877 1028 2975 1081 sed
3005 1025 3136 1080 illos
3159 1029 3362 1098 procul
3386 1029 3568 1084 dubio
3590 1031 3716 1084 vivi-

2074 1115 2206 1169 licet
2238 1115 2417 1170 Filius
2449 1131 2598 1186 quos
2628 1114 2883 1170 viviﬁcat
2913 1119 3117 1171 Pater:
3150 1133 3519 1188 quascunque
3564 1120 3714 1174 enim

2076 1208 2246 1258 Pater
2277 1205 2432 1270 facit,
2465 1204 2587 1260 haec
2618 1210 2674 1259 et
2707 1203 2887 1259 Filius
2923 1205 3076 1261 facit.
3097 1204 3191 1260 Sic
3213 1207 3390 1260 etiam
3425 1223 3574 1277 quos
3601 1209 3718 1264 vult

2076 1292 2255 1347 Filius
2280 1292 2550 1361 vivilicat,
2575 1294 2730 1350 579
2754 1294 2905 1348 sicut
2925 1298 3096 1349 Pater
3116 1311 3265 1365 quos
3287 1296 3414 1348 vult
3434 1297 3717 1355 viviﬁeat:

2075 1398 2437 1452 quascunque
2457 1383 2611 1437 enim
2633 1387 2804 1437 Pater
2824 1383 2981 1445 facit,
3006 1400 3120 1436 non
3145 1382 3338 1437 solum
3361 1384 3566 1440 eadem
3589 1387 3719 1441 facit

2079 1470 2281 1534 Filius,
2315 1473 2412 1526 sed
2449 1476 2506 1525 et
2533 1471 2808 1526 similiter
2838 1471 2992 1526 facit.
3033 1471 3097 1525 In
3131 1471 3240 1525 hac
3262 1471 3488 1527 unitate
3505 1475 3716 1545 operis,

2079 1577 2196 1614 una
2220 1559 2491 1615 voluntas
2523 1567 2613 1616 est
2636 1559 3098 1616 naturalis.Nam
3123 1561 3171 1616 si
3195 1578 3264 1615 ea
3286 1577 3415 1632 quae
3443 1562 3613 1618 Pater
3631 1582 3720 1621 vo-

2077 1648 2205 1705 lens
2237 1651 2392 1717 facit,
2429 1651 2646 1707 invitus
2680 1653 2865 1707 facere
2897 1651 3113 1706 dicitur
3135 1651 3339 1718 Filius,
3363 1654 3574 1709 eadem
3597 1656 3721 1726 qni-

2080 1740 2207 1794 dem
2224 1738 2487 1806 facit,sed
2507 1757 2617 1794 non
2635 1741 2893 1795 similiter
2909 1741 3172 1795 facit:sed
3192 1741 3420 1796 Veritas
3437 1743 3727 1816 dicitquia

324 1861 431 1899 sua
462 1840 641 1898 simul
674 1844 731 1893 et
757 1837 947 1892 Patris
967 1833 1285 1890 ostendat?
1306 1832 1397 1887 Ait
1417 1832 1572 1887 enim
1592 1847 1605 1885 :
1627 1831 1971 1900 Quaecunque
2006 1852 2050 1916 Β
2078 1833 2135 1883 et
2151 1829 2352 1883 eadem
2368 1833 2425 1883 et
2444 1829 2716 1884 similiter
2735 1829 3265 1900 facit.Agnoscatur
3285 1848 3424 1904 ergo
3444 1835 3723 1890 naturalis

323 1937 492 1990 Pater
516 1928 656 2001 facit
687 1927 806 1984 hac
835 1925 1020 1981 eadem
1049 1928 1100 1980 et
1129 1921 1310 1979 Filius
1338 1923 1474 1992 facit
1503 1921 1768 1975 similiter
1789 1920 1968 1990 (Joun.

323 2039 378 2089 v,
411 2023 522 2093 19).
555 2019 663 2075 Ubi
695 2015 953 2073 ostendit
985 2014 1138 2069 inter
1170 2017 1396 2068 Patrem
1431 2018 1486 2065 et
1516 2010 1728 2065 Filium
1763 2009 1970 2062 divinis

322 2108 675 2182 operationis
706 2105 922 2169 ofﬁcia,
955 2119 1059 2158 nec
1090 2099 1406 2157 dissimilia
1427 2115 1557 2155 esse
1579 2098 1968 2169 aliquatenus,

328 2215 431 2254 nec
463 2197 671 2252 divisa.
703 2194 811 2257 Qui
832 2192 989 2247 enim
1015 2192 1218 2247 eadem
1251 2195 1306 2244 et
1339 2187 1610 2244 similiter
1639 2187 1797 2252 facit,
1822 2186 1972 2239 sicut

329 2304 443 2344 non
476 2285 611 2350 alia,
645 2284 728 2338 sic
754 2298 871 2336 non
901 2279 1068 2335 aliter
1099 2279 1262 2345 facit;
1293 2278 1431 2332 dum
1455 2292 1584 2331 vero
1609 2290 1973 2346 quaecunque

329 2377 494 2432 Pater
525 2370 810 2436 facit,ha3c
841 2369 1039 2424 eadem
1065 2371 1122 2423 et
1143 2365 1327 2422 Filius
1352 2365 1488 2420 facit
1507 2363 1802 2430 similiter;
1823 2364 1975 2417 sicut

330 2461 478 2518 nihil
507 2464 596 2515 est
626 2460 684 2512 in
716 2457 1052 2528 operatione
1071 2455 1350 2520 divisum,
1375 2453 1457 2509 sic
1481 2451 1623 2508 nihil
1650 2458 1740 2507 est
1759 2452 1973 2506 virtute

327 2551 621 2606 diversum
633 2545 980 2603 .Concordat
992 2560 1129 2614 ergo
1146 2542 1334 2598 Patris
1346 2547 1403 2598 et
1418 2543 1545 2598 Filii
1562 2558 1678 2597 una
1691 2547 1898 2596 natura
1912 2541 1972 2595 in

327 2634 904 2708 unitateoperis,etin
919 2631 1274 2704 operationis
1286 2631 1665 2687 similitudine
1679 2647 1793 2686 una
1806 2631 1927 2685 refu
1939 2631 1979 2683 l-

325 2722 858 2799 getomnipotentia
871 2721 1296 2786 deitatis.Quod
1318 2721 1364 2776 si
1385 2719 1532 2776 alter
1547 2726 1702 2776 Deus
1723 2725 1878 2775 esset
1892 2720 1979 2774 Fi-

325 2816 585 2881 lius,non
609 2813 811 2868 eadem
835 2828 958 2882 quas
983 2811 1148 2866 Pater
1169 2810 1308 2864 facit
1327 2809 1523 2880 etipse
1545 2810 1787 2867 faceret:
1808 2809 1854 2864 si
1877 2825 1976 2863 ve-

332 2921 396 2961 ro
421 2905 608 2959 minor
625 2905 780 2958 esset
801 2900 988 2956 deitas
1013 2898 1296 2970 Filii,quas
1322 2898 1459 2954 facit
1476 2897 1980 2964 eadem,similiter

331 3009 448 3051 non
495 2993 766 3048 fecisset:
799 2990 898 3045 sed
933 2990 1073 3044 dum
1108 2988 1312 3044 eadem
1351 2993 1494 3043 sunt
1526 2987 1714 3042 Patris
1744 2993 1801 3042 et
1851 2987 1975 3042 Filii

333 3099 526 3155 opera,
554 3097 589 3135 a
609 3084 780 3135 Patre
808 3085 866 3134 et
901 3077 1040 3134 Filio
1067 3076 1341 3133 similiter
1369 3076 1543 3142 facta,
1574 3076 1980 3132 indubitanter

335 3169 675 3245 agnoscitur
701 3185 817 3224 una
847 3167 1036 3224 Patris
1069 3167 1315 3238 Filiiqne
1347 3165 1761 3272 natura.lAudi
1785 3165 1978 3264 adhuc
2014 3204 2057 3272 α

339 3259 666 3317 naturalem
697 3257 888 3314 Patris
905 3261 962 3312 et
979 3257 1258 3324 Filii,tam
1280 3256 1336 3310 in
1357 3255 1699 3310 nominibus
1722 3271 1895 3325 quam
1924 3255 1982 3309 in

339 3349 614 3422 operibus
647 3347 953 3402 unitatem.
993 3345 1140 3401 Dicit
1169 3344 1325 3399 enim
1359 3343 1576 3398 Filius:
1625 3344 1779 3399 Sicut
1823 3343 1985 3398 habet

337 3443 508 3498 Pater
531 3436 698 3493 vitam
732 3437 790 3491 in
822 3437 1132 3506 semetipso,
1165 3435 1248 3490 sic
1276 3433 1424 3488 dedit
1451 3443 1502 3489 et
1532 3433 1670 3488 Filio
1692 3432 1860 3488 vitam
1881 3434 1979 3486 ha-

339 3529 461 3584 bere
489 3526 547 3582 in
579 3528 863 3596 semetipso
893 3524 1077 3591 (lbid.,
1106 3523 1220 3593 26).
1254 3523 1372 3578 lloc
1401 3527 1598 3578 autem
1639 3527 1730 3577 est
1755 3527 1983 3577 Patrem

343 3618 485 3674 Filio
506 3618 683 3673 vitam
713 3615 1125 3686 dedisse,quod
1149 3620 1239 3670 est
1261 3616 1437 3669 vitam
1465 3613 1674 3668 Filium
1689 3613 1983 3684 genuisse.

344 3707 507 3763 Dedit
537 3706 694 3762 enim
728 3705 897 3760 Pater
922 3703 1066 3760 Filio
1089 3704 1271 3759 vitam
1305 3702 1519 3758 habere
1550 3703 1606 3757 in
1648 3702 1986 3774 semetipso,

343 3795 448 3851 sed
478 3795 633 3850 sicut
666 3795 852 3858 Pater,
874 3793 1007 3862 jure
1029 3791 1441 3863 generationis,
1469 3808 1584 3846 non
1610 3808 1848 3847 munere
1870 3791 1988 3846 lar—

346 3881 568 3954 gitatis.
604 3881 674 3935 Et
703 3881 832 3934 vide
864 3879 1115 3948 qualiter
1143 3881 1302 3935 dedit
1330 3880 1474 3936 Filio
1494 3879 1671 3935 vitam
1697 3879 1910 3935 habere
1929 3879 1987 3934 in

349 3969 684 4041 semetipso,
709 3968 861 4023 sicut
883 3968 1058 4023 habet
1078 3969 1279 4038 utique
1302 3973 1474 4024 Pater
1491 3969 1668 4024 vitam
1694 3969 1752 4024 in
1775 3973 1989 4024 semet-

350 4061 500 4131 ipso.
532 4058 720 4114 Habet
749 4063 941 4112 autem
973 4057 1144 4112 Pater
1172 4057 1349 4113 vitam
1390 4058 1448 4111 in
1481 4058 1818 4129 semetipso,
1853 4058 1990 4128 quia

344 4153 436 4204 est
468 4146 816 4204 naturaliter
844 4146 998 4203 vita:
1034 4146 1275 4218 proinde
1306 4151 1364 4200 et
1395 4143 1536 4200 Filio
1569 4145 1781 4201 habere
1810 4147 1988 4202 vitam

343 4237 402 4293 in
417 4237 738 4308 semetipso
754 4235 1078 4307 dedit,quia
1093 4234 1173 4290 Fil
1186 4235 1305 4290 ium
1335 4235 1512 4289 vitam
1537 4241 1673 4289 natu
1685 4235 1880 4291 raliter
1891 4252 1986 4307 ge-

341 4327 492 4383 nuit.
518 4327 652 4382 Ideo
681 4325 890 4380 beatus
916 4323 1173 4380 Joannes
1195 4324 1373 4378 vitam
1403 4322 1610 4379 Filium
1638 4339 1751 4378 non
1775 4325 1992 4380 desinit

336 4416 678 4487 praedicare,
710 4415 913 4470 dicens
945 4415 1016 4469 de
1038 4413 1138 4469 illo
1162 4429 1176 4469 :
1208 4413 1312 4468 llic
1331 4422 1409 4469 est
1430 4429 1588 4470 verus
1609 4415 1770 4480 Deus,
1794 4419 1847 4468 et
1869 4415 1989 4470 vita

331 4513 539 4560 aeterna
568 4506 613 4574 (ι
638 4507 803 4560 Joan.
835 4521 890 4570 v,
922 4503 1032 4571 20).
1065 4502 1192 4558 Αἰίο
1224 4519 1456 4575 quoque
1481 4503 1606 4558 loco
1629 4503 1784 4558 sicut
1805 4503 1977 4558 vitam

2087 1917 2364 1984 unitas,et
2377 1919 2702 1988 majestatis
2715 1918 3145 1990 aequalitas,ubi
3161 1935 3262 1974 nec
3278 1923 3333 1974 in
3349 1938 3660 1992 opere,nec
3675 1925 3726 1978 in

2082 2006 2382 2062 voluntate
2413 2013 2604 2078 potest
2631 2024 2761 2063 esse
2791 2008 3118 2063 diversitas.
3147 2008 3261 2064 Cur
3284 2011 3468 2080 igitur
3487 2012 3724 2068 diversi-

2085 2100 2263 2150 tatem
2297 2101 2541 2161 naturzr,
2565 2104 2621 2151 et
2649 2096 2842 2152 nescio
2865 2113 3042 2167 quam
3065 2097 3519 2169 ina-qualitatem
3545 2101 3728 2156 Patris

2085 2200 2151 2239 ac
2184 2183 2332 2252 Filii,
2348 2201 2414 2238 ex
2439 2183 2552 2238 illis
2570 2201 2699 2256 qua:
2719 2186 2966 2254 posuisti
2989 2185 3331 2241 nominibus
3351 2193 3526 2258 atque
3543 2191 3731 2259 operi-

2090 2273 2198 2328 bus
2231 2273 2466 2342 asseris,
2499 2279 2555 2328 et
2585 2274 2976 2344 aequalitatem
3013 2273 3197 2330 Patris
3229 2292 3295 2330 ac
3324 2277 3443 2332 Filii
3476 2295 3548 2332 ex
3599 2280 3731 2335 istis

2087 2380 2213 2433 qua
2246 2364 2695 2417 commemoravi
2728 2362 3071 2419 nominibus
3103 2369 3280 2436 atque
3309 2366 3577 2437 operibus
3611 2385 3727 2423 non

2087 2452 2355 2523 agnoscis
2377 2453 2405 2506 ?

2611 2589 2855 2646 FRAGM
2865 2589 3108 2646 ENTUM
3140 2591 3206 2646 II.

2461 2693 2610 2750 Deus
2641 2701 2809 2751 Pater
2831 2699 3000 2752 etiam
3027 2699 3371 2755 Paractetus.

2163 2814 2245 2867 Tu
2280 2812 2496 2884 quippe
2518 2811 2713 2868 dixisti
2747 2813 2884 2884 quia
2914 2813 3068 2869 Deus
3101 2814 3286 2881 Pater,
3320 2816 3420 2886 qui
3454 2817 3624 2874 nullo
3649 2819 3744 2874 mi-

2091 2901 2492 2973 nor,nullique
2517 2903 2820 2973 subjectus
2838 2902 3051 2968 est,illa
3074 2905 3232 2958 omni
3260 2905 3598 2962 humilitate
3621 2926 3746 2979 ope-

2093 3008 2220 3046 rum
2256 3009 2320 3047 ac
2355 2991 2659 3046 nominum
2685 2996 2861 3047 caret.
2890 2995 2967 3046 Ac
2991 2992 3244 3064 primum
3270 3010 3564 3067 cognosce
3589 2997 3738 3071 quod

2091 3087 2246 3137 Deus
2281 3085 2449 3135 Pater
2477 3097 2590 3136 non
2624 3090 2814 3135 careat
2845 3080 3125 3137 Paracleti
3175 3099 3369 3153 opere,
3403 3089 3472 3140 ut
3521 3102 3594 3140 ex
3646 3089 3744 3141 hoc

2093 3171 2255 3225 dicas
2284 3186 2398 3224 non
2429 3174 2648 3224 certare
2679 3169 2750 3224 de
2782 3169 3034 3225 nomine.
3086 3171 3309 3226 Etenim
3360 3173 3410 3227 si
3465 3175 3522 3228 in
3583 3181 3745 3232 Patre

2095 3259 2430 3330 Opusbujus
2447 3258 2701 3313 nominis
2725 3258 3386 3327 invenerimus,necesse
3409 3279 3526 3318 non
3555 3267 3670 3320 crit
3692 3270 3746 3319 ut

2094 3349 2164 3405 de
2189 3348 2424 3403 nomine
2441 3349 2896 3403 demonstrando
2920 3348 3139 3420 aliquid
3164 3350 3747 3420 disputemus.Para-

2093 3437 2280 3492 cletus
2303 3437 2360 3492 in
2385 3437 2587 3491 Latina
2607 3436 2950 3508 lingua,non
2967 3437 3155 3493 solum
3175 3439 3744 3509 Advocatus,verum

2094 3526 2267 3581 etiam
2300 3525 2639 3580 Consolator
2667 3525 2900 3580 dicitur.
2923 3527 3072 3580 Audi
3095 3542 3231 3598 ergo
3254 3528 3397 3600 quid
3426 3533 3749 3602 Apostolus

2095 3616 2164 3670 de
2201 3617 2311 3670 Deo
2347 3615 2508 3669 Patre
2541 3615 2716 3679 dicat,
2743 3621 2800 3669 et
2828 3631 2895 3670 ex
2923 3632 3055 3670 vero
3104 3616 3525 3674 consolationis
3585 3638 3752 3693 opere

2095 3703 2402 3759 veritatem
2425 3703 2524 3758 Dei
2551 3703 2932 3758 consolatorie
2954 3721 3226 3775 agnosce.
3250 3707 3577 3777 Apostolus
3603 3728 3755 3766 nem-

2097 3809 2166 3866 pe
2197 3794 2461 3849 scribens
2485 3793 2554 3847 ad
2588 3791 2918 3848 Corinthios
2950 3793 3029 3848 ita
3058 3795 3219 3850 dicit:
3246 3797 3590 3854 Benedictus
3622 3802 3759 3857 Deus

2096 3888 2149 3938 et
2178 3885 2345 3938 Pater
2370 3881 2593 3938 Domini
2620 3884 2800 3937 nostri
2824 3886 2956 3939 Jesu
2990 3883 3213 3952 Christi,
3246 3887 3413 3941 Pater
3431 3891 3760 3946 misericor-

2096 3970 2340 4038 diarum,
2373 3981 2423 4027 et
2455 3973 2590 4026 Deus
2617 3971 2788 4026 totius
2824 3972 3234 4040 consolationis,
3283 3974 3382 4046 qui
3429 3982 3758 4035 consulatur

2097 4076 2194 4115 nos
2225 4061 2282 4115 in
2309 4062 2465 4115 omni
2485 4058 2848 4115 tribulatione
2873 4070 3060 4116 nostra
3094 4063 3163 4132 (tl
3193 4061 3318 4117 Cor.
3353 4081 3392 4130 ι,
3445 4065 3529 4135 3).
3590 4069 3754 4134 Quod

2098 4150 2154 4204 in
2188 4153 2381 4204 Greco
2413 4149 2498 4204 sic
2526 4146 3119 4222 ὴαὺθῑυτεΕὐλογητὸς
3138 4149 3308 4211 ὁΘεὸς
3329 4150 3422 4204 καὶ
3446 4157 3754 4230 Πατὴρτοῦ

2098 4235 2301 4306 Κυρίου
2327 4239 2487 4308 ἡμῶν
2519 4237 2700 4305 Ἰησοῦ
2723 4239 2976 4311 Χριστοῦ,
3011 4238 3038 4292 ὁ
3062 4240 3249 4310 Πατήρ
3295 4243 3404 4293 τῶν
3442 4241 3756 4318 οἰκτιρμῶν

2096 4325 2185 4380 καὶ
2209 4326 2340 4386 Θεὸς
2371 4326 2549 4395 πάσης
2580 4324 3031 4399 παρακλήσεως,ὁ
3089 4325 3420 4401 παρακαλῶν
3477 4333 3646 4404 ἡμᾶς
3675 4333 3758 4387 ἐπὶ

2096 4416 2241 4490 πάσῃ
2259 4418 2327 4488 τῇ
2351 4412 2531 4488 θλίψει
2555 4417 2716 4487 ἡμῶν
2741 4417 2818 4487 (in
2845 4417 2989 4472 Bibl.
3016 4416 3328 4489 ὑμῶν).[]ὺὶ
3353 4424 3759 4479 consolationi

2096 4505 2280 4561 Patris
2309 4505 2768 4561 consolationem
2803 4523 3034 4577 quoque
3064 4507 3189 4562 Filii
3213 4508 3759 4586 conjungens,post

334 4593 478 4648 dicit
510 4570 762 4659 Patrem,
795 4593 880 4649 sic
900 4570 1080 4648 vitam
1114 4570 1257 4648 dicit
1280 4598 1338 4648 et
1362 4570 1579 4648 Filium
1608 4610 1621 4661 ;
1656 4592 1734 4648 ait
1782 4591 1976 4648 enim:
2012 4570 2060 4635 D
2091 4594 2391 4666 paululum
2427 4595 2604 4650 dicit:
2639 4570 2913 4663 Quoniam
2940 4570 3084 4651 sicut
3132 4570 3416 4653 abundant
3437 4570 3763 4671 “passione:

333 4681 490 4751 Quod
518 4685 633 4736 erat
664 4683 732 4736 ab
765 4683 949 4748 initio,
979 4682 1119 4752 quod
1153 4683 1495 4749 audivimus,
1547 4681 1689 4752 quod
1737 4683 1980 4737 vidimus

331 4768 511 4825 oculis
540 4770 770 4837 nostris,
793 4771 935 4841 quod
958 4771 1380 4840 inspeximus,et
1401 4788 1598 4827 manus
1619 4781 1831 4829 nostra?
1849 4787 1978 4826 con-

325 4860 696 4916 trectaverun-t
725 4861 789 4915 de
827 4859 996 4915 Verbo
1021 4859 1145 4915 vitm
1176 4863 1217 4931 (I
1247 4863 1403 4917 Joan.
1435 4880 1476 4926 ι,
1511 4865 1578 4932 1).
1611 4862 1840 4916 Scimus
1872 4879 1976 4916 au-

329 4953 442 5004 tem
479 4948 732 5004 Verbum
767 4948 957 5004 Patris
979 4964 1108 5003 esse
1131 4948 1361 5005 Filium.
1385 4953 1531 5005 Cum
1561 4967 1696 5021 ergo
1719 4951 1977 5005 Verbum

321 5039 450 5095 vitas
484 5039 700 5095 dicitur
735 5038 938 5107 Filius,
975 5039 1197 5094 Patrem
1241 5038 1513 5094 videmus
1559 5041 1692 5095 vitae
1741 5041 1978 5097 nomine

321 5129 630 5200 pradicari
645 5171 657 5186 .
672 5135 871 5202 Ipsum
888 5145 1022 5184 vero
1043 5129 1299 5184 Verbum
1320 5127 1655 5193 vitaa,vitam
1679 5128 1739 5184 in
1764 5131 1976 5186 subse-

322 5220 644 5290 quentibus
673 5218 942 5275 nominat
971 5218 1204 5274 dicens:
1239 5217 1304 5272 Et
1334 5219 1452 5273 vita
1480 5219 1665 5288 palam
1693 5221 1851 5288 facta
1875 5227 1972 5290 est,

314 5313 369 5363 et
405 5311 675 5376 vidimus,
703 5315 756 5364 et
785 5311 1074 5376 testamur,
1109 5315 1164 5362 et
1193 5307 1596 5362 annuntiamus
1625 5307 1774 5363 vobis
1803 5311 1973 5364 vitam

315 5407 590 5455 aeternam
619 5414 739 5471 quae
767 5400 891 5453 erat
911 5395 1062 5464 apud
1093 5397 1338 5466 Patrem,
1379 5400 1428 5453 et
1474 5397 1660 5468 palam
1687 5401 1848 5466 facta
1893 5404 1974 5455 est

313 5487 470 5543 nobis
499 5487 690 5558 (Ibid,
721 5486 796 5558 2).
832 5486 974 5540 Ecce
1007 5486 1126 5540 vita
1164 5486 1352 5553 Pater,
1385 5488 1501 5540 vita
1527 5486 1706 5541 Filius
1730 5487 1965 5543 dicitur:

314 5575 451 5644 quia
480 5581 537 5630 et
567 5575 820 5629 Verbum
855 5576 1006 5640 vitas,
1039 5580 1096 5630 et
1123 5575 1242 5630 vita
1276 5575 1454 5631 Filius
1489 5576 1869 5646 praedicatur:
1904 5595 1968 5634 ac

315 5676 419 5731 per
446 5662 552 5713 hoc
568 5662 762 5715 unitas
786 5662 1040 5715 nominis
1064 5661 1121 5714 in
1149 5661 1315 5718 Patre
1339 5663 1602 5734 Filioque
1627 5665 1970 5722 naturaliter

313 5764 429 5803 non
461 5745 790 5817 discrepat;
835 5748 990 5802 unde
1044 5749 1246 5819 utique
1293 5760 1722 5822 consequenter
1773 5755 1965 5811 unitas

2092 4684 2294 4739 Christi
2321 4685 2378 4740 in
2408 4684 2588 4752 nobis,
2621 4685 2700 4738 ita
2728 4689 2781 4739 et
2809 4700 2906 4754 per
2928 4684 3203 4739 Christum
3223 4687 3475 4743 abundat
3493 4696 3765 4749 consola-

2087 4772 2165 4828 tio
2196 4777 2382 4828 nostra
2414 4772 2601 4843 (lbid.,
2632 4773 2707 4844 5).
2746 4773 2825 4828 Ne
2860 4790 2993 4828 vero
3029 4773 3214 4828 Patris
3245 4782 3301 4829 et
3325 4777 3455 4832 Filii
3480 4786 3763 4839 consola—

2091 4863 2309 4918 tionem
2331 4863 2613 4915 diversam
2638 4862 2695 4915 in
2714 4861 2882 4916 nobis
2896 4861 2981 4917 vel
3001 4862 3250 4917 divisam
3271 4865 3760 4936 existimes,andi

2087 4951 2225 5022 quid
2243 4950 2368 5020 ipse
2381 4950 2589 5005 beatus
2614 4950 2927 5020 Apostolus
2949 4951 3597 5013 Thessalonicensibus
3615 4962 3760 5016 scri-

2088 5041 2204 5095 bat.
2223 5039 2373 5094 Dicit
2394 5038 2698 5106 enimzlpse
2717 5043 2901 5094 autem
2924 5039 3191 5096 Dominus
3212 5051 3396 5097 noster
3409 5045 3578 5102 Iesus
3600 5051 3762 5106 Chri-

2082 5137 2216 5194 stus,
2251 5136 2301 5183 et
2333 5129 2472 5183 Deus
2500 5131 2554 5182 et
2582 5129 2748 5182 Pater
2778 5129 3084 5199 noster,qui
3110 5129 3316 5184 dilexit.
3346 5148 3468 5201 nos,
3502 5143 3566 5192 et
3607 5139 3760 5194 dedit

2084 5217 2518 5274 consolationem
2547 5220 2893 5284 aeternam,et
2914 5234 3066 5286 spem
3087 5218 3285 5274 bonam
3306 5220 3366 5276 in
3387 5236 3760 5294 gratia,con-

2079 5309 2290 5365 soletur
2311 5308 2478 5361 corda
2506 5312 2708 5374 vestra,
2733 5316 2784 5360 et
2796 5307 3083 5377 conﬁrmet
3109 5308 3166 5362 in
3190 5312 3352 5365 omni
3371 5328 3545 5384 opere
3568 5326 3629 5374 et
3648 5335 3762 5375 ser.

2081 5413 2240 5453 mone
2273 5395 2407 5450 bono
2440 5396 2513 5450 ill
2537 5395 2710 5449 Thess.
2747 5411 2808 5459 ιι,
2844 5395 2955 5465 16).
2990 5396 3149 5460 Quod
3187 5403 3387 5454 autem
3426 5401 3523 5458 hic
3552 5411 3755 5476 posui,

2078 5482 2671 5542 consoletur-nonnulli
2688 5484 2820 5537 cord
2834 5484 2946 5538 ices
2964 5484 3144 5538 Latini
3162 5485 3753 5564 exhorteturhabent;

2078 5576 2178 5633 sed
2215 5575 2333 5628 sive
2365 5573 2472 5626 hoc
2503 5572 2597 5634 sit,
2635 5571 2753 5626 sive
2776 5570 2942 5641 illud,
2965 5573 3101 5643 quia
3127 5579 3184 5629 ct
3211 5580 3548 5638 consolatio
3571 5592 3635 5640 ct
3659 5605 3754 5641 ex-

2076 5663 2330 5722 hortatio
2362 5662 2514 5734 apud
2548 5665 2776 5716 Graecos
2806 5657 3148 5735 παράκλησις
3187 5666 3425 5735 dicitur,
3465 5671 3609 5729 ideo
3646 5693 3752 5732 nos

2075 5757 2184 5813 hoc
2217 5752 2522 5829 posuimus
2541 5755 2604 5806 ut
2625 5766 2803 5806 unam
2827 5751 3283 5809 consolationem
3309 5753 3436 5814 sive
3457 5761 3754 5822 exhortao
