3918 6222
381 410 503 474 ⁸189

810 542 964 599 588
992 541 1490 600 FRAGMENTUM
1519 542 1617 598 VI.

394 648 643 722 Christus
661 664 774 722 pro
799 648 954 722 nobis
970 650 1296 722 interpellat
1320 658 1381 707 ut
1409 650 1570 705 homo
1599 652 1650 722 et
1673 654 1747 722 ut
1763 646 2033 704 sacerdos.

464 719 616 794 Quid
630 719 771 776 illud
787 721 933 794 quod
956 719 1017 777 in
1035 719 1306 794 Spiritum
1330 732 1577 778 sanctum
1597 720 1917 777 desiderant
1933 735 2037 775 an-

462 793 576 865 geli
598 792 941 865 prospicere.

463 898 590 956 Non
614 898 796 972 igitur
816 898 1000 972 gemit
1021 899 1273 972 Spiritus
1296 899 1707 971 sanctus,quia
1734 897 1792 953 in
1827 901 2039 953 natura

388 989 518 1061 ejus
537 987 736 1045 divina
746 993 802 1045 et
817 988 1378 1045 incommutabiliter
1394 988 1753 1060 beata,nulla
1767 985 2039 1061 gemendi

390 1080 584 1151 potest
612 1092 741 1135 esse
773 1077 1031 1134 miseria.
1052 1078 1163 1133 Sed
1182 1081 1244 1133 tu
1266 1079 1515 1150 opponis
1538 1077 1708 1133 nobis
1730 1077 1869 1149 quia
1886 1074 2043 1129 Chri-

390 1170 522 1223 stus
551 1182 656 1238 pro
678 1166 849 1222 nobis
866 1171 993 1222 orat
1023 1184 1036 1222 :
1060 1168 1216 1238 quod
1242 1183 1346 1222 nos
1366 1167 1707 1222 nullatenus
1730 1180 2039 1237 negamus,

389 1255 639 1312 scientes
693 1255 1040 1325 Apostolum
1071 1256 1289 1312 dixisse
1314 1272 1328 1311 :
1366 1256 1499 1325 Quis
1528 1254 1810 1311 awusabit
1840 1254 2042 1309 electos

394 1343 496 1400 Dei
523 1344 552 1399 ?
580 1345 742 1415 Deus,
782 1346 884 1415 qui
910 1344 1203 1415 justiﬁcat.
1238 1346 1369 1414 Quis
1421 1348 1498 1401 est
1555 1361 1651 1418 qui
1674 1342 2045 1399 condemnet?

398 1432 645 1488 Christus
661 1434 839 1500 Jesus,
867 1435 967 1504 qui
995 1437 1249 1490 mortuus
1268 1441 1368 1501 est,
1397 1435 1507 1489 imo
1524 1435 1620 1504 qui
1637 1437 1691 1487 et
1713 1434 2041 1499 resurrexit,

396 1521 495 1594 qui
520 1530 602 1577 est
631 1524 701 1577 ad
728 1521 1010 1578 dexteram
1033 1522 1149 1593 Dei,
1170 1525 1268 1594 qui
1280 1522 1447 1579 etiam
1469 1522 1792 1594 interpellat
1815 1538 1915 1594 pro
1943 1538 2043 1577 no-

400 1607 481 1664 bis
504 1609 683 1681 (Rom.
705 1626 829 1679 νιιι,
856 1611 947 1678 33,
966 1611 1078 1681 34).
1105 1610 1441 1682 Interpellat
1455 1610 1639 1682 igitur
1653 1608 1921 1665 Christus
1940 1626 2042 1680 pro

398 1697 592 1767 nobis,
651 1700 978 1756 secundum
1003 1698 1166 1755 illam
1210 1704 1482 1755 naturam
1515 1716 1693 1770 quam
1725 1698 1947 1768 accepit
1975 1712 2045 1752 ex

399 1787 571 1845 nobis
590 1804 798 1860 :quam
815 1793 1087 1845 naturam
1108 1788 1249 1860 quia
1269 1805 1385 1845 non
1410 1788 1627 1861 accepit
1646 1787 1904 1861 Spiritus
1918 1803 2048 1842 san-

400 1880 553 1945 ctus,
584 1876 918 1934 nullatenus
950 1895 1052 1950 pro
1078 1878 1247 1934 nobis
1273 1878 1608 1951 interpellat
1628 1882 1731 1934 aut
1764 1875 2041 1949 postulat.

401 1966 512 2024 Sed
535 1968 689 2039 quod
705 1969 1031 2024 secundum
1058 1968 1303 2024 formam
1324 1968 1472 2023 servi
1490 1967 1649 2023 solus
1671 1968 1850 2022 Filius
1865 1969 2044 2022 inter-

404 2056 724 2131 pellat,hoc
742 2059 1070 2114 secundum
1098 2058 1420 2113 divinitatis
1444 2074 1624 2113 unam
1647 2071 2055 2112 communem-

409 2161 523 2219 que
572 2151 864 2215 naturam,
894 2163 1030 2202 cum
1064 2149 1229 2201 Patre
1266 2151 1324 2203 et
1353 2146 1493 2201 Filio
1525 2146 1782 2216 Spiritus
1812 2148 2054 2201 sanctus

409 2236 607 2292 donat.
640 2239 789 2291 Nam
819 2240 877 2290 et
923 2236 1049 2306 ipse
1079 2235 1349 2292 Christus
1377 2234 1550 2290 Jesus
1581 2251 1683 2305 pro
1713 2233 2054 2290 hominibus

407 2323 748 2380 nullatenus
777 2327 990 2391 oraret,
1020 2325 1070 2379 si
1101 2324 1273 2380 homo
1306 2340 1420 2378 non
1452 2323 1636 2378 fieret.
1662 2323 1770 2377 Sed
1795 2328 1923 2378 orat
1948 2339 2053 2394 pro

404 2412 577 2469 nobis
606 2428 677 2468 ex
721 2412 913 2468 olﬁcio
945 2414 1289 2469 sacerdotis.
1320 2412 1444 2467 Non
1472 2417 1664 2467 autem
1701 2416 1891 2483 potest
1919 2428 2055 2467 vera

403 2501 724 2558 sacerdotis
758 2500 1007 2557 inveniri
1038 2518 1310 2573 persona,
1344 2500 1444 2557 ubi
1467 2517 1579 2556 non
1603 2506 1694 2556 est
1714 2500 2052 2557 humanitas

399 2606 553 2646 vera.
580 2590 907 2661 Apostolica
932 2590 1150 2662 quippe
1166 2595 1419 2646 testatur
1442 2591 1923 2661 auctoritas,quia
1944 2606 2055 2645 om-

402 2682 498 2737 nis
524 2682 782 2753 pontifex
810 2698 881 2736 ex
909 2680 1225 2736 hominibus
1242 2690 1575 2753 assumptus,
1605 2698 1704 2753 pro
1733 2681 2053 2737 hominibus

397 2771 780 2840 constituitur,
810 2770 869 2826 in
890 2771 976 2826 his
995 2786 1122 2843 quae
1147 2780 1275 2826 sunt
1297 2771 1368 2827 ad
1386 2772 1574 2839 Deum,
1594 2781 1654 2827 ut
1682 2771 1882 2843 offerat
1909 2771 2050 2827 dona

396 2869 449 2918 et
481 2858 756 2930 sacriﬁcia
778 2875 877 2932 pro
898 2860 1142 2930 peccatis
1164 2861 1356 2931 (Hebr.
1391 2879 1445 2927 v,
1481 2860 1665 2932 1).Ills
1688 2865 1882 2916 autem
1912 2860 2053 2915 Pon-

400 2950 540 3007 tifex
561 2966 631 3005 ex
652 2949 994 3005 hominibus
1016 2953 1378 3021 assumptus.
1402 2953 1466 3004 ut
1485 2965 1614 3004 vere
1637 2966 1739 3020 pro
1764 2948 1931 3003 nobis
1960 2949 2049 3004 of-

401 3039 947 3097 ferretsacrilicium
968 3039 1435 3108 mundum,nibil
1461 3039 1619 3095 aliud
1645 3038 1852 3095 obtulit
1870 3056 2048 3110 quam

296 3186 297 3189 η
400 3129 687 3202 seipsum.
712 3130 817 3186 Illa
835 3130 1016 3202 igitur
1038 3128 1280 3198 oblatio,
1305 3134 1447 3202 puta
1470 3129 1658 3184 sancti
1683 3133 1736 3184 et
1755 3128 2049 3201 impollnti

400 3219 721 3284 Pontiﬁcis,
752 3221 882 3293 ipsa
909 3237 1011 3292 pro
1037 3220 1204 3276 nobis
1227 3225 1318 3277 est
1339 3219 1691 3276 exaudibilis
1714 3220 1899 3275 oratio
1921 3218 2044 3275 Sal-

395 3309 784 3365 vatoris.ldeo
810 3310 1135 3366 secundum
1172 3310 1322 3365 beati
1344 3308 1591 3365 Joannis
1615 3308 1865 3382 apostoli
1898 3313 2043 3365 atte-

396 3398 706 3455 stationem
732 3416 745 3455 :
771 3398 1104 3454 Advocatum
1137 3398 1400 3454 habemus
1422 3398 1569 3470 apud
1598 3405 1823 3454 Patrem
1846 3402 2041 3455 Jesum

396 3487 678 3544 Christum
696 3488 995 3558 justum,et
1026 3490 1143 3558 ipse
1170 3492 1250 3544 est
1281 3491 1530 3545 exoratio
1558 3505 1663 3560 pro
1689 3491 1927 3560 peccatis
1949 3504 2041 3545 no-

392 3579 523 3632 stris
551 3578 603 3650 (I
633 3578 793 3634 Joan.
827 3594 891 3642 ιι,
953 3579 1025 3647 1).
1061 3577 1168 3641 Qui
1200 3583 1396 3633 tamen
1429 3594 1676 3650 surgens
1706 3596 1738 3634 a
1769 3579 2039 3649 mortuis,

393 3666 534 3738 quia
557 3682 671 3722 non
700 3666 1034 3732 moritur,et
1056 3682 1215 3720 mors
1235 3667 1287 3721 ei
1306 3666 1463 3721 ultra
1482 3683 1595 3723 non
1619 3667 2040 3735 dominabitur,

395 3769 602 3810 carens
634 3753 980 3809 infirmitate
1011 3769 1077 3807 ac
1111 3753 1486 3823 mortalitate,
1513 3754 1767 3811 simulet
1795 3772 2041 3811 moerore

394 3841 582 3897 caruit
599 3849 653 3897 et
684 3840 904 3898 dolore.
932 3841 1180 3897 Proinde
1209 3849 1266 3898 et
1283 3844 1486 3899 orandi
1513 3860 1711 3898 verum
1738 3861 1840 3915 pro
1870 3846 2039 3901 nobis

394 3930 545 4003 gerit
566 3929 847 3999 officium,
862 3934 1123 3985 ettamen
1138 3948 1252 3986 non
1268 3933 1468 4004 gemit.
1488 3934 1737 3987 Securus
1758 3933 1912 3989 enim
1937 3950 2038 4006 pro

394 4020 565 4077 nobis
581 4018 949 4091 interpellat:
974 4019 1113 4092 quia
1128 4036 1231 4092 pro
1245 4020 1363 4077 illis
1386 4022 1587 4093 utique
1606 4023 2039 4096 poscit,quibus

391 4109 644 4168 salutem
656 4109 876 4167 donare
898 4109 1177 4182 disponit.
1197 4110 1543 4167 Nullatenus
1561 4111 1748 4185 itaque
1769 4113 2037 4170 Christus

1383 409 1448 471 S.
1493 409 1929 473 FULGENTII
1970 404 2317 469 EPISCOPI
2364 406 2811 470 RUSPENSIS

2067 540 2120 606 Α
2152 540 2354 613 gemit,
2388 541 2527 597 dum
2559 536 2897 611 interpellat
2931 550 3034 607 pro
3062 529 3429 603 nobis:quia
3456 530 3617 602 quod
3633 529 3810 586 habet

3686 398 3807 460 760

2146 645 2217 684 ex
2243 629 2613 687 humanitate
2643 627 2838 685 carnis
2873 630 2936 681 ut
2968 628 3143 697 petat,
3196 622 3375 678 habet
3392 637 3464 676 ex
3490 622 3803 691 majestate

2146 718 2474 775 divinitatis
2501 725 2566 775 ut
2595 719 2840 775 tribuat.
2875 714 2936 772 Si
2960 731 3093 771 vero
3110 714 3386 770 meritum
3414 710 3605 768 sancti
3624 709 3806 779 Spiri-

2147 812 2246 864 tus
2262 825 2331 865 ex
2342 809 2536 865 divina
2554 808 2861 880 Scriptura
2881 804 3050 878 cupis
3076 801 3556 875 agnoscere,vide
3574 800 3719 871 quid
3742 800 3807 853 de

2148 896 2248 954 illo
2282 899 2487 955 Petrus
2517 897 2823 970 apostolus
2853 896 3047 963 dicat;
3081 895 3204 964 ipse
3234 890 3393 947 enim
3428 890 3514 945 ait
3548 908 3560 945 :
3594 890 3807 960 Spiritu

2147 996 2333 1044 sancto
2390 990 2559 1045 misso
2605 987 2672 1043 de
2699 987 2855 1053 calo,
2880 985 2941 1040 in
3001 999 3161 1056 quem
3186 982 3591 1053 concupiscunt
3620 979 3809 1050 angeli

2148 1080 2457 1149 prospicere
2486 1078 2533 1148 (1
2564 1083 2717 1133 Petr.
2753 1094 2793 1141 ι,
2828 1075 2937 1138 12).
2971 1074 3074 1129 Hic
3104 1076 3258 1128 certe
3278 1086 3415 1126 cum
3458 1068 3636 1125 audis
3670 1067 3808 1139 Spi-

2152 1168 2332 1223 ritum
2356 1172 2625 1223 sanctum
2644 1166 2715 1221 de
2736 1164 2878 1220 ccelo
2910 1164 3187 1228 missum,
3211 1177 3327 1216 non
3351 1163 3441 1215 est
3461 1174 3639 1229 quem
3663 1157 3808 1212 acci-

2152 1256 2283 1330 pias
2301 1255 2417 1312 nisi
2430 1256 2711 1327 Spiritum
2725 1252 3092 1309 Paracletum
3105 1295 3117 1307 .
3140 1253 3430 1305 Memento
3452 1252 3652 1303 autem
3667 1246 3803 1317 quid

2153 1345 2256 1402 Dei
2278 1344 2456 1401 Filius
2479 1344 2548 1400 de
2569 1344 2793 1417 angelis
2818 1341 3145 1413 dicat.quia
3160 1355 3375 1410 semper
3402 1337 3594 1393 vident
3613 1337 3807 1406 faciem

2153 1436 2337 1490 Patris
2366 1434 2583 1499 (Matth.
2640 1450 2801 1503 xvm,
2854 1432 2943 1502 10)
2966 1448 2980 1498 ;
3006 1429 3104 1500 qui
3145 1434 3340 1483 tamen
3365 1427 3425 1482 in
3448 1427 3605 1484 587
3636 1424 3808 1497 Spiri-

2152 1529 2277 1579 tum
2298 1527 2566 1579 sanctum
2586 1522 2918 1594 prospicere
2934 1517 3557 1591 eoncupiscuut.0uod
3575 1516 3626 1571 si
3650 1514 3807 1571 audi-

2155 1630 2248 1669 res
2275 1613 2415 1684 quia
2446 1611 2635 1667 sancti
2655 1610 2844 1683 angeli
2866 1608 3070 1665 faciem
3092 1607 3280 1663 sancti
3312 1605 3576 1677 Spiritus
3592 1606 3803 1671 vident,

2154 1707 2214 1758 et
2244 1702 2302 1758 in
2335 1702 2563 1757 Patrem
2597 1702 3026 1772 concupiscunt
3056 1697 3411 1770 prospicere,
3443 1712 3646 1752 nonne
3676 1695 3802 1750 hinc

2155 1806 2448 1847 assereres
2464 1788 2652 1845 multo
2668 1789 2951 1861 potiorem
2976 1791 3204 1843 Patrem
3216 1784 3543 1857 ,quiaSpiri
3555 1795 3650 1840 tus
3672 1801 3768 1839 san
3781 1812 3801 1824 -

2157 1885 2285 1936 ctus
2309 1879 2554 1950 videtur,
2570 1879 2737 1934 Pater
2757 1881 2952 1933 autem
2971 1876 3158 1947 magis
3170 1874 3619 1945 concupiscitur
3636 1890 3798 1943 quam

2160 1970 2391 2025 videtur
2408 1968 2435 2023 ?
2449 1973 2572 2024 Non
2588 1973 2781 2023 autem
2800 1967 3098 2037 Scriptura
3118 1964 3317 2020 divina
3342 1973 3654 2035 propterea
3668 1962 3802 2018 dixit

2162 2060 2386 2115 Patrem
2402 2056 2671 2127 videri,et
2683 2056 2967 2128 Spiritum
2983 2072 3086 2111 san
3095 2069 3253 2110 ctum
3268 2053 3600 2125 concupisci
3627 2058 3693 2108 ut
3706 2069 3800 2125 po-

2161 2148 2366 2204 tiorem
2392 2146 3020 2218 ostenderetSpiritum
3039 2149 3312 2201 sanctum
3339 2144 3518 2214 (quod
3546 2143 3714 2199 nefas
3726 2146 3803 2198 est

2158 2238 2338 2309 dici):
2370 2238 2470 2293 sed
2504 2236 2614 2293 hoc
2644 2237 2890 2293 dicendo
2921 2233 3318 2306 aequalitatem
3351 2234 3521 2289 nobis
3544 2233 3804 2288 insinuat

2157 2327 2349 2382 Patris
2368 2332 2423 2383 et
2453 2326 2706 2398 Spiritus
2738 2325 2949 2381 sancti.
2974 2324 3048 2380 Ut
3076 2342 3143 2380 ex
3176 2324 3284 2379 hoc
3305 2322 3453 2394 quod
3483 2320 3677 2393 angeli
3707 2321 3801 2375 di-

2158 2422 2370 2471 cuntur
2384 2417 2609 2471 Patrem
2629 2416 2910 2483 videre,in
2929 2414 3213 2485 Spiritum
3231 2429 3366 2469 vero
3378 2417 3654 2468 sanctum
3671 2427 3802 2467 con—

2157 2505 2478 2577 cupiscunt
2508 2505 2838 2576 prospicere
2863 2521 2877 2571 ;
2901 2504 2970 2558 ad
2992 2503 3101 2558 hoc
3144 2502 3313 2557 nobis
3334 2502 3445 2557 iste
3461 2516 3658 2556 sermo
3680 2515 3797 2571 pro-

2158 2593 2707 2665 ﬁciat,utSpiritum
2730 2597 2997 2648 sanctum
3015 2607 3189 2663 quem
3213 2589 3507 2646 veraﬁdes
3530 2589 3796 2660 potiorem

2156 2687 2325 2739 Patre
2359 2700 2472 2738 non
2491 2682 2949 2755 potestcredere;
2985 2681 3317 2737 nullatenus
3334 2677 3793 2735 audeatinferioo

2156 2792 2280 2831 rem
2312 2778 2558 2847 profana
2586 2773 2901 2829 inﬁdelitas
2928 2773 3238 2828 aestimare.
3280 2770 3408 2827 Una
3436 2777 3532 2827 est
3558 2770 3717 2827 enim
3743 2768 3795 2823 in

2155 2867 2380 2921 sanctis
2413 2862 2639 2935 angelis
2688 2863 3033 2919 indeﬁciens
3061 2861 3209 2917 visio
3240 2866 3296 2916 et
3323 2858 3794 2932 concupiscentia

2156 2953 2490 3020 Trinitatis,
2558 2968 2734 3023 quam
2769 2953 2972 3023 utique
3002 2967 3235 3021 semper
3272 2957 3325 3005 et
3355 2949 3721 3022 prospiciunt
3747 2950 3793 3001 et

2155 3041 2494 3115 prospicere
2524 3039 3205 3112 concupiscuntJdcirco
3227 3043 3425 3094 autem
3449 3038 3531 3093 ibi
3555 3039 3626 3094 dc
3643 3051 3793 3109 sym-

2159 3148 2253 3187 mo
2288 3132 2466 3197 bono,
2497 3130 2556 3185 id
2587 3136 2677 3186 est
2728 3147 2845 3186 uno
2875 3146 3010 3185 vero
3038 3134 3097 3185 et
3122 3130 3287 3185 beato
3317 3129 3435 3184 Deo
3468 3145 3701 3201 semper
3724 3126 3794 3180 vi-

2160 3220 2484 3291 vitur,quia
2505 3236 2738 3292 semper
2754 3220 2987 3275 videtur
3003 3234 3353 3289 semperque
3374 3224 3635 3274 amatur.
3650 3216 3793 3272 Sicut

2158 3326 2295 3382 ergo
2318 3310 2605 3366 visionem
2623 3309 2785 3364 illam
2808 3308 2943 3366 facit
2963 3324 3127 3364 amor
3148 3324 3264 3364 non
3283 3307 3795 3375 deﬁcere,sicamo—

2157 3416 2276 3455 rem
2306 3398 2446 3454 facit
2462 3399 2607 3454 visio
2626 3413 2985 3469 permanere.
3004 3399 3138 3453 Ideo
3156 3402 3351 3452 autem
3375 3412 3542 3452 amor
3562 3395 3657 3451 ille
3691 3410 3791 3449 non

2156 3488 2491 3560 deponitur,
2527 3487 2783 3560 quiailla
2811 3487 2959 3543 visio
2987 3502 3100 3542 non
3136 3489 3795 3557 mutanturzpropterea

2153 3595 2286 3635 vero
2310 3578 2411 3635 illa
2437 3578 2581 3634 visio
2597 3593 2709 3633 non
2737 3576 3168 3647 mutatur,quia
3196 3574 3679 3632 incommutabile
3704 3573 3793 3627 bo-

2156 3684 2296 3724 num
2322 3669 2571 3738 estquod
2595 3667 2840 3723 videtur.
2870 3665 2973 3721 illa
2990 3665 3172 3737 igitur
3192 3665 3669 3736 concupiscentia
3682 3678 3789 3735 per-

2154 3758 2461 3828 spiciendi,
2485 3774 2600 3812 non
2631 3760 2723 3812 est
2751 3756 2878 3812 sine
2907 3755 3109 3810 laetitia
3145 3755 3505 3827 perfruendi.
3532 3752 3683 3811 Nihil
3712 3754 3789 3807 est

2150 3847 2307 3901 enim
2342 3851 2545 3903 sancta
2572 3845 2859 3901 Trinitate
2889 3844 3144 3914 dulcius,
3179 3844 3329 3901 nihil
3362 3844 3627 3913 suavius;
3661 3841 3782 3915 quia

2148 3935 2295 3990 nihil
2326 3940 2415 3991 est
2445 3934 2679 3991 melius.
2705 3935 2844 3991 Inde
2865 3934 3081 3990 habent
3102 3934 3295 4007 angeli
3315 3934 3779 3999 azternitatem,ut

2145 4024 2550 4081 indeﬁcienter
2570 4024 2788 4094 vivant;
2806 4024 2940 4081 inde
2963 4024 3361 4091 veritatem,ut
3378 4023 3686 4079 manifeste
3705 4022 3777 4074 vi-

2151 4115 2367 4183 deant;
2398 4114 2534 4170 iude
2564 4115 2885 4184 caritatem,
2907 4118 2971 4169 ut
3002 4112 3254 4169 ﬁdeliter
3281 4112 3718 4185 concupiscant.

753 4350 872 4408 EX
908 4350 1180 4408 LIBRO
1220 4350 1339 4409 ΙΙΙ.
1380 4350 1500 4408 ΒΕ
1541 4350 1732 4409 UNO
1773 4352 2037 4409 IMMB]

2145 4353 2195 4410 0
2236 4352 2349 4409 ET
2389 4351 2753 4410 DOMINO
2792 4352 2971 4409 ΠΕΟ
3012 4351 3398 4409 NOSTBO.

873 4477 1377 4536 FRAGMENTUM
1413 4478 1536 4535 VII.

387 4569 519 4637 Qua
546 4566 663 4623 sint
688 4566 920 4640 propria
941 4569 1292 4639 singularum
1327 4567 1619 4625 Trinitatis
1641 4584 2030 4640 personarum.

457 4662 768 4713 Possumus
780 4656 939 4712 enim
956 4656 1175 4728 aliquid
1197 4658 1268 4713 de
1282 4657 1537 4729 singulis
1551 4658 2035 4714 veraciterdicere

385 4746 544 4819 quod
568 4746 639 4800 de
683 4749 804 4801 tota
824 4761 942 4801 non
965 4745 1264 4816 possimus
1294 4746 1487 4803 dicere
1516 4748 1820 4804 Trinitate.
1857 4751 2034 4804 Vera-

385 4835 531 4891 citer
547 4834 761 4906 quippe
784 4832 1130 4905 profitemur
1152 4833 1340 4889 solum
1370 4839 1600 4891 Patrem
1620 4837 1913 4906 genuisse,
1933 4853 2030 4893 so-

383 4921 508 4980 lum
540 4922 753 4979 Filium
781 4924 852 4979 de
874 4923 1041 4978 Patre
1064 4927 1268 4978 natum
1292 4926 1728 4991 esse,veraciter
1756 4926 1932 4981 etiam
1953 4925 2033 4980 di-

385 5012 578 5070 cimus
608 5011 803 5069 solum
855 5011 1133 5083 Spiritum
1174 5019 1445 5067 sanctum
1478 5013 1550 5067 de
1582 5013 1747 5068 Patre
1772 5014 2033 5085 Filioque

383 5104 716 5176 procedere.
748 5101 874 5158 Non
902 5101 1060 5157 enim
1120 5100 1375 5156 Trinitas
1425 5100 1637 5156 Filium
1670 5104 1892 5174 genuit,
1927 5121 2033 5159 nec

382 5192 641 5249 Trinitas
672 5190 744 5247 de
764 5195 931 5247 Patre
959 5196 1096 5247 nata
1125 5194 1237 5257 est,
1271 5206 1460 5262 neque
1492 5190 1751 5247 Trinitas
1774 5193 1842 5249 de
1864 5195 2034 5250 Patre

381 5279 644 5354 Filioque
667 5281 1107 5354 procedit.Sunt
1128 5279 1309 5353 igitur
1339 5279 1593 5351 singula,
1611 5299 1736 5353 quae
1758 5298 1890 5337 cum
1917 5299 2032 5339 non

381 5375 718 5445 competant
748 5370 1042 5440 Trinitati,
1096 5369 1349 5441 singulis
1380 5375 1578 5425 tamen
1611 5376 1948 5442 competant
1974 5373 2031 5427 in

377 5460 665 5517 Trinitate
686 5460 974 5530 personis.
1032 5458 1197 5515 Sicut
1236 5458 1411 5514 etiam
1444 5476 1551 5515 vox
1572 5459 1673 5515 illa
1702 5477 1827 5531 quae
1859 5479 2036 5532 super

380 5547 585 5603 Jesum
610 5548 970 5617 baptizatum
996 5548 1065 5602 de
1084 5546 1226 5602 cmlo
1249 5548 1448 5603 sonuit
1467 5548 1679 5617 (Matth.
1703 5567 1786 5619 ιιι,
1808 5551 1895 5619 16,
1921 5552 2032 5623 l7),

385 5634 470 5688 sic
501 5633 610 5688 soli
628 5637 905 5704 competit
935 5635 1114 5702 Patri,
1151 5640 1215 5689 ut
1246 5653 1348 5692 nec
1395 5637 1539 5693 Filio
1572 5640 1754 5708 possit
1803 5657 2033 5711 compe-

386 5724 529 5787 tere,
562 5735 667 5773 nec
724 5720 971 5791 Spiritui
1001 5727 1206 5777 sancto
1235 5742 1250 5790 ;
1284 5728 1341 5778 et
1372 5725 1590 5781 vidisse
1618 5727 1899 5797 Spiritum
1935 5729 2033 5784 Dei

388 5804 841 5905 descendentem
869 5806 1024 5863 sicut
1048 5808 1405 5879 columbam,
1426 5817 1484 5868 et
1510 5816 1836 5872 venientem
1855 5833 2035 5889 super

2058 4482 2108 4548 ι)
2139 4495 2223 4549 se,
2258 4480 2343 4535 sic
2404 4478 2516 4534 soli
2548 4478 2834 4549 competit
2864 4477 3026 4545 Filio,
3063 4482 3129 4534 ut
3175 4494 3280 4534 nec
3311 4476 3471 4533 Patri
3502 4477 3779 4549 competat

2145 4568 2444 4625 ullatenus
2474 4583 2580 4623 nec
2612 4566 2857 4633 Spiritui
2887 4572 3131 4636 sancto;
3165 4566 3542 4623 descendisse
3571 4578 3784 4637 quoque

2144 4658 2433 4730 corporali
2459 4656 2612 4713 588
2642 4656 2835 4728 specie
2857 4655 3356 4713 sicutcolumbam
3389 4654 3449 4711 in
3481 4653 3783 4724 Jesum,sic

2145 4748 2254 4804 soli
2272 4749 2553 4820 competit
2574 4747 2824 4820 Spiritui
2846 4751 3073 4816 sancto,
3093 4752 3160 4803 ut
3190 4763 3296 4803 nec
3315 4746 3475 4803 Patri
3498 4744 3684 4820 possit
3702 4758 3781 4797 as-

2144 4836 2365 4907 signari
2396 4851 2501 4892 nec
2532 4835 2695 4891 Filio.
2720 4837 2872 4892 Sunt
2917 4852 3053 4909 ergo
3085 4836 3279 4908 aliqua
3309 4852 3438 4907 quae
3471 4835 3779 4908 congruant

2144 4926 2418 4998 singulis,
2435 4942 2538 4982 nec
2552 4928 2904 4983 conveniant
2918 4926 3108 4983 tribus
3126 4947 3141 4997 ;
3162 4926 3311 4983 nihil
3325 4931 3523 4983 tamen
3537 4931 3627 4982 est
3640 4921 3777 4998 quod

2144 5017 2246 5073 uni
2281 5033 2546 5089 personae
2577 5034 2692 5073 non
2722 5022 3040 5089 competat,
3070 5022 3129 5073 et
3160 5017 3345 5090 possit
3389 5017 3586 5074 tribus
3617 5010 3778 5073 simul

2144 5107 2454 5162 convenire
2469 5106 2913 5180 personis.Nam
2940 5108 2997 5162 in
3021 5107 3152 5178 ipsa
3165 5106 3618 5175 Trinitate,licet
3637 5102 3775 5162 aliud

2143 5197 2223 5252 sit
2253 5198 2323 5253 de
2347 5202 2511 5269 patre
2535 5203 2739 5253 natum
2763 5214 2891 5254 esse
2916 5198 3150 5263 Filium,
3173 5197 3332 5253 aliud
3365 5198 3437 5253 de
3473 5202 3636 5253 Patre
3660 5211 3774 5268 pro-
3866 5264 3867 5271 γ

2144 5287 2345 5342 cedere
2376 5287 2663 5359 Spiritum
2689 5293 2960 5343 sanctum
2987 5287 3290 5359 (quoniam
3324 5304 3438 5342 non
3473 5293 3566 5343 est
3593 5286 3770 5341 eadem

2145 5376 2437 5446 processio
2488 5376 2743 5447 Spiritus
2767 5379 2954 5433 sancti
2977 5394 3103 5449 qua:
3128 5376 3403 5432 nativitas
3432 5376 3608 5447 Filii),
3638 5388 3771 5430 com-

2145 5481 2323 5521 mune
2346 5470 2540 5520 tamen
2574 5471 2664 5521 est
2717 5466 2858 5521 Filio
2888 5473 2946 5522 et
2991 5466 3237 5538 Spiritui
3264 5471 3495 5531 sancto,
3525 5467 3597 5520 de
3625 5465 3769 5519 Patre

2145 5558 2284 5608 natu
2296 5552 2492 5609 raliter
2517 5570 2646 5610 esse
2669 5580 2681 5621 ;
2703 5556 2975 5625 quamvis
2998 5556 3181 5610 solius
3203 5556 3280 5611 sit
3300 5555 3557 5626 Spiritus
3579 5550 3763 5613 sancti,

2144 5643 2297 5699 sicut
2317 5644 2387 5699 de
2411 5644 2603 5713 Patre,
2626 5645 2712 5702 sic
2741 5646 2919 5701 etiam
2936 5646 3007 5701 de
3029 5644 3168 5700 Filio
3187 5661 3336 5701 esse.
3371 5652 3449 5701 At
3469 5662 3601 5702 vero
3632 5637 3762 5699 Patri

2143 5732 2447 5805 proprium
2470 5738 2561 5790 est
2584 5733 2655 5790 de
2671 5734 2829 5791 nullo
2847 5734 3058 5803 esse,id
3081 5738 3171 5790 est
3190 5739 3491 5792 auctorem
3510 5729 3763 5793 naturalis

2142 5823 2411 5879 essentise
2444 5841 2558 5879 non
2588 5824 2820 5881 habere.
