3848 6332
27 330 120 392 ’169

29 470 97 522 est
125 463 413 534 excelsus,
443 465 614 521 beato
644 465 943 536 Stephano
963 466 1370 539 dicente,quia
1394 471 1660 524 Ercelsus
1693 473 1744 539 Α

27 573 114 610 non
145 558 203 610 in
229 556 577 623 manufactis
608 555 822 611 habitat
855 557 996 627 (Aet.
1028 573 1130 625 vn,
1167 559 1274 629 48).
1328 558 1490 615 Unde
1529 575 1662 615 cum

27 647 108 701 hoc
125 647 455 704 dixusset.et
470 643 614 700 illud
636 647 1037 702 testimonium
1055 647 1211 702 idem
1227 654 1444 719 martyr
1458 649 1667 704 beatis-

28 738 198 791 simus
211 735 599 793 subdidisset.
617 737 769 806 quod
787 737 1032 808 (al.quo)
1051 737 1230 792 dicitu
1242 755 1290 792 r:
1309 739 1514 793 Caelum
1529 741 1667 794 mihi

27 826 268 891 καθεδεῖ,
291 834 450 878 terra
471 831 659 879 autem
679 826 981 880 scabellum
998 827 1198 898 pedum
1219 843 1484 882 meorum:
1500 845 1665 900 quam

28 915 230 968 tornum
258 913 606 982 wdiﬁcabitis
639 915 774 968 mihi
796 915 824 968 ‘I
855 915 989 969 dicit
1038 916 1303 971 Dominus
1351 918 1462 989 (Isa
1513 935 1661 987 LXVI,

31 1008 90 1072 ης
111 1010 240 1075 post
271 1020 452 1073 pauca
484 1003 756 1073 subjecit:
790 1005 940 1059 Dura
969 1008 1178 1061 cervice
1204 1016 1258 1062 et
1288 1007 1666 1064 incircumcisi

27 1095 170 1149 corde
197 1099 249 1148 et
279 1093 627 1157 auribus,vos
655 1111 868 1166 semper
887 1095 1127 1167 Spiritui
1147 1106 1340 1152 sancto
1358 1099 1661 1167 restitistis,

31 1185 162 1238 sicut
187 1188 368 1254 patres
399 1185 565 1238 vestri
591 1193 642 1238 et
672 1199 761 1237 vos
789 1184 937 1254 (Act.
969 1200 1071 1242 vn.
1093 1187 1205 1254 51).
1230 1185 1392 1242 Unus
1415 1193 1504 1242 est
1524 1203 1661 1260 ergo

41 1279 174 1328 Deus
203 1271 469 1327 excelsus
525 1271 710 1336 Pater,
739 1277 794 1326 et
816 1272 1018 1340 Filius,
1043 1279 1100 1329 et
1119 1275 1372 1346 Spiritus
1404 1284 1661 1344 sanctus,

42 1364 124 1434 qui
140 1361 319 1417 nonin
346 1361 702 1417 manufactis
721 1361 968 1428 habitat;
984 1364 1084 1419 sed
1101 1381 1204 1435 per
1218 1366 1466 1436 gratiam
1484 1384 1659 1439 quam

39 1451 187 1506 nobis
215 1449 437 1516 tribuit,
467 1467 575 1506 nos
605 1451 716 1504 sibi
750 1451 1038 1522 templum
1089 1453 1410 1509 clementer
1450 1457 1660 1513 effecit.

41 1542 138 1597 Nec
153 1539 338 1595 solum
355 1545 470 1594 tem
483 1539 775 1610 plum,sed
786 1540 962 1595 etiam
978 1542 1494 1615 sacriﬁcium.lpsa
1506 1546 1660 1601 enim

41 1645 265 1700 corpora
279 1633 479 1684 nostra
495 1628 939 1700 (quetemplum
957 1646 1086 1686 esse
1112 1647 1226 1686 non
1245 1633 1430 1688 solius
1452 1634 1661 1700 Patris,

35 1736 129 1774 nec
147 1717 323 1773 solius
339 1717 614 1784 Filii,nec
634 1716 1083 1788 soliusSpiritus
1110 1723 1320 1788 sancti,
1346 1723 1444 1778 sed
1474 1723 1662 1794 ipsius

1052 333 1360 394 CONTRA
1409 334 1828 397 FABIANUM
1874 337 2394 401 FRAGMENTA.

3305 355 3426 418 770

2249 475 2752 535 FRAGMENTUM
2784 481 2949 539 XVII.

1772 556 1893 609 Non
1924 553 2110 610 minus
2139 555 2378 627 Spiritus
2403 569 2628 616 sanctus
2653 571 2738 616 est
2773 563 2912 618 Deus
2957 581 3104 621 unus
3144 575 3198 623 et
3237 585 3421 642 verus,

2255 663 2428 718 quam
2462 653 2629 705 Pater
2656 653 2707 705 et
2737 651 2934 707 Filius.

1843 732 1968 788 Non
1992 733 2148 789 enim
2177 737 2285 790 Deo
2306 752 2439 792 vero
2461 742 2517 792 et
2537 737 2662 794 vivo
2691 739 2923 807 militat,
2948 758 3138 815 neque
3155 744 3272 802 Deo
3294 748 3422 805 vivo

1772 827 1830 877 et
1860 837 1993 877 vero
2024 824 2221 891 servit,
2253 825 2524 896 quisquis
2552 831 2835 899 templum
2863 831 2923 886 in
2947 834 3294 905 corporibus
3317 835 3424 893 ho-

1774 909 2026 976 minum,
2062 927 2176 966 non
2214 917 2325 967 Deo
2356 916 2482 969 vivo
2513 921 2570 970 et
2592 933 2744 983 vero,
2773 920 2871 974 sed
2904 921 3012 976 deo
3037 923 3256 979 incerto
3279 925 3423 981 edi-

1773 996 1947 1052 ﬁcare
1973 1001 2289 1056 contendit.
2319 1003 2473 1058 Talis
2504 1010 2700 1060 autem
2734 1008 3043 1064 adiﬁcatio
3062 1028 3176 1068 non
3195 1019 3284 1069 est
3307 1015 3424 1069 uti-

1773 1102 1885 1156 que
1918 1105 1952 1142 a
1987 1090 2116 1143 Deo.
2158 1091 2222 1144 Et
2251 1094 2544 1162 quomodo
2579 1094 2698 1151 illis
2730 1113 2878 1168 quos
2911 1100 3197 1171 templum
3231 1104 3420 1160 sancti

1771 1176 2021 1245 Spiritus
2055 1193 2181 1233 esse
2210 1181 2461 1245 dicebat,
2495 1185 2770 1254 sUperius
2819 1187 2941 1242 ait:
2976 1190 3072 1245 Dei
3113 1193 3422 1261 aediﬁcatio

1771 1267 1898 1319 estis
1919 1267 1966 1336 (I
1995 1266 2112 1321 Cor.
2147 1268 2322 1339 111,9)?
2351 1269 2517 1326 Nunc
2538 1271 2731 1342 itaque
2763 1291 2947 1330 unum
2973 1277 3071 1333 tibi
3096 1282 3416 1337 tenendum

1772 1359 1864 1409 est
1891 1371 1922 1408 e
1953 1355 2205 1412 duobus:
2240 1364 2303 1413 ut
2332 1365 2437 1414 aut
2458 1376 2738 1430 agnoscas
2767 1380 2800 1418 a
2827 1363 2943 1420 Deo
2965 1366 3024 1421 in
3048 1369 3215 1425 nobis
3239 1369 3421 1426 aediﬁ-

1773 1447 1968 1498 catum
1985 1447 2168 1501 sancti
2184 1447 2436 1519 Spiritus
2463 1449 2772 1523 templum,
2795 1457 2852 1507 et
2874 1470 2942 1509 ex
2965 1455 3076 1512 hoc
3099 1473 3423 1530 cognoscas

1774 1533 2170 1590 verumDeum
2188 1552 2316 1592 esse
2331 1537 2616 1609 Spiritum
2644 1546 2936 1598 sanctum:
2968 1551 3069 1600 aut
3091 1547 3140 1601 si
3170 1564 3285 1603 non
3305 1563 3430 1604 cre-

1775 1621 1866 1677 dis
1896 1622 2048 1678 hanc
2063 1638 2190 1680 esse
2205 1625 2303 1680 Dei
2332 1627 2794 1698 mdiﬁcatiouem,
2819 1631 3066 1690 Paulum
3093 1637 3428 1708 profitearis

1772 1725 1902 1765 esse
1933 1713 2294 1768 mendacem.
2340 1717 2448 1771 Sed
2483 1717 2530 1772 si
2566 1717 2718 1783 hanc
2749 1723 3223 1792 praedicationem
3259 1726 3426 1784 Pauli

39 1807 911 1871 Trinitatis,uniusDei,scilicet
930 1810 1140 1875 Patris,
1164 1817 1221 1866 et
1243 1811 1392 1876 Filii,
1416 1814 1663 1885 etSpiri-
1700 1848 1746 1912 Β
1774 1800 2350 1912 αυάίτθιιοιξθνίεάξι
2377 1806 3007 1912 remanebiﬁagerifate
3028 1813 3265 1912 penitus
3287 1813 3432 1912 ῥηξ-

39 1901 126 1951 tus
138 1895 616 1966 sancti,superius
631 1901 720 1950 est
733 1913 766 1950 a
781 1897 947 1952 nobis
961 1899 1668 1971 sufﬁcienturosteusum),

50 1993 106 2040 ut
133 1985 370 2040 hostiam
421 1984 610 2038 vivam
647 1984 763 2040 Deo
795 1987 1198 2050 exhibeamus,
1253 1991 1457 2046 beatus
1505 1993 1674 2048 docet

51 2075 338 2144 Apostolus
368 2074 572 2130 dicens
599 2090 611 2128 :
642 2073 866 2131 Obsecro
913 2079 1097 2148 itaque
1139 2095 1250 2145 vos,
1299 2085 1518 2150 fratres,
1577 2099 1675 2152 per

50 2164 430 2219 miserimdiam
465 2163 584 2230 Dei,
628 2169 688 2218 ut
730 2165 1034 2222 exhibeatis
1079 2183 1304 2238 corpora
1345 2177 1532 2226 vestra
1575 2171 1671 2226 ho-

48 2257 195 2308 stiam
223 2255 493 2308 viventem
520 2259 792 2318 sanctam,
816 2256 918 2310 Deo
937 2257 1243 2327 placentem
1264 2259 1434 2330 (Rom.
1467 2277 1566 2329 χιι,
1597 2262 1671 2332 1).

53 2344 286 2398 Hostiam
303 2360 436 2398 vero
465 2360 521 2396 In
547 2351 832 2413 quantum
854 2346 1280 2416 quisqueoﬂ'crt
1308 2349 1512 2412 Deo,in
1547 2356 1672 2406 tan-

53 2437 162 2485 tum
176 2432 521 2503 spiritaliter
544 2432 808 2505 fungitur
820 2435 1138 2490 sacerdotis
1153 2437 1535 2494 ofﬁcio.Unde
1549 2440 1677 2495 bea-

52 2527 136 2576 tus
163 2539 394 2594 quoque
425 2523 652 2588 Petrus,
685 2525 862 2579 simul
897 2541 1003 2580 nos
1034 2531 1092 2581 et
1121 2527 1406 2599 templum
1439 2546 1586 2596 esse,
1621 2535 1678 2585 et

51 2613 388 2675 sacerdotes,
417 2617 474 2666 et
500 2611 727 2667 hostias
758 2613 1204 2682 demonstravit,
1234 2616 1432 2672 dicens
1459 2635 1472 2674 :
1507 2620 1568 2674 Et
1588 2636 1678 2675 vos

49 2709 303 2771 tanquam
319 2699 527 2771 lapides
557 2701 1062 2768 vivi,aedificamini
1109 2705 1170 2758 in
1213 2704 1433 2761 domum
1449 2707 1678 2777 spirita-

55 2789 239 2851 lem,in
269 2789 636 2844 sacerdotium
666 2795 933 2856 sanctum,
975 2793 1256 2864 offerentes
1286 2794 1565 2865 spiritales
1585 2797 1685 2852 ho-

58 2878 568 2949 stias,acceptabiles
600 2881 704 2935 Deo
731 2897 830 2951 per
874 2885 1064 2937 Jesum
1116 2882 1396 2938 Christum
1443 2887 1488 2956 (1
1536 2891 1680 2942 Petr.

61 2969 203 3038 n.5).
232 2969 381 3033 Quia
400 2969 526 3039 ipse
543 2985 646 3040 pro
669 2969 837 3026 nobis
861 2972 1047 3026 factus
1073 2977 1163 3027 est
1184 2975 1476 3040 sacerdos,
1505 2980 1562 3030 et
1592 2977 1689 3031 ob-

63 3055 183 3110 tulit
215 3055 607 3126 semetipsum
642 3073 746 3126 pro
776 3057 968 3126 nobis,
1000 3059 1152 3114 sicut
1182 3061 1538 3131 Apostolus:
1576 3064 1688 3119 Ob-

63 3144 317 3202 lationem
337 3151 390 3202 et
420 3145 654 3201 hostiam
684 3151 792 3202 Deo
821 3151 877 3202 in
907 3149 1126 3205 odorem
1152 3151 1440 3207 suavitatis
1471 3155 1687 3224 (Ephes.

1782 1906 1916 1958 nus;
1949 1890 2202 1944 mendax
2233 1897 2430 1947 autem
2464 1910 2579 1949 non
2611 1896 2721 1951 erit
2751 1897 2993 1967 Paulus,
3031 1901 3131 1971 qui
3182 1903 3428 1959 veritate

1783 1979 1991 2052 plenus
2021 1983 2329 2038 exclamat:
2369 1983 2659 2040 Veritatem
2687 1987 2807 2043 dico
2838 1990 2895 2044 in
2914 1990 3293 2060 Christolesa;
3318 2008 3429 2049 non

1782 2070 2044 2130 mentior,
2063 2069 2441 2126 testimonium
2454 2073 2597 2127 mihi
2607 2076 2922 2144 perhibente
2941 2079 3280 2135 conscientia
3302 2096 3429 2136 mea

1783 2160 1842 2213 in
1873 2158 2099 2229 Spiritu
2125 2168 2310 2215 sancto
2340 2163 2516 2232 (Rom.
2553 2180 2629 2228 ιχ,
2667 2166 2732 2235 l).
2768 2167 3053 2230 Quoniam
3086 2169 3267 2242 igitur
3288 2169 3434 2225 veri-

1782 2250 1962 2302 tatem
1997 2247 2214 2305 Paulus
2245 2250 2462 2318 docuit,
2486 2257 2545 2307 et
2572 2254 2772 2311 dicens
2796 2271 3040 2327 corpora
3061 2264 3260 2314 nostra
3281 2263 3433 2314 tem-

1783 2335 1948 2408 plum
1964 2338 2356 2408 esseSpiritus
2370 2343 2577 2409 sancti,
2594 2345 2981 2402 certissimam
3005 2348 3134 2416 ejus
3155 2348 3431 2404 deitatem

1787 2426 2058 2481 ﬁdelibus
2073 2427 2388 2498 intimavit;
2410 2431 2683 2504 quisquis
2697 2450 2890 2492 veram
2906 2439 3244 2509 certamque
3258 2437 3440 2494 deita-

1783 2518 1900 2569 tem
1929 2516 2115 2570 sancti
2130 2516 2384 2587 Spiritus
2399 2528 2574 2593 negat
2605 2530 2917 2594 cognoscat
2937 2540 3001 2580 se
3020 2525 3090 2579 ad
3116 2525 3434 2582 Ecclesium

1786 2602 1884 2658 Dei
1902 2603 2010 2657 vivi
2027 2604 2366 2663 nullatenus
2380 2610 3097 2684 pertinere,quamPaulus
3108 2613 3441 2672 columnam

1788 2696 1845 2748 et
1872 2691 2308 2751 ﬁrmamentum
2356 2699 2618 2755 veritatis
2666 2701 2917 2773 appellat
2955 2704 3005 2773 (Ι
3032 2704 3166 2758 Tim.
3202 2721 3286 2771 ιιι,
3324 2705 3446 2777 15).

1791 2783 1928 2846 Quae
1960 2787 2159 2838 sancta
2173 2783 2594 2844 ecclesiaillius
2609 2806 2670 2845 se
2687 2791 2862 2847 unius
2885 2791 2982 2847 Dei
3002 2793 3288 2865 templum
3311 2809 3446 2850 esse

1793 2871 1973 2938 novit,
1990 2888 2164 2943 quem
2184 2880 2391 2930 natura
2405 2877 2610 2948 Deum,
2636 2885 2694 2934 et
2713 2881 2786 2936 ob
2810 2881 2918 2937 hoc
2932 2883 3061 2953 ejus
3075 2882 3443 2938 divinitatem

1791 2976 1987 3014 veram
2009 2968 2344 3036 certamque
2361 2970 2682 3038 cognoscit.
2718 2971 3014 3041 Abjiciens
3035 2971 3260 3027 scilicet
3283 2972 3460 3028 falso-

1799 3066 1926 3104 rum
1963 3051 2206 3107 deorum
2235 3053 2550 3112 culturam:
2585 3061 2682 3129 qui
2720 3075 2822 3130 pro
2852 3077 2918 3115 eo
2950 3061 3102 3130 quod
3136 3065 3346 3115 natura
3369 3059 3451 3114 dii

1805 3155 1918 3192 non
1943 3145 2104 3207 sunt,
2127 3147 2346 3197 certam
2368 3144 2645 3201 deitatem
2668 3145 2880 3202 habere
2905 3164 3018 3202 non
3038 3152 3303 3219 possunt.
3321 3147 3456 3202 Pro-

59 3251 100 3299 v’
126 3239 196 3306 2),
223 3235 498 3291 δοεεοά
525 3236 681 3306 quod
709 3236 1011 3294 offerimus
1037 3255 1137 3310 per
1161 3241 1457 3297 Christum
1477 3212 1688 3298 έέουη.
1722 3212 1765 3278 C
1806 3226 1940 3282 inde
1956 3229 2208 3299 quiailla
2222 3236 2311 3286 est
2334 3239 2492 3288 certa
2513 3235 2867 3308 deitas,qua3
2889 3241 2980 3292 est
3008 3212 3315 3304 naturalis;
3349 3236 3455 3308 qui

65 3325 176 3380 dum
194 3326 386 3381 solius
403 3325 830 3382 humanitatem
851 3327 1001 3395 Filii,
1033 3329 1145 3398 ipsi
1160 3347 1407 3386 summie
1423 3332 1601 3387 simul
1616 3334 1694 3388 of-

62 3413 285 3470 ferimus
302 3415 574 3469 Trinitati
587 3415 792 3485 .Digue
805 3433 943 3488 ergo
965 3415 1222 3490 λατρείαν
1241 3426 1444 3476 sancto
1461 3423 1700 3494 Spiritui

59 3503 532 3574 debemus,cujus
563 3520 809 3576 corpora
842 3513 1047 3562 nostra
1076 3508 1358 3580 templum
1383 3527 1512 3566 esse
1546 3512 1700 3568 novi-

61 3608 198 3648 mus:
233 3599 288 3648 et
322 3609 390 3648 ex
415 3592 526 3647 hoc
562 3593 645 3647 illi
676 3595 882 3649 eadem
917 3612 1160 3668 corpora
1192 3603 1412 3670 nostra,
1444 3599 1700 3657 hostiam

60 3683 334 3738 viventem
353 3681 702 3752 spiritaliter
715 3681 1267 3757 exhibemus.Cujus
1281 3692 1475 3742 autem
1492 3705 1557 3743 su
1571 3706 1700 3744 mus

61 3777 156 3825 tem
169 3769 522 3841 plum,etcui
538 3786 778 3842 corpora
792 3779 991 3828 nostra
1005 3775 1360 3830 sacriﬁcium
1377 3776 1697 3846 offerimus,

63 3874 291 3914 necesse
323 3865 413 3914 est
448 3864 510 3913 ut
539 3859 592 3914 ei
624 3860 988 3916 sacerdotale
1017 3863 1322 3917 servitium
1359 3863 1698 3922 debeamus.

61 3945 196 4003 Hinc
226 3956 311 4002 est
346 3948 501 4018 quod
538 3947 1699 4021 Ecclesiacatholica,quesanctaaTrini-

59 4037 276 4100 tatis,id
297 4036 905 4100 estuniusDei,unum
922 4043 1013 4094 est
1035 4040 1539 4111 templum,eidem
1564 4061 1700 4099 san-

59 4132 150 4180 cta
179 4126 455 4180 Trinitati
473 4129 568 4181 uni
587 4125 702 4182 Deo
718 4126 1283 4200 spiritalezsacriﬁciu
1296 4147 1348 4184 m
1366 4131 1570 4187 offerre
1585 4150 1698 4188 non

57 4212 286 4269 desinit:
322 4215 459 4285 quia
493 4214 604 4285 ipsi
635 4215 929 4282 Trinitati,
967 4217 1068 4272 uni
1101 4234 1234 4273 vero
1269 4223 1326 4273 et
1359 4219 1510 4276 bono
1562 4225 1697 4289 Deo,

57 4303 351 4358 servitium
386 4303 746 4360 sacerdotale
777 4306 1103 4362 certissime
1134 4324 1196 4362 se
1227 4307 1438 4366 debere
1485 4326 1698 4382 cogno-

57 4392 179 4446 scit.

1803 3319 2107 3372 naturadii
2129 3335 2240 3373 non
2265 3327 2426 3390 sunt,
2449 3326 2667 3377 certam
2693 3324 2968 3379 deitatem
2995 3342 3110 3380 non
3137 3325 3378 3394 habent;
3401 3330 3463 3382 et

1812 3407 1912 3477 qui
1935 3412 2152 3462 certam
2189 3425 2299 3462 non
2334 3409 2575 3476 habent,
2609 3412 2826 3467 nullam
2862 3413 3100 3470 habent.
3123 3419 3302 3471 Recta
3325 3431 3460 3471 vero

1807 3497 1974 3566 ﬁdes,
2009 3495 2110 3550 uni
2147 3497 2257 3551 Deo
2287 3514 2420 3554 vero
2453 3495 2704 3574 λατρείαν
2735 3501 3004 3558 exhibere
3049 3520 3163 3558 non
3211 3503 3464 3572 dubitat,

1808 3602 1984 3657 quam
2003 3587 2466 3643 novitdeoalteri
2507 3607 2622 3645 non
2664 3590 2885 3646 deberi:
2928 3607 3030 3647 nec
3055 3591 3464 3664 potestincor-

1808 3673 2051 3745 poribus
2087 3674 2346 3730 ﬁdelium
2381 3679 2740 3736 constituere
2769 3683 3079 3750 templum,
3113 3686 3215 3736 aut
3255 3680 3464 3738 oﬁ‘erre

1808 3763 2060 3819 hostiam
2085 3763 2362 3836 cuiquam
2381 3767 2511 3838 deo,
2546 3769 2644 3839 qui
2682 3773 2958 3824 Deusnon
2979 3770 3268 3842 fueritper
3291 3775 3465 3825 natu-

1811 3853 2088 3908 ram.8cit
2101 3855 2254 3908 enim
2278 3855 2431 3912 hanc
2447 3858 2786 3914 servitutem
2804 3858 2888 3914 illi
2904 3859 3102 3914 deberi
3118 3860 3361 3929 Deo,qui
3374 3875 3470 3915 so-

1809 3941 1931 3997 lum
1965 3959 2027 3998 se
2059 3943 2318 4015 pracipit
2351 3947 2486 4015 coli,
2541 3946 2823 4020 solusque
2866 3948 3038 4002 debet
3085 3949 3328 4021 templo,
3380 3965 3476 4005 ss~

1810 4031 2066 4087 cerdotio
2098 4049 2163 4088 ac
2198 4035 2489 4092 sacrificio
2529 4037 2914 4108 spiritualiter
2943 4037 3096 4094 599
3127 4056 3158 4092 a
3190 4037 3464 4094 ﬁdelibus

1810 4119 2105 4176 honorari.
2139 4123 2323 4196 Digne
2355 4125 2534 4196 igitur
2589 4133 2858 4182 sanctum
2906 4126 3210 4197 Spiritum,
3260 4142 3464 4184 verum

1809 4213 2018 4276 Deum,
2049 4215 2106 4266 et
2137 4229 2270 4269 cum
2302 4213 2468 4270 Patre
2497 4231 2564 4270 ac
2597 4215 2739 4271 Filio
2768 4231 2950 4270 unum
2996 4214 3206 4280 Deum,
3271 4219 3480 4272 sancta

1810 4299 1997 4354 credit
2026 4305 2083 4354 et
2112 4303 2424 4357 conﬁtetur
2455 4301 2728 4371 Ecclesia;
2761 4319 2888 4373 quae
2919 4318 2982 4356 se
3014 4301 3204 4356 Patris
3233 4305 3291 4357 et
3346 4301 3478 4365 Filii

1810 4393 1866 4443 et
1899 4388 2157 4458 Spiritus
2191 4392 2379 4445 sancti
2403 4390 2690 4462 templum
2721 4406 2850 4445 esse
2881 4404 3269 4461 cognoscens,
3290 4406 3472 4446 unam

1821 4475 2169 4532 Trinitatem
2187 4477 2464 4549 intelligit
2481 4477 2972 4544 divinitatem,cui
2997 4476 3269 4534 Trinitati
3293 4494 3474 4536 unam

1819 4565 2169 4636 suppliciter
2200 4567 2433 4623 exhibet
2461 4568 2824 4624 servitutem.

1087 4736 1204 4791 EX
1241 4737 1508 4794 LIBRO
1550 4739 1630 4796 V.
1673 4741 1791 4796 ΠΒ
1828 4744 2220 4802 IMAGINE
2261 4747 2436 4805 DEI.

499 4830 1002 4888 FRAGMENTUM
1047 4831 1250 4886 XVIII.

61 4916 221 4995 Filius
235 4934 348 4995 non
361 4919 440 4974 im
452 4921 886 4995 ﬂatur-Patrem,
904 4937 1003 4995 nec
1021 4919 1245 4995 similia
1265 4938 1388 4976 cum
1415 4923 1511 4976 illo
1536 4925 1699 4995 facit,

123 4990 214 5064 sed
238 4991 455 5064 eadem.
491 4991 566 5044 All
599 4990 899 5064 imaginem
931 4993 1026 5046 Dei
1053 4995 1240 5062 factus
1270 4995 1488 5048 dicitur
1516 4990 1702 5064 homo,

127 5061 246 5130 quia
278 5062 493 5119 divinae
526 5061 816 5118 Trinitatis
843 5063 900 5117 in
926 5061 1216 5131 memoria,
1254 5064 1633 5134 intelligentia
1657 5061 1708 5122 et

127 5137 402 5188 voluntate
436 5137 621 5203 imago
653 5144 753 5189 est.

132 5219 185 5274 ln
215 5238 276 5276 re
307 5223 528 5294 quippe
545 5222 766 5294 potiore
783 5223 1316 5295 potestexemplum
1349 5224 1483 5280 boui
1510 5225 1705 5294 operis

67 5305 318 5366 inveniri.
349 5315 412 5368 In
429 5318 717 5382 quantum
735 5313 992 5368 estenim
1010 5319 1226 5368 natura
1244 5313 1418 5368 simul
1441 5315 1706 5379 virtutis-

68 5409 167 5464 que
180 5402 528 5471 parilitas,in
546 5407 708 5456 tantu
721 5418 774 5456 m
791 5403 988 5456 deesse
1002 5403 1272 5458 videmus
1298 5404 1676 5459 imitationem
1689 5447 1702 5472 ,

70 5489 499 5545 sedinvenimus
538 5495 732 5562 Operis
752 5491 1060 5545 unitatem.
1088 5491 1169 5546 lbi
1195 5508 1327 5546 vero
1379 5493 1704 5563 exemplum

73 5579 421 5648 prepnnitur,
455 5580 550 5634 ubi
580 5585 679 5633 aut
702 5586 925 5633 naturae
953 5587 1056 5634 aut
1081 5581 1315 5636 virtutis
1339 5582 1706 5654 inaequalitas

75 5660 365 5723 i“venitur.
406 5671 542 5722 Inde
574 5675 663 5724 est
697 5676 850 5740 quod
882 5669 985 5724 Dei
1014 5669 1193 5725 Filius
1217 5688 1396 5726 unam
1423 5688 1484 5728 se
1517 5676 1706 5728 osten-

74 5748 193 5837 fiens
225 5759 442 5816 habere
457 5776 590 5816 cum
610 5759 776 5815 Patre
796 5764 1096 5829 naturam,
1119 5765 1176 5815 et
1192 5759 1265 5815 ob
1288 5759 1398 5817 hoc
1418 5762 1706 5837 aqualem

73 5833 125 5893 in
146 5849 478 5922 operatione
499 5849 802 5919 virtutem,
837 5849 1003 5907 dixit:
1036 5853 1393 5923 Quaecunque
1419 5833 1591 5910 Pater
1610 5853 1705 5926 fa-

1733 4840 1780 4903 D
1811 4861 1886 4913 cit
1915 4859 2033 4916 haec
2061 4861 2250 4917 eadem
2280 4869 2333 4918 et
2366 4864 2540 4920 Filius
2569 4863 2836 4921 similiter
2862 4865 3001 4938 facit
3028 4867 3214 4939 (Joan.
3259 4883 3315 4933 v,
3352 4867 3480 4939 t9).

1811 4946 1957 5002 Cum
1993 4951 2364 5022 ergo:eadem
2415 4953 2575 5022 facit,
2602 4955 2832 5011 nullum
2884 4957 3178 5011 invenitur
3227 4955 3474 5027 potioris

1817 5039 2180 5110 exemplum;
2215 5054 2420 5098 etcum
2445 5043 2718 5100 similiter
2740 5045 2898 5108 facit,
2924 5045 3151 5099 nullum
3181 5043 3475 5113 reperitur

1818 5129 2060 5185 diversae
2091 5133 2450 5202 operationis
2485 5134 2784 5188 indicium.
2821 5134 2935 5189 Nec
2966 5133 3112 5188 illud
3163 5136 3352 5202 potest
3401 5131 3472 5188 ad

1815 5220 2144 5288 exemplum
2180 5223 2401 5289 referri,
2437 5223 2590 5292 quod
2625 5223 2726 5277 ait:
2761 5222 2880 5276 Non
2927 5225 3096 5291 potest
3144 5219 3318 5274 Filius
3344 5236 3382 5274 a
3418 5234 3477 5275 se

1813 5311 2348 5380 facereq'quidquam,
2381 5309 2495 5364 nisi
2522 5309 2665 5380 quod
2697 5309 2894 5365 viderit
2923 5311 3145 5364 Patrem
3169 5311 3474 5382 facientem

1814 5396 2084 5468 (Ibidem).
2127 5403 2247 5452 Hoc
2287 5398 2526 5453 enimad
2552 5398 3208 5454 uniusdixitnaturteac
3241 5397 3475 5454 virtutis

1815 5486 2249 5553 indicium,uon
2274 5488 2342 5540 ad
2364 5485 3297 5558 initationisexemplum.Adjecit
3317 5488 3478 5543 enim

1816 5575 2042 5629 dicens:
2073 5578 2432 5645 Quaecunque
2458 5576 2626 5629 Pater
2652 5575 2814 5646 facit,
2846 5576 2957 5630 haec
2985 5575 3175 5631 eadem
3205 5585 3258 5631 et
3294 5575 3476 5632 Filius

1815 5663 2083 5720 similiter
2100 5666 2263 5735 facit;
2289 5663 2388 5735 qui
2412 5663 2614 5738 utique
2638 5663 2778 5721 talia
2802 5681 2863 5720 se
2887 5666 3073 5722 facere
3093 5666 3335 5734 diceret,
3359 5681 3478 5722 non

1815 5755 2042 5821 eadem,
2062 5753 2110 5810 si
2130 5753 2520 5810 imitationem
2536 5754 2596 5809 in
2619 5770 2682 5811 se
2704 5753 2933 5830 paterni
2952 5753 3143 5829 operis
3159 5755 3472 5813 ostendere

1812 5841 2114 5903 voluisset.
2130 5843 2240 5902 Sed
2255 5841 2404 5902 nihil
2418 5843 2812 5904 Paterfacitin
2833 5861 2950 5920 quo
2972 5844 3303 5920 exemplum
3333 5859 3490 5919 pru-
