3918 6222
401 278 514 338 ΤΗ

1399 270 1465 331 S.
1512 267 1934 331 FULGENTII
1976 263 2331 328 EPISCOPI
2376 268 2807 332 RUSPENSIS

3689 279 3792 338 772

403 411 539 468 beat
568 407 723 474 Filio,
770 406 868 478 qui
898 405 1095 462 omnia
1127 422 1255 477 quae
1288 404 1446 471 fecit,
1480 420 1582 475 per
1624 402 1835 458 Filium
1888 401 2042 455 fecit.
2075 401 2128 468 Α
2162 401 3788 468 humanicordislumenveritatisabscondatBaacautem

404 501 569 558 Tunc
587 502 782 554 autem
806 495 1125 567 quidquam
1153 494 1296 551 Filio
1318 493 1669 549 imitandum
1695 492 2050 561 ostenderet,

405 589 454 645 si
487 588 705 658 aliquid
735 590 891 641 esset
909 585 1101 653 operis
1122 583 1279 654 quod
1305 600 1404 653 per
1427 583 1636 639 Filium
1664 598 1775 636 non
1795 580 2047 635 fecisset.

405 676 563 733 Nihil
584 679 674 732 est
704 678 924 741 autem,
944 675 1098 745 quod
1116 690 1231 728 non
1248 689 1349 743 per
1373 672 1580 726 Filium
1602 676 1769 726 Pater
1792 668 1925 725 fecit
1949 672 2051 723 aut

406 764 696 824 facit.Una
710 763 1065 835 estigiturin
1088 763 1365 817 omnibus
1386 762 1562 817 rebus
1588 759 1848 832 operatio
1861 758 2048 813 Patris

404 862 461 914 et
493 856 639 913 Filii.
670 854 919 910 Proinde
943 852 1161 908 faciens
1186 850 1369 907 Filius
1403 851 1560 905 videt
1581 851 1808 905 Patrem
1835 848 2048 903 facien-

398 951 535 1014 tem,
571 961 684 1001 non
706 960 805 1015 per
826 942 1239 1007 imitationem,
1263 940 1366 997 sed
1391 956 1494 1012 per
1521 938 1847 995 naturalem
1867 938 2048 991 virtu-

401 1036 477 1093 tis
491 1039 666 1106 atque
692 1032 886 1104 operis
910 1031 1218 1086 unitatem.
1247 1029 1389 1085 Cum
1415 1029 1617 1084 eadem
1647 1029 1800 1097 facit,
1826 1042 1940 1081 non
1963 1028 2053 1080 est

403 1123 679 1193 imitatio,
708 1122 811 1178 sed
843 1120 1038 1176 unitas
1069 1119 1302 1191 operis;
1334 1122 1392 1173 et
1421 1134 1556 1174 cum
1589 1116 1862 1173 similiter
1888 1116 2048 1179 facit,

404 1230 519 1270 non
535 1212 713 1269 estim
724 1210 1008 1284 parilitas,
1026 1208 1127 1265 sed
1140 1206 1445 1279 aequalitas
1461 1205 1764 1262 naturalis.
1778 1204 2053 1260 Imitatio-

404 1318 539 1360 nem
564 1318 723 1369 vero,
757 1300 911 1373 quod
945 1298 1016 1354 ad
1047 1295 1376 1368 exemplum
1403 1296 1674 1368 pertinet,
1707 1311 1821 1350 non
1855 1293 1968 1348 nisi
1989 1292 2049 1348 in

403 1390 652 1449 diversis
670 1393 845 1460 atque
868 1386 1227 1458 disparibus,
1254 1385 1373 1440 sive
1400 1384 1629 1440 naturis
1645 1384 1769 1439 sive
1788 1382 2054 1439 volunta-

402 1480 564 1536 tibus
595 1477 867 1543 inveniri,
893 1476 1098 1531 beatus
1119 1475 1414 1530 evidenter
1436 1474 1692 1530 ostendit
1710 1472 2049 1545 Apostolus.

404 1568 667 1640 Impares
680 1567 896 1638 quippe
909 1564 1191 1620 indicavit
1208 1563 1533 1628 voluntate,
1552 1564 1823 1634 quamvis
1839 1568 2051 1617 natura

405 1661 607 1715 nosset
624 1654 987 1727 aequaleseos
1010 1654 1227 1725 quibus
1249 1658 1389 1708 tunc
1410 1653 1757 1708 Timotheus
1782 1655 2047 1723 praeerat,

404 1748 463 1803 in
500 1763 566 1802 eo
598 1746 753 1818 quod
781 1744 831 1799 ei
864 1743 1025 1799 dicit:
1060 1743 1385 1813 Exemplum
1415 1748 1529 1797 esto
1554 1742 1831 1813 ﬁdelibus,
1854 1740 1915 1795 in
1936 1756 2052 1797 vcr-

403 1837 489 1904 bo,
522 1835 578 1891 in
611 1835 1042 1904 conversatione,
1076 1834 1133 1888 in
1165 1835 1414 1901 caritate,
1449 1834 1509 1887 in
1536 1831 1660 1902 ﬁde,
1692 1832 1753 1885 in
1797 1832 2047 1886 castitate

406 1926 453 1997 (ι
480 1925 613 1979 Tim.
639 1941 717 1992 iv,
750 1923 860 1995 l2).
898 1922 958 1977 In
980 1922 1071 1976 his
1102 1921 1307 1993 utique
1328 1921 1603 1977 omnibus
1626 1920 1736 1975 nisi
1766 1920 2045 1991 potiorem

407 2014 633 2071 caeteris
663 2014 839 2069 sciret
864 2028 930 2067 ac
947 2011 1120 2068 vellet
1141 2027 1269 2066 esse
1291 2010 1690 2077 Timotheum,
1720 2009 2049 2064 nullatenus

408 2121 542 2160 eum
580 2103 854 2159 fidelibus
883 2116 1013 2156 esse
1037 2101 1269 2169 juberet
1289 2098 1649 2171 exemplum:
1667 2104 1724 2154 et
1744 2099 1898 2154 600
1919 2098 2052 2152 illos

414 2191 678 2264 exemplo
708 2193 838 2261 ejus
869 2189 1143 2245 aedificari
1173 2189 1467 2260 cupiebat,
1491 2205 1638 2259 quos
1669 2188 1966 2243 voluntate
1988 2203 2054 2242 ac

407 2284 621 2337 virtute
637 2280 893 2352 impares
908 2283 1162 2334 noverat.
1182 2280 1367 2333 Titum
1384 2294 1541 2348 quoq
1551 2293 1619 2332 ue
1633 2278 1701 2331 ad
1720 2293 1878 2331 exem
1890 2276 1986 2347 plu
1998 2292 2053 2330 ω

413 2371 687 2427 fidelibus
717 2369 1112 2425 exhibendum
1145 2367 1417 2423 similiter
1446 2367 1788 2422 exhortatur
1818 2366 2014 2422 dicens
2039 2381 2052 2419 :

410 2463 477 2517 In
488 2460 745 2517 omnibus
761 2459 1002 2530 teipsum
1021 2457 1205 2529 praebe
1216 2458 1526 2527 exemptum
1544 2456 1807 2512 bonorum
1827 2471 2057 2527 operum

411 2552 537 2624 (Tit,
559 2550 705 2621 11,7).
722 2549 861 2605 Tale
873 2548 1151 2620 quiddam
1168 2546 1342 2601 etiam
1358 2545 1417 2600 in
1436 2545 1628 2617 seipso
1642 2546 2056 2600 demonstrans

410 2641 513 2700 ait:
543 2641 855 2696 lmitatores
882 2638 992 2693 mei
1012 2639 1194 2703 estote,
1227 2637 1367 2692 sicut
1396 2640 1448 2690 et
1476 2650 1569 2706 ego
1599 2634 1811 2691 Christi
1832 2635 1883 2706 (1
1916 2636 2046 2691 Cor.

416 2746 482 2794 ιι,
516 2729 587 2800 1).
621 2728 739 2783 Hoc
760 2731 955 2781 autem
980 2725 1126 2780 dixit
1145 2724 1474 2796 Apostolus,
1497 2741 1598 2794 pro
1621 2740 1685 2780 eo
1710 2724 1865 2795 quod
1888 2723 2056 2779 Chri-

419 2823 549 2874 stus
568 2816 736 2873 nobis
756 2815 991 2887 reliquit
1007 2813 1364 2887 exemplum,
1390 2820 1451 2869 ut
1476 2830 1798 2885 sequamur
1819 2813 2063 2884 vestigia

417 2908 546 2979 ejus
581 2908 629 2977 (Ι
657 2908 803 2962 Petr.
839 2922 901 2970 ιι,
932 2905 1044 2977 21).
1079 2903 1244 2959 Ratio
1275 2920 1409 2959 vero
1442 2902 1835 2974 intelligendas
1859 2906 2066 2959 utcun-

416 3014 528 3070 que
555 2996 855 3052 Trinitatis
875 2995 954 3050 ibi
981 2995 1295 3067 quaerenda
1314 2993 1523 3062 est,ubi
1541 2993 1612 3046 ad
1630 2992 1944 3064 imaginem
1963 2992 2065 3049 Dei

417 3088 553 3144 facti
571 3089 863 3151 sumus,et
885 3084 982 3143 ubi
1000 3090 1289 3156 quantum
1315 3098 1653 3155 possumus,
1682 3082 1941 3152 quandiu
1965 3098 2064 3153 per

2160 500 2294 547 sunt
2323 493 2435 548 tria
2465 492 2591 564 quae
2622 494 2760 561 dixi,
2788 494 3085 557 memoria,
3110 496 3507 568 intelligentia
3527 504 3585 555 et
3608 501 3791 555 volun-

2157 586 2267 636 tas:
2288 598 2413 652 qum
2429 582 2680 654 prapriis
2696 583 2775 638 ita
2796 583 3214 640 discernuntur
3230 587 3537 643 vocabulis
3564 594 3628 644 ut
3649 590 3791 645 nulla

2159 670 2217 724 in
2232 670 2317 725 eis
2331 670 2729 728 sitdiversitas
2752 673 3058 729 naturalis.
3080 675 3207 729 Alia
3223 676 3443 746 quippe
3465 683 3561 732 est
3584 694 3787 734 memo-

2160 759 2266 826 ria,
2298 758 2412 814 alia
2446 760 2850 832 intelligentia,
2884 761 3000 817 alia
3029 762 3318 831 voluntas;
3340 769 3399 819 et
3424 770 3645 834 tamen,
3669 784 3786 823 cum

2159 848 2280 904 sint
2310 848 2430 903 haec
2460 852 2743 905 veraciter
2763 850 2895 920 tria,
2926 868 3038 907 non
3059 858 3150 907 est
3170 853 3383 910 mentis
3407 854 3666 923 diversa,
3695 859 3781 912 sed

2161 955 2280 993 una
2308 943 2537 1003 natura;
2571 941 2847 1010 quoniam
2872 941 3007 1008 ista,
3032 958 3156 1011 quae
3181 943 3333 999 trina
3351 943 3459 1015 (al.
3490 945 3626 1012 tria)
3642 952 3783 1015 sunt,

2160 1028 2218 1083 in
2251 1044 2367 1083 una
2398 1032 2593 1084 mente
2618 1028 2880 1085 humana
2908 1032 3260 1088 consistunt.
3289 1032 3499 1105 Itaque
3520 1035 3662 1090 dum
3684 1035 3787 1090 haec

2159 1116 2344 1173 triain
2361 1118 2535 1173 unius
2549 1118 2821 1174 humanas
2837 1121 3053 1177 mentis
3067 1121 3789 1191 naturainveniantur,non

2161 1211 2354 1262 tamen
2385 1206 2443 1262 in
2475 1208 2561 1263 eis
2594 1224 2758 1264 mens
2780 1210 2907 1279 ipsa
2927 1210 3295 1278 dividitur,ut
3322 1212 3379 1267 in
3404 1222 3573 1284 parte
3598 1214 3795 1271 suiha-

2160 1297 2294 1352 beat
2324 1297 2691 1368 memoriam,
2725 1299 2782 1354 in
2818 1304 2979 1371 parte
3008 1299 3491 1374 intelligentiam,
3542 1304 3600 1359 in
3648 1309 3789 1376 parte

2160 1386 2541 1455 voluntatem;
2576 1388 2678 1444 sed
2710 1388 2994 1461 quidquid
3029 1391 3322 1457 meminit,
3355 1393 3657 1448 invenitur
3695 1399 3796 1448 tota

2161 1476 2588 1545 meminisse;et
2612 1478 2900 1550 quidquid
2923 1479 3216 1553 intelligit,
3240 1483 3721 1556 totaintelligere;
3742 1488 3787 1539 et

2160 1566 2450 1638 quidquid
2472 1566 2856 1623 nihilominus
2879 1569 3008 1640 ipsa
3030 1586 3197 1625 mens
3221 1570 3440 1644 diligit,
3464 1577 3590 1628 tota
3609 1589 3789 1645 cogno-

2162 1657 2345 1711 scitur
2360 1672 2523 1711 mens
2545 1656 2802 1712 hominis
2816 1675 2926 1713 sua
2940 1660 3235 1714 voluntate
3257 1660 3528 1733 diligere.
3547 1661 3678 1732 Ista,
3702 1663 3789 1717 Fa-

2162 1744 2353 1809 biane,
2378 1744 2427 1799 si
2453 1749 2635 1815 potes,
2678 1747 2933 1816 attende,
2957 1748 3072 1803 ista
3093 1748 3305 1821 cogita,
3329 1750 3450 1806 ista
3472 1749 3778 1807 rationabili

2155 1825 3787 1905 intentioneconsidera.Deconsiderationeimaginiscou-

2157 1916 2371 1971 scende
2387 1917 2459 1972 ad
2474 1915 2916 1988 intelligentiam
2934 1919 3216 1988 veritatis;
3240 1925 3297 1977 et
3318 1922 3558 1978 inventa
3580 1922 3665 1978 hic
3678 1922 3782 1977 dis-

2158 2011 2315 2060 creta
2342 2004 2628 2061 Trinitate
2661 2006 2990 2070 nominum,
3018 2008 3371 2065 Trinitatem
3404 2011 3524 2067 illic
3546 2010 3780 2081 intelligo

2162 2100 2631 2166 personarum;et
2642 2112 2953 2167 agnoscens
2969 2097 3026 2152 in
3041 2105 3365 2155 unamente
3378 2100 3790 2168 bominis,uoam

2158 2186 2435 2241 memoriae
2450 2190 2506 2238 et
2519 2184 2906 2257 intelligentia:
2923 2192 2980 2242 et
2992 2188 3311 2244 voluntatis
3326 2191 3659 2246 individuam
3676 2204 3787 2245 esse

2165 2281 2454 2341 naturam,
2487 2290 2773 2346 cognosce
2798 2276 2854 2330 in
2884 2276 2984 2331 illa
3006 2292 3140 2333 vera
3160 2278 3462 2336 divinitate
3483 2295 3646 2334 unam
3668 2294 3783 2333 ma-

2164 2380 2300 2420 nere
2332 2365 2479 2419 601
2518 2369 2729 2419 sanctis
2761 2365 3065 2421 Trinitatis
3094 2368 3438 2425 essentiam.
3466 2369 3620 2424 Tunc
3662 2382 3783 2437 pro-

2166 2456 2313 2511 fecto
2346 2453 2401 2508 in
2440 2455 2809 2526 perceptione
2835 2454 3015 2526 hujus
3048 2456 3292 2514 rationis
3321 2458 3556 2515 dabitur
3571 2457 3671 2513 tibi
3699 2472 3785 2512 co-

2165 2543 2349 2615 gnitio
2380 2542 2720 2599 Trinitatis:
2755 2561 2935 2615 quam
2965 2546 3014 2600 si
3044 2544 3103 2600 in
3138 2546 3246 2602 hac
3287 2549 3408 2603 vita
3454 2547 3659 2603 videris
3698 2561 3781 2618 per

2168 2632 2475 2704 speculum
2508 2632 2565 2686 in
2599 2632 3255 2705 aenigmate,tuminilla
3272 2637 3397 2693 vita
3418 2636 3635 2693 videbis
3654 2635 3777 2691 facie

2170 2723 2240 2780 ad
2275 2723 2503 2778 faciem.
2537 2727 2658 2778 Hoc
2686 2732 2775 2778 est
2803 2724 2959 2778 enim
2993 2728 3150 2796 quod
3182 2728 3504 2797 Apostolus
3523 2726 3615 2783 ait:
3648 2726 3783 2781 Vide-

2169 2829 2292 2868 mus
2321 2814 2472 2868 enim
2496 2828 2647 2868 nunc
2661 2829 2763 2883 per
2782 2814 3062 2884 speculum
3082 2815 3142 2870 in
3163 2818 3617 2885 {enigmathunc
3630 2822 3786 2872 autem

2169 2902 2318 2975 facie
2347 2909 2397 2958 et
2430 2904 2635 2971 faciem
2662 2902 2713 2972 (ι
2745 2902 2871 2958 Cor.
2905 2920 3032 2970 xm,
3064 2905 3167 2973 12).
3204 2906 3266 2959 In
3301 2905 3416 2962 hoc
3456 2907 3628 2979 igitur
3677 2919 3781 2975 spe-

2174 2995 2304 3051 culo
2337 2993 2650 3050 creationis
2682 2993 2954 3049 humanae
2983 3011 3264 3067 cognosce
3295 2997 3585 3054 Creatoris
3612 2993 3788 3066 imagi-

2181 3101 2332 3141 nem.
2364 3084 2412 3140 si
2443 3084 2527 3139 vis
2548 3083 2736 3154 ipsam
2754 3084 3044 3140 Creatoris
3071 3086 3452 3156 postmodum
3474 3097 3779 3159 cognoscere

418 3178 614 3243 ﬁdem,
636 3193 749 3232 non
772 3144 1546 3247 perspeciemambulamus,
1568 3144 2061 3227 cumdil‘ﬁcultate
2092 3144 2137 3213 CI
2177 3174 2498 3230 veritatem.
2528 3144 2780 3228 A'mbula
2812 3190 2913 3243 per
2942 3144 3092 3229 hanc
3151 3175 3354 3243 ﬁdem,
3412 3181 3477 3233 ut
3525 3144 3782 3248 parvenire

415 3267 610 3338 magni
626 3265 974 3335 Iaboris.per
989 3263 1294 3333 speculum
1317 3262 1376 3315 in
1402 3261 1715 3330 aenigmate,
1732 3276 1884 3315 nunc
1906 3260 2064 3316 vide-

422 3372 577 3411 mus.
609 3359 756 3411 Deus
778 3353 934 3409 enim
960 3352 1114 3407 sicut
1136 3352 1191 3405 in
1216 3366 1278 3406 se
1306 3349 1590 3405 bonorum
1613 3364 1859 3420 operum
1880 3365 2070 3405 exem-

419 3444 580 3515 plum
598 3442 935 3499 hominibus
952 3438 1269 3504 tribuit,sic
1283 3438 1681 3493 testimonium
1694 3454 1811 3492 sua:
1826 3438 2072 3508 agnitio-

421 3534 514 3589 nis
544 3535 603 3589 in
637 3530 978 3587 hominibus
1008 3527 1334 3597 collocavit;
1371 3533 1434 3583 ut
1463 3545 1597 3583 cum
1620 3529 1751 3599 ejus
1773 3527 1968 3599 imago
1989 3532 2070 3582 at-

418 3622 870 3689 tenditur,illius
887 3619 1263 3689 cujusimsgo
1286 3618 1609 3689 est,agnitio
1628 3618 2066 3689 capiatur.Nam

426 3713 475 3767 si
509 3710 722 3766 divina
750 3708 1105 3780 cognitionis
1137 3706 1370 3762 nullum
1402 3707 1614 3763 creatis
1645 3708 1820 3762 rebus
1851 3707 2073 3763 inesset

426 3799 733 3865 indicium,
768 3813 882 3851 non
908 3796 1154 3852 dixisset
1177 3797 1380 3851 beatus
1402 3795 1729 3866 Apostolus:
1755 3796 2073 3853 lnvisibilia

423 3888 575 3945 enim
599 3887 714 3956 ejus
742 3898 777 3940 a
804 3893 1060 3939 creatura
1089 3883 1306 3951 mundi,
1324 3900 1426 3954 per
1444 3900 1512 3940 ea
1533 3899 1659 3955 qua
1676 3888 1823 3956 facta
1840 3893 1970 3941 sunt
1989 3888 2072 3941 in-

420 3975 643 4035 tellecta
671 3973 1094 4045 conspiciuntur
1114 3974 1293 4045 (Rom.
1315 3991 1356 4044 1,
1379 3975 1489 4045 20).
1513 3974 1660 4032 Hinc
1682 3981 1771 4033 est
1791 3978 1945 4049 quod
1972 3977 2073 4034 illa

427 4081 666 4123 summa
684 4061 965 4128 Trinitas,
989 4079 1116 4134 quae
1144 4079 1255 4118 non
1278 4062 1454 4118 habet
1474 4080 1697 4136 parem,
1720 4067 1788 4121 ad
1812 4066 2075 4121 testimo-

424 4155 584 4212 nium
605 4171 725 4210 suce
739 4152 1077 4225 agnitionis,
1099 4168 1215 4208 non
1235 4153 1510 4223 cuiquam
1532 4154 1745 4225 pecori,
1771 4170 1875 4210 nec
1895 4155 2072 4210 alicui

432 4244 719 4301 animanti
758 4243 910 4313 quod
931 4258 1043 4297 non
1064 4246 1257 4315 potest
1274 4257 1482 4313 capere
1503 4242 1811 4313 rationem,
1834 4259 1937 4300 nec
1957 4244 2070 4315 ipsi

426 4335 655 4406 corpori
685 4334 963 4400 humano,
995 4332 1097 4389 sed
1128 4330 1393 4386 interiori
1428 4330 1651 4387 homini
1683 4337 1885 4389 nostro
1901 4349 2071 4388 suam

428 4425 778 4482 mirabiliter
796 4423 1097 4496 impressit
1119 4423 1458 4495 imaginem:
1484 4423 1584 4479 ubi
1606 4440 1719 4479 non
1740 4428 1829 4480 est
1854 4440 2077 4481 mascu-

2173 3263 2366 3337 possis
2382 3264 2451 3317 ad
2467 3263 2742 3333 speciem.
2757 3264 2818 3317 In
2841 3279 2957 3333 qua
2972 3263 3148 3319 simul
3163 3265 3340 3320 etiam
3372 3265 3693 3336 mysterium
3706 3259 3783 3315 di-

2174 3356 2317 3409 vinas
2352 3354 2778 3409 lncarnationis
2809 3354 3046 3409 attende
3072 3370 3084 3409 :
3142 3359 3207 3409 ut
3237 3371 3529 3426 agnoscas
3556 3363 3605 3409 et
3631 3350 3783 3409 totius

2174 3444 2479 3501 Trinitatis
2512 3459 2687 3498 unam
2712 3459 2840 3498 esse
2860 3444 3274 3509 substantiam,
3301 3452 3362 3499 et
3386 3442 3782 3516 susceptionem

2175 3533 2369 3589 carnis
2388 3532 2456 3587 ad
2475 3530 2797 3587 solamFilii
2811 3532 3101 3602 pertinere
3117 3535 3592 3604 personam.[psa
3605 3529 3789 3603 quippe

2179 3620 2481 3689 memoria,
2515 3637 2643 3691 quer
2676 3620 2735 3675 in
2769 3621 2968 3676 anima
2998 3621 3255 3678 hominis
3277 3628 3372 3678 est
3405 3629 3467 3679 ut
3496 3618 3701 3693 aliquid
3725 3616 3788 3670 lo-

2176 3716 2413 3784 quatur,
2467 3710 2684 3781 profert
2712 3725 2783 3764 ex
2821 3725 2950 3766 sese
2980 3711 3420 3783 cogitationem,
3451 3717 3507 3767 et
3534 3709 3784 3783 quodam-

2179 3801 2351 3856 modo
2374 3798 2634 3855 nascitur
2655 3815 2724 3854 ex
2754 3815 2822 3854 ea
2851 3798 3113 3869 spiritale
3131 3802 3396 3857 verbum.
3422 3804 3596 3873 Atque
3611 3798 3681 3853 ita
3699 3793 3780 3849 illa

2177 3887 2479 3944 rationalis
2521 3887 2728 3943 animae
2766 3903 2880 3944 una
2908 3888 3409 3961 indivisibilisque
3444 3895 3658 3953 natura,
3685 3885 3787 3937 tota

2175 3977 2980 4048 inveniturmeminissequod
2998 3978 3353 4048 intelligit,et
3371 3985 3491 4037 tota
3507 3973 3786 4045 intelligere

2178 4067 2332 4140 quod
2348 4066 2640 4134 menimit,
2658 4070 2717 4121 et
2733 4065 3019 4137 quidquid
3039 4065 3210 4124 oculo
3225 4068 3518 4125 memoria
3534 4067 3778 4121 intuetur.

2177 4162 2365 4213 totum
2385 4154 2736 4226 cogitatione
2753 4156 3013 4226 compleo
3024 4155 3189 4211 titur.
3215 4157 3350 4220 Qua
3374 4154 3631 4228 cogitatio
3653 4154 3707 4204 ut
3722 4144 3782 4201 ad

2179 4245 2423 4301 aliorum
2442 4244 2709 4299 notitiam
2731 4244 3080 4315 proteratur,
3100 4261 3522 4315 corporeavoce
3534 4246 3775 4314 gestetur.

2180 4334 2284 4391 Illa
2316 4333 2533 4406 quippe
2563 4332 2859 4404 cogitatio,
2893 4332 3039 4387 nihil
3074 4339 3164 4389 est
3193 4334 3350 4391 aliud
3386 4349 3553 4408 quam
3583 4332 3778 4386 interna

2180 4423 2417 4479 locutio.
2447 4420 2611 4477 Unde
2630 4422 2785 4476 intra
2805 4421 3009 4476 semeti
3018 4438 3183 4492 psam
3209 4423 3508 4479 rationalis
3528 4419 3705 4477 anima
3719 4410 3780 4466 lo-

424 4515 518 4571 lus
549 4530 739 4587 neque
768 4513 1007 4584 femina,
1032 4513 1170 4584 quia
1197 4513 1255 4568 in
1279 4512 1486 4585 spiritu
1511 4513 1674 4569 nulla
1696 4518 1884 4586 potest
1904 4530 2074 4570 sexus
2104 4516 2151 4581 D
2183 4513 2404 4585 quitur,
2436 4512 2578 4565 dum
2608 4511 2960 4582 cogitatione
2989 4517 3184 4567 versat
3226 4514 3384 4583 quod
3433 4513 3490 4567 in
3538 4499 3780 4564 memoria

427 4603 679 4660 inveniri
709 4601 1010 4658 distantia.
1039 4602 1095 4657 Si
1129 4619 1258 4659 vere
1287 4601 1656 4673 igitur,duce
1678 4604 1926 4669 ratione,
1950 4620 2077 4675 my-

430 4691 678 4747 sterium
694 4689 780 4744 vis
795 4706 1039 4744 summie
1062 4690 1365 4748 Trinitatis
1391 4697 1691 4765 utcunque
1705 4706 2073 4764 cognoscere,

430 4780 750 4835 humanam
768 4782 1046 4846 mentem,
1090 4796 1204 4835 non
1232 4780 1399 4835 oculo
1421 4781 1701 4851 corporis,
1726 4781 1825 4837 sed
1867 4781 2076 4836 obtutu

435 4868 696 4926 interiori
721 4868 969 4923 intuere.
1003 4867 1144 4923 Redi
1175 4869 1247 4924 ad
1279 4875 1353 4937 te,
1388 4873 1451 4924 ut
1481 4885 1765 4941 agnoscas
1794 4885 1928 4924 eum
1976 4869 2077 4942 qui

430 4959 572 5023 fecit
598 4962 673 5015 te.
708 4957 794 5013 Ibi
826 4961 882 5013 te
903 4973 1143 5028 prorsus
1165 4957 1501 5030 introspice;
1524 4958 1624 5013 ubi
1651 4957 1832 5013 habes
1856 4956 2078 5029 aliquid

433 5046 700 5115 rationis;
732 5050 791 5103 et
819 5045 1017 5102 statim
1049 5046 1153 5101 tibi
1185 5046 1243 5100 in
1276 5062 1385 5101 sua
1408 5046 1687 5117 imagine,
1710 5051 1992 5117 tanquam
2020 5048 2078 5101 in

434 5136 696 5211 speculo,
728 5134 1008 5191 clarescet
1040 5133 1260 5206 agnitio
1289 5133 1616 5191 Trinitatis.
1652 5137 1741 5190 Ita
1771 5135 1869 5190 ﬁet
1908 5139 1974 5190 ut
2019 5135 2079 5190 in

434 5226 904 5286 consideratione
936 5241 1051 5280 non
1082 5223 1289 5296 genitae
1314 5222 1614 5297 imaginis,
1651 5225 1752 5281 sed
1772 5228 1998 5294 creatae,
2022 5224 2082 5280 id

433 5324 525 5374 est
557 5321 779 5373 natura:
815 5313 1066 5369 multum
1102 5311 1393 5368 inferioris
1416 5312 1791 5385 multumque
1811 5312 2083 5385 imparis,

436 5410 724 5465 unitatem
739 5404 1208 5475 Trinitatemque
1224 5419 1442 5474 veram,
1458 5408 1744 5475 quantum
1766 5420 1867 5475 per
1882 5420 2085 5475 specu-

433 5493 947 5562 lumineenigmate
970 5491 1147 5548 videri
1171 5496 1379 5561 potest,
1396 5493 1611 5549 summi
1638 5491 1893 5564 reperias
1914 5496 2081 5547 Crea-

435 5584 601 5638 toris.
639 5579 954 5635 Suntenim
972 5578 1239 5650 quaedam
1257 5579 1438 5635 triain
1464 5588 1650 5635 mente
1675 5578 1935 5635 humana
1954 5595 2084 5651 quas

435 5667 511 5726 ad
548 5664 909 5740 agnitionem
925 5666 1025 5725 Dei
1036 5664 1369 5737 proﬁciant,
1417 5668 1468 5725 si
1503 5685 1619 5727 non
1641 5667 1754 5727 sibi
1775 5667 2084 5729 obduratio

2186 4601 2536 4658 continetur:
2560 4603 2618 4655 et
2641 4599 2769 4654 ideo
2795 4600 2972 4671 digne
2984 4600 3108 4669 jam
3132 4602 3349 4657 dicitur
3364 4601 3617 4666 verbum,
3637 4590 3783 4649 etiam

2189 4690 2351 4761 prius
2375 4704 2545 4757 quam
2571 4703 2812 4757 corpore
2829 4703 2894 4742 ac
2924 4687 3081 4743 vocis
3104 4688 3295 4745 ofﬁcio
3319 4689 3649 4762 proferatur.
3678 4677 3786 4731 νευ-

2187 4778 2324 4833 bum
2358 4777 2555 4845 itaque
2585 4774 2731 4830 illud
2760 4775 3043 4846 spiritale,
3074 4776 3131 4831 id
3182 4784 3291 4846 est,
3326 4794 3393 4834 ex
3416 4770 3679 4832 memoria
3697 4766 3790 4820 for—

2189 4871 2347 4922 mata
2361 4864 2925 4935 cogitatio,habitum
2948 4866 3383 4937 quodammodo
3397 4863 3598 4935 accipit
3618 4868 3786 4926 corpo-

2189 4955 2392 5021 ralem,
2422 4954 2561 5009 dum
2586 4953 2705 5009 acci
2716 4955 2801 5025 pit
2829 4971 3168 5026 corpoream
3191 4972 3410 5012 vocem.
3440 4956 3626 5023 Itaque
3648 4944 3788 5001 mira-

2189 5044 2387 5101 biliter
2410 5041 2553 5096 illud
2575 5043 2844 5112 verbum,
2867 5047 2924 5098 et
2944 5044 3016 5099 ad
3040 5044 3187 5101 alios
3213 5048 3447 5117 accepta
3465 5056 3591 5098 voce
3612 5044 3777 5117 procer

2190 5134 2355 5206 dit,et
2375 5149 2409 5188 a
2426 5130 2705 5187 memoria
2718 5132 2790 5188 de
2806 5149 2923 5203 qua
2950 5136 3209 5190 nascitur
3234 5115 3591 5190 non—recedit:
3613 5138 3704 5181 nec
3722 5115 3790 5174 di-

2190 5221 2397 5280 visioni
2431 5221 2714 5291 subiacet;
2735 5223 3213 5294 quandoquidem
3235 5240 3349 5279 uno
3370 5221 3538 5279 verbo
3556 5233 3619 5273 ex
3636 5225 3717 5270 ore
3730 5207 3788 5261 10'

2193 5308 3539 5387 quentiaemisso,sicinstruunturuniversiqui
3561 5297 3786 5361 audiunt.

2194 5407 2258 5458 ut
2287 5399 2442 5471 quod
2465 5398 2641 5454 semel
2661 5399 2881 5455 dictum
2905 5400 3156 5456 audiunt
3171 5400 3385 5467 cuncti,
3409 5400 3530 5455 sine
3543 5387 3782 5450 divisione

2193 5494 2379 5545 totum
2401 5486 2973 5559 percipiantsinguli.
3003 5491 3207 5561 Itaque
3230 5489 3459 5544 verbum
3484 5481 3788 5548 illud,quan-

2194 5576 2700 5637 tuminveniturin
2719 5578 2973 5647 cunctis,
2996 5582 3224 5635 tantum
3249 5577 3532 5634 invenitur
3553 5572 3606 5627 in
3626 5568 3787 5635 singu'

2196 5668 2293 5728 lis.
2324 5669 2529 5725 Totum
2563 5666 2765 5741 itaque
2796 5667 2857 5726 in
2880 5667 3167 5727 memoria
3188 5670 3484 5743 permanet
3501 5663 3570 5722 de
3588 5670 3693 5734 qua
3713 5660 3789 5707 ιιι·
