  <div class='ocr_page' id='page_1' title='image "/cluster/home/n/w/nwhite01/storage/ocr_20150623/65-66/uva.x000827080/396.png"; bbox 0 0 3918 6222; ppageno 0'>
   <div class='ocr_carea' id='block_1_1' title="bbox 62 314 177 375">
    <p class='ocr_par' dir='ltr' id='par_1_1' title="bbox 62 314 177 375">
     <span class='ocr_line' id='line_1_1' title="bbox 62 314 177 375; baseline -0.009 0"><span class='ocrx_word' id='word_1_1' title='bbox 62 314 177 375; x_wconf 83' lang='grc' dir='ltr'><strong>’ΠΊ</strong></span> 
     </span>
    </p>
   </div>
   <div class='ocr_carea' id='block_1_2' title="bbox 1103 281 2433 364">
    <p class='ocr_par' dir='ltr' id='par_1_2' title="bbox 1103 281 2433 364">
     <span class='ocr_line' id='line_1_2' title="bbox 1103 281 2433 364; baseline -0.002 0"><span class='ocrx_word' id='word_1_2' title='bbox 1103 299 1425 364; x_wconf 78' lang='lat' dir='ltr'><strong>CONTRA</strong></span> <span class='ocrx_word' id='word_1_3' title='bbox 1471 281 1882 358; x_wconf 81' lang='lat' dir='ltr'><strong>FABIANUM</strong></span> <span class='ocrx_word' id='word_1_4' title='bbox 1927 297 2433 362; x_wconf 68' lang='lat' dir='ltr'><strong>FRAGMENTA.</strong></span> 
     </span>
    </p>
   </div>
   <div class='ocr_carea' id='block_1_3' title="bbox 3370 293 3490 368">
    <p class='ocr_par' dir='ltr' id='par_1_3' title="bbox 3370 293 3490 368">
     <span class='ocr_line' id='line_1_3' title="bbox 3370 293 3490 368; baseline 0.05 -6"><span class='ocrx_word' id='word_1_5' title='bbox 3370 293 3490 368; x_wconf 80' lang='lat'><strong>778</strong></span> 
     </span>
    </p>
   </div>
   <div class='ocr_carea' id='block_1_4' title="bbox 66 428 3491 519">
    <p class='ocr_par' dir='ltr' id='par_1_4' title="bbox 66 428 3491 519">
     <span class='ocr_line' id='line_1_4' title="bbox 66 428 3491 519; baseline -0.002 -16"><span class='ocrx_word' id='word_1_6' title='bbox 66 465 157 519; x_wconf 83' lang='lat' dir='ltr'><strong>per</strong></span> <span class='ocrx_word' id='word_1_7' title='bbox 181 449 371 518; x_wconf 81' lang='lat' dir='ltr'><strong>ipsum</strong></span> <span class='ocrx_word' id='word_1_8' title='bbox 404 444 454 515; x_wconf 80' lang='lat' dir='ltr'><strong>(l</strong></span> <span class='ocrx_word' id='word_1_9' title='bbox 489 443 618 498; x_wconf 86' lang='lat' dir='ltr'><strong>Cor.</strong></span> <span class='ocrx_word' id='word_1_10' title='bbox 646 455 764 507; x_wconf 76' lang='lat' dir='ltr'><strong>vui,</strong></span> <span class='ocrx_word' id='word_1_11' title='bbox 797 437 951 507; x_wconf 86' lang='lat' dir='ltr'><strong>6).Et</strong></span> <span class='ocrx_word' id='word_1_12' title='bbox 981 436 1184 492; x_wconf 84' lang='lat' dir='ltr'><strong>ﬁdeles</strong></span> <span class='ocrx_word' id='word_1_13' title='bbox 1217 433 1359 489; x_wconf 81' lang='lat' dir='ltr'><strong>dixit</strong></span> <span class='ocrx_word' id='word_1_14' title='bbox 1381 428 1722 488; x_wconf 67' lang='lat' dir='ltr'><strong>coaeditirari</strong></span> <span class='ocrx_word' id='word_1_15' title='bbox 1755 429 1806 494; x_wconf 81' lang='grc' dir='ltr'><strong>Α</strong></span> <span class='ocrx_word' id='word_1_16' title='bbox 1837 429 1970 502; x_wconf 76' lang='lat' dir='ltr'><strong>igne</strong></span> <span class='ocrx_word' id='word_1_17' title='bbox 2014 433 2250 504; x_wconf 79' lang='lat' dir='ltr'><strong>quidem</strong></span> <span class='ocrx_word' id='word_1_18' title='bbox 2300 452 2428 490; x_wconf 86' lang='lat' dir='ltr'><strong>csse</strong></span> <span class='ocrx_word' id='word_1_19' title='bbox 2458 434 2791 508; x_wconf 79' lang='lat' dir='ltr'><strong>splendoris</strong></span> <span class='ocrx_word' id='word_1_20' title='bbox 2824 440 2880 493; x_wconf 92' lang='lat' dir='ltr'><strong>et</strong></span> <span class='ocrx_word' id='word_1_21' title='bbox 2907 438 3141 509; x_wconf 84' lang='lat' dir='ltr'><strong>vaporis</strong></span> <span class='ocrx_word' id='word_1_22' title='bbox 3177 439 3491 513; x_wconf 83' lang='lat' dir='ltr'><strong>originem,</strong></span> 
     </span>
    </p>
   </div>
   <div class='ocr_carea' id='block_1_5' title="bbox 72 525 1730 598">
    <p class='ocr_par' dir='ltr' id='par_1_5' title="bbox 72 525 1730 598">
     <span class='ocr_line' id='line_1_5' title="bbox 72 525 1730 598; baseline -0.012 -6"><span class='ocrx_word' id='word_1_23' title='bbox 72 539 124 592; x_wconf 90' lang='lat' dir='ltr'><strong>in</strong></span> <span class='ocrx_word' id='word_1_24' title='bbox 159 533 570 591; x_wconf 75' lang='lat' dir='ltr'><strong>habitaculum</strong></span> <span class='ocrx_word' id='word_1_25' title='bbox 593 533 686 586; x_wconf 78' lang='lat' dir='ltr'><strong>Dei</strong></span> <span class='ocrx_word' id='word_1_26' title='bbox 713 529 773 584; x_wconf 83' lang='lat' dir='ltr'><strong>in</strong></span> <span class='ocrx_word' id='word_1_27' title='bbox 806 526 1021 598; x_wconf 78' lang='lat' dir='ltr'><strong>Spiritu</strong></span> <span class='ocrx_word' id='word_1_28' title='bbox 1049 525 1256 596; x_wconf 81' lang='lat' dir='ltr'><strong>(Ephes.</strong></span> <span class='ocrx_word' id='word_1_29' title='bbox 1296 541 1357 587; x_wconf 77' lang='grc' dir='ltr'><strong>ιι,</strong></span> <span class='ocrx_word' id='word_1_30' title='bbox 1392 526 1500 590; x_wconf 72' lang='lat'><strong>22;.</strong></span> <span class='ocrx_word' id='word_1_31' title='bbox 1526 525 1730 574; x_wconf 75' lang='lat' dir='ltr'><strong>05!er</strong></span> 
     </span>
    </p>
   </div>
   <div class='ocr_carea' id='block_1_6' title="bbox 75 607 1731 681">
    <p class='ocr_par' dir='ltr' id='par_1_6' title="bbox 75 607 1731 681">
     <span class='ocr_line' id='line_1_6' title="bbox 75 607 1731 681; baseline -0.011 0"><span class='ocrx_word' id='word_1_32' title='bbox 75 629 209 681; x_wconf 88' lang='lat' dir='ltr'><strong>deos</strong></span> <span class='ocrx_word' id='word_1_33' title='bbox 234 629 446 680; x_wconf 88' lang='lat' dir='ltr'><strong>autem</strong></span> <span class='ocrx_word' id='word_1_34' title='bbox 485 636 672 677; x_wconf 87' lang='lat' dir='ltr'><strong>unum</strong></span> <span class='ocrx_word' id='word_1_35' title='bbox 706 619 890 673; x_wconf 90' lang='lat' dir='ltr'><strong>Deum</strong></span> <span class='ocrx_word' id='word_1_36' title='bbox 926 632 1055 672; x_wconf 89' lang='lat' dir='ltr'><strong>esse</strong></span> <span class='ocrx_word' id='word_1_37' title='bbox 1085 613 1427 669; x_wconf 79' lang='lat' dir='ltr'><strong>Trinitatem</strong></span> <span class='ocrx_word' id='word_1_38' title='bbox 1454 611 1554 676; x_wconf 89' lang='lat' dir='ltr'><strong>ait,</strong></span> <span class='ocrx_word' id='word_1_39' title='bbox 1577 609 1617 664; x_wconf 93' lang='lat'><em>0</em></span> <span class='ocrx_word' id='word_1_40' title='bbox 1651 607 1731 662; x_wconf 84' lang='lat' dir='ltr'><strong>al-</strong></span> 
     </span>
    </p>
   </div>
   <div class='ocr_carea' id='block_1_7' title="bbox 74 703 1731 780">
    <p class='ocr_par' dir='ltr' id='par_1_7' title="bbox 74 703 1731 780">
     <span class='ocr_line' id='line_1_7' title="bbox 74 703 1731 780; baseline -0.011 -10"><span class='ocrx_word' id='word_1_41' title='bbox 74 714 236 770; x_wconf 83' lang='lat' dir='ltr'><strong>titudo</strong></span> <span class='ocrx_word' id='word_1_42' title='bbox 280 711 630 767; x_wconf 78' lang='lat' dir='ltr'><strong>divitiarum</strong></span> <span class='ocrx_word' id='word_1_43' title='bbox 659 707 950 780; x_wconf 69' lang='lat' dir='ltr'><strong>sapientiae</strong></span> <span class='ocrx_word' id='word_1_44' title='bbox 977 710 1030 761; x_wconf 85' lang='lat' dir='ltr'><strong>et</strong></span> <span class='ocrx_word' id='word_1_45' title='bbox 1061 704 1304 759; x_wconf 76' lang='lat' dir='ltr'><strong>scientiae</strong></span> <span class='ocrx_word' id='word_1_46' title='bbox 1327 703 1423 756; x_wconf 87' lang='lat' dir='ltr'><strong>Dei</strong></span> <span class='ocrx_word' id='word_1_47' title='bbox 1453 703 1626 770; x_wconf 82' lang='lat' dir='ltr'><strong>(Rom.</strong></span> <span class='ocrx_word' id='word_1_48' title='bbox 1666 715 1731 767; x_wconf 83' lang='grc' dir='ltr'><strong>ιι,</strong></span> 
     </span>
    </p>
   </div>
   <div class='ocr_carea' id='block_1_8' title="bbox 72 793 1732 875">
    <p class='ocr_par' dir='ltr' id='par_1_8' title="bbox 72 793 1732 875">
     <span class='ocr_line' id='line_1_8' title="bbox 72 793 1732 875; baseline -0.01 -15"><span class='ocrx_word' id='word_1_49' title='bbox 72 806 182 872; x_wconf 87' lang='lat'><strong>33)!</strong></span> <span class='ocrx_word' id='word_1_50' title='bbox 209 807 273 859; x_wconf 88' lang='lat' dir='ltr'><strong>Et</strong></span> <span class='ocrx_word' id='word_1_51' title='bbox 297 801 486 875; x_wconf 86' lang='lat' dir='ltr'><strong>paulo</strong></span> <span class='ocrx_word' id='word_1_52' title='bbox 523 803 653 873; x_wconf 87' lang='lat' dir='ltr'><strong>post</strong></span> <span class='ocrx_word' id='word_1_53' title='bbox 685 815 698 854; x_wconf 86' lang='lat'><strong>:</strong></span> <span class='ocrx_word' id='word_1_54' title='bbox 762 796 1039 866; x_wconf 82' lang='lat' dir='ltr'><strong>Quoniam</strong></span> <span class='ocrx_word' id='word_1_55' title='bbox 1069 812 1140 850; x_wconf 74' lang='lat' dir='ltr'><strong>ex</strong></span> <span class='ocrx_word' id='word_1_56' title='bbox 1165 795 1282 865; x_wconf 83' lang='lat' dir='ltr'><strong>ipso</strong></span> <span class='ocrx_word' id='word_1_57' title='bbox 1313 801 1366 848; x_wconf 81' lang='lat' dir='ltr'><strong>et</strong></span> <span class='ocrx_word' id='word_1_58' title='bbox 1397 808 1496 862; x_wconf 87' lang='lat' dir='ltr'><strong>per</strong></span> <span class='ocrx_word' id='word_1_59' title='bbox 1526 793 1732 860; x_wconf 89' lang='lat' dir='ltr'><strong>ipsum,</strong></span> 
     </span>
    </p>
   </div>
   <div class='ocr_carea' id='block_1_9' title="bbox 72 879 1732 964">
    <p class='ocr_par' dir='ltr' id='par_1_9' title="bbox 72 879 1732 964">
     <span class='ocr_line' id='line_1_9' title="bbox 72 879 1732 964; baseline -0.009 -16"><span class='ocrx_word' id='word_1_60' title='bbox 72 901 116 948; x_wconf 75' lang='lat' dir='ltr'><strong>et</strong></span> <span class='ocrx_word' id='word_1_61' title='bbox 143 897 198 948; x_wconf 86' lang='lat' dir='ltr'><strong>in</strong></span> <span class='ocrx_word' id='word_1_62' title='bbox 228 895 349 964; x_wconf 90' lang='lat' dir='ltr'><strong>ipso</strong></span> <span class='ocrx_word' id='word_1_63' title='bbox 381 893 527 946; x_wconf 79' lang='lat' dir='ltr'><strong>sunt</strong></span> <span class='ocrx_word' id='word_1_64' title='bbox 581 890 773 945; x_wconf 82' lang='lat' dir='ltr'><strong>omnia</strong></span> <span class='ocrx_word' id='word_1_65' title='bbox 801 905 815 955; x_wconf 93' lang='lat'><strong>;</strong></span> <span class='ocrx_word' id='word_1_66' title='bbox 866 887 978 957; x_wconf 86' lang='lat' dir='ltr'><strong>ipsi</strong></span> <span class='ocrx_word' id='word_1_67' title='bbox 1006 887 1186 956; x_wconf 82' lang='lat' dir='ltr'><strong>gloria</strong></span> <span class='ocrx_word' id='word_1_68' title='bbox 1215 884 1278 939; x_wconf 90' lang='lat' dir='ltr'><strong>in</strong></span> <span class='ocrx_word' id='word_1_69' title='bbox 1307 883 1514 940; x_wconf 76' lang='lat' dir='ltr'><strong>saecula</strong></span> <span class='ocrx_word' id='word_1_70' title='bbox 1543 879 1732 951; x_wconf 85' lang='lat' dir='ltr'><strong>(Ibid.,</strong></span> 
     </span>
    </p>
   </div>
   <div class='ocr_carea' id='block_1_10' title="bbox 72 969 1729 1046">
    <p class='ocr_par' dir='ltr' id='par_1_10' title="bbox 72 969 1729 1046">
     <span class='ocr_line' id='line_1_10' title="bbox 72 969 1729 1046; baseline -0.009 -8"><span class='ocrx_word' id='word_1_71' title='bbox 72 984 172 1044; x_wconf 74' lang='lat'><strong>36).</strong></span> <span class='ocrx_word' id='word_1_72' title='bbox 205 985 424 1038; x_wconf 81' lang='lat' dir='ltr'><strong>Beatus</strong></span> <span class='ocrx_word' id='word_1_73' title='bbox 475 993 616 1034; x_wconf 75' lang='lat' dir='ltr'><strong>vero</strong></span> <span class='ocrx_word' id='word_1_74' title='bbox 644 978 904 1033; x_wconf 78' lang='lat' dir='ltr'><strong>Joannes</strong></span> <span class='ocrx_word' id='word_1_75' title='bbox 935 973 1238 1046; x_wconf 85' lang='lat' dir='ltr'><strong>apostolus</strong></span> <span class='ocrx_word' id='word_1_76' title='bbox 1269 971 1573 1028; x_wconf 82' lang='lat' dir='ltr'><strong>evidenter</strong></span> <span class='ocrx_word' id='word_1_77' title='bbox 1604 969 1682 1024; x_wconf 88' lang='lat' dir='ltr'><strong>ait</strong></span> <span class='ocrx_word' id='word_1_78' title='bbox 1716 986 1729 1023; x_wconf 91' lang='lat'>:</span> 
     </span>
    </p>
   </div>
   <div class='ocr_carea' id='block_1_11' title="bbox 74 1059 1734 1138">
    <p class='ocr_par' dir='ltr' id='par_1_11' title="bbox 74 1059 1734 1138">
     <span class='ocr_line' id='line_1_11' title="bbox 74 1059 1734 1138; baseline -0.008 -11"><span class='ocrx_word' id='word_1_79' title='bbox 74 1074 127 1127; x_wconf 77' lang='lat' dir='ltr'><strong>Et</strong></span> <span class='ocrx_word' id='word_1_80' title='bbox 153 1081 256 1128; x_wconf 78' lang='lat' dir='ltr'><strong>tres</strong></span> <span class='ocrx_word' id='word_1_81' title='bbox 283 1085 476 1125; x_wconf 86' lang='lat' dir='ltr'><strong>unum</strong></span> <span class='ocrx_word' id='word_1_82' title='bbox 537 1070 663 1122; x_wconf 83' lang='lat' dir='ltr'><strong>sunt</strong></span> <span class='ocrx_word' id='word_1_83' title='bbox 697 1067 746 1138; x_wconf 86' lang='grc' dir='ltr'><strong>(ι</strong></span> <span class='ocrx_word' id='word_1_84' title='bbox 774 1067 936 1122; x_wconf 82' lang='lat' dir='ltr'><strong>Joan.</strong></span> <span class='ocrx_word' id='word_1_85' title='bbox 977 1081 1030 1131; x_wconf 90' lang='lat' dir='ltr'><strong>v,</strong></span> <span class='ocrx_word' id='word_1_86' title='bbox 1060 1064 1155 1134; x_wconf 88' lang='lat'><strong>7);</strong></span> <span class='ocrx_word' id='word_1_87' title='bbox 1182 1061 1341 1134; x_wconf 91' lang='lat' dir='ltr'><strong>quod</strong></span> <span class='ocrx_word' id='word_1_88' title='bbox 1374 1061 1444 1116; x_wconf 91' lang='lat' dir='ltr'><strong>de</strong></span> <span class='ocrx_word' id='word_1_89' title='bbox 1475 1059 1644 1115; x_wconf 82' lang='lat' dir='ltr'><strong>Patre</strong></span> <span class='ocrx_word' id='word_1_90' title='bbox 1677 1062 1734 1114; x_wconf 92' lang='lat' dir='ltr'><strong>et</strong></span> 
     </span>
    </p>
   </div>
   <div class='ocr_carea' id='block_1_12' title="bbox 73 1148 1730 1230">
    <p class='ocr_par' dir='ltr' id='par_1_12' title="bbox 73 1148 1730 1230">
     <span class='ocr_line' id='line_1_12' title="bbox 73 1148 1730 1230; baseline -0.008 -14"><span class='ocrx_word' id='word_1_91' title='bbox 73 1160 202 1217; x_wconf 80' lang='lat' dir='ltr'><strong>Filio</strong></span> <span class='ocrx_word' id='word_1_92' title='bbox 229 1163 287 1216; x_wconf 91' lang='lat' dir='ltr'><strong>et</strong></span> <span class='ocrx_word' id='word_1_93' title='bbox 325 1157 562 1230; x_wconf 76' lang='lat' dir='ltr'><strong>Spiritu</strong></span> <span class='ocrx_word' id='word_1_94' title='bbox 597 1159 800 1211; x_wconf 89' lang='lat' dir='ltr'><strong>sancto</strong></span> <span class='ocrx_word' id='word_1_95' title='bbox 834 1154 1082 1221; x_wconf 90' lang='lat' dir='ltr'><strong>dictum,</strong></span> <span class='ocrx_word' id='word_1_96' title='bbox 1117 1152 1273 1208; x_wconf 82' lang='lat' dir='ltr'><strong>sicut</strong></span> <span class='ocrx_word' id='word_1_97' title='bbox 1304 1148 1576 1222; x_wconf 84' lang='lat' dir='ltr'><strong>superius</strong></span> <span class='ocrx_word' id='word_1_98' title='bbox 1596 1163 1730 1203; x_wconf 89' lang='lat' dir='ltr'><strong>cum</strong></span> 
     </span>
    </p>
   </div>
   <div class='ocr_carea' id='block_1_13' title="bbox 76 1243 1129 1319">
    <p class='ocr_par' dir='ltr' id='par_1_13' title="bbox 76 1243 1129 1319">
     <span class='ocr_line' id='line_1_13' title="bbox 76 1243 1129 1319; baseline -0.006 -15"><span class='ocrx_word' id='word_1_99' title='bbox 76 1249 347 1306; x_wconf 87' lang='lat' dir='ltr'><strong>rationem</strong></span> <span class='ocrx_word' id='word_1_100' title='bbox 382 1246 697 1319; x_wconf 80' lang='lat' dir='ltr'><strong>ﬂagitares</strong></span> <span class='ocrx_word' id='word_1_101' title='bbox 727 1243 1129 1300; x_wconf 82' lang='lat' dir='ltr'><strong>ostendimus.</strong></span> 
     </span>
    </p>
   </div>
   <div class='ocr_carea' id='block_1_14' title="bbox 437 1363 1357 1428">
    <p class='ocr_par' dir='ltr' id='par_1_14' title="bbox 437 1363 1357 1428">
     <span class='ocr_line' id='line_1_14' title="bbox 437 1363 1357 1428; baseline -0.011 0"><span class='ocrx_word' id='word_1_102' title='bbox 437 1371 604 1428; x_wconf 69' lang='lat'><strong>606</strong></span> <span class='ocrx_word' id='word_1_103' title='bbox 640 1366 1139 1426; x_wconf 79' lang='lat' dir='ltr'><strong>FRAGMENTUM</strong></span> <span class='ocrx_word' id='word_1_104' title='bbox 1173 1363 1357 1421; x_wconf 82' lang='lat' dir='ltr'>XXII.</span> 
     </span>
    </p>
   </div>
   <div class='ocr_carea' id='block_1_15' title="bbox 82 1477 1732 1558">
    <p class='ocr_par' dir='ltr' id='par_1_15' title="bbox 82 1477 1732 1558">
     <span class='ocr_line' id='line_1_15' title="bbox 82 1477 1732 1558; baseline -0.007 -13"><span class='ocrx_word' id='word_1_105' title='bbox 82 1490 182 1544; x_wconf 80' lang='lat' dir='ltr'><strong>Non</strong></span> <span class='ocrx_word' id='word_1_106' title='bbox 227 1498 306 1545; x_wconf 75' lang='lat' dir='ltr'><strong>est</strong></span> <span class='ocrx_word' id='word_1_107' title='bbox 333 1488 497 1558; x_wconf 73' lang='lat' dir='ltr'><strong>ignis</strong></span> <span class='ocrx_word' id='word_1_108' title='bbox 554 1485 855 1558; x_wconf 16' lang='lat' dir='ltr'><strong>splendore;</strong></span> <span class='ocrx_word' id='word_1_109' title='bbox 898 1485 993 1558; x_wconf 69' lang='lat' dir='ltr'><strong>aut</strong></span> <span class='ocrx_word' id='word_1_110' title='bbox 1049 1497 1246 1552; x_wconf 80' lang='lat' dir='ltr'><strong>vapore</strong></span> <span class='ocrx_word' id='word_1_111' title='bbox 1301 1497 1400 1536; x_wconf 90' lang='lat' dir='ltr'><strong>suo</strong></span> <span class='ocrx_word' id='word_1_112' title='bbox 1423 1478 1619 1558; x_wconf 80' lang='lat' dir='ltr'><strong>prior:</strong></span> <span class='ocrx_word' id='word_1_113' title='bbox 1654 1477 1732 1534; x_wconf 88' lang='lat' dir='ltr'><strong>sic</strong></span> 
     </span>
    </p>
   </div>
   <div class='ocr_carea' id='block_1_16' title="bbox 142 1553 1660 1628">
    <p class='ocr_par' dir='ltr' id='par_1_16' title="bbox 142 1553 1660 1628">
     <span class='ocr_line' id='line_1_16' title="bbox 142 1553 1660 1628; baseline -0.007 -12"><span class='ocrx_word' id='word_1_114' title='bbox 142 1577 234 1618; x_wconf 82' lang='lat' dir='ltr'><strong>nec</strong></span> <span class='ocrx_word' id='word_1_115' title='bbox 281 1553 454 1616; x_wconf 58' lang='lat' dir='ltr'><strong>Pater</strong></span> <span class='ocrx_word' id='word_1_116' title='bbox 503 1553 676 1626; x_wconf 83' lang='lat' dir='ltr'><strong>Filio,</strong></span> <span class='ocrx_word' id='word_1_117' title='bbox 706 1565 800 1611; x_wconf 76' lang='lat' dir='ltr'><strong>aut</strong></span> <span class='ocrx_word' id='word_1_118' title='bbox 829 1555 1043 1628; x_wconf 82' lang='lat' dir='ltr'><strong>Spiritu</strong></span> <span class='ocrx_word' id='word_1_119' title='bbox 1065 1558 1254 1610; x_wconf 77' lang='lat' dir='ltr'><strong>sancto</strong></span> <span class='ocrx_word' id='word_1_120' title='bbox 1285 1561 1362 1608; x_wconf 79' lang='lat' dir='ltr'><strong>est</strong></span> <span class='ocrx_word' id='word_1_121' title='bbox 1387 1553 1660 1607; x_wconf 82' lang='lat' dir='ltr'><strong>anterior.</strong></span> 
     </span>
    </p>
   </div>
   <div class='ocr_carea' id='block_1_17' title="bbox 144 1666 1733 1741">
    <p class='ocr_par' dir='ltr' id='par_1_17' title="bbox 144 1666 1733 1741">
     <span class='ocr_line' id='line_1_17' title="bbox 144 1666 1733 1741; baseline -0.006 -11"><span class='ocrx_word' id='word_1_122' title='bbox 144 1673 282 1741; x_wconf 84' lang='lat' dir='ltr'><strong>Quid</strong></span> <span class='ocrx_word' id='word_1_123' title='bbox 314 1680 525 1730; x_wconf 88' lang='lat' dir='ltr'><strong>autem</strong></span> <span class='ocrx_word' id='word_1_124' title='bbox 561 1673 667 1729; x_wconf 84' lang='lat' dir='ltr'><strong>tibi</strong></span> <span class='ocrx_word' id='word_1_125' title='bbox 703 1673 896 1727; x_wconf 84' lang='lat' dir='ltr'><strong>visum</strong></span> <span class='ocrx_word' id='word_1_126' title='bbox 923 1676 1012 1727; x_wconf 83' lang='lat' dir='ltr'><strong>est</strong></span> <span class='ocrx_word' id='word_1_127' title='bbox 1043 1671 1235 1726; x_wconf 88' lang='lat' dir='ltr'><strong>dicere</strong></span> <span class='ocrx_word' id='word_1_128' title='bbox 1269 1685 1282 1724; x_wconf 89' lang='lat'><strong>:</strong></span> <span class='ocrx_word' id='word_1_129' title='bbox 1316 1691 1344 1718; x_wconf 76' lang='grc' dir='ltr'><strong>ι(</strong></span> <span class='ocrx_word' id='word_1_130' title='bbox 1370 1666 1733 1739; x_wconf 83' lang='lat' dir='ltr'><strong>Ergoneﬁeri</strong></span> 
     </span>
    </p>
   </div>
   <div class='ocr_carea' id='block_1_18' title="bbox 90 1758 1702 1835">
    <p class='ocr_par' dir='ltr' id='par_1_18' title="bbox 90 1758 1702 1835">
     <span class='ocr_line' id='line_1_18' title="bbox 90 1758 1702 1835; baseline -0.006 -16"><span class='ocrx_word' id='word_1_131' title='bbox 90 1768 263 1834; x_wconf 83' lang='lat' dir='ltr'><strong>potest</strong></span> <span class='ocrx_word' id='word_1_132' title='bbox 319 1769 387 1820; x_wconf 88' lang='lat' dir='ltr'><strong>ut</strong></span> <span class='ocrx_word' id='word_1_133' title='bbox 417 1763 526 1820; x_wconf 87' lang='lat' dir='ltr'><strong>ille</strong></span> <span class='ocrx_word' id='word_1_134' title='bbox 557 1765 661 1835; x_wconf 88' lang='lat' dir='ltr'><strong>qui</strong></span> <span class='ocrx_word' id='word_1_135' title='bbox 699 1764 962 1834; x_wconf 81' lang='lat' dir='ltr'><strong>generat,</strong></span> <span class='ocrx_word' id='word_1_136' title='bbox 995 1775 1129 1815; x_wconf 88' lang='lat' dir='ltr'><strong>cum</strong></span> <span class='ocrx_word' id='word_1_137' title='bbox 1153 1758 1256 1813; x_wconf 88' lang='lat' dir='ltr'><strong>illo</strong></span> <span class='ocrx_word' id='word_1_138' title='bbox 1274 1774 1442 1830; x_wconf 87' lang='lat' dir='ltr'><strong>quem</strong></span> <span class='ocrx_word' id='word_1_139' title='bbox 1469 1762 1702 1828; x_wconf 86' lang='lat' dir='ltr'><strong>generat</strong></span> 
     </span>
    </p>
   </div>
   <div class='ocr_carea' id='block_1_19' title="bbox 88 1846 1729 1923">
    <p class='ocr_par' dir='ltr' id='par_1_19' title="bbox 88 1846 1729 1923">
     <span class='ocr_line' id='line_1_19' title="bbox 88 1846 1729 1923; baseline -0.003 -17"><span class='ocrx_word' id='word_1_140' title='bbox 88 1853 284 1923; x_wconf 85' lang='lat' dir='ltr'><strong>pariter</strong></span> <span class='ocrx_word' id='word_1_141' title='bbox 301 1853 581 1908; x_wconf 75' lang='lat' dir='ltr'><strong>oriatur?</strong></span> <span class='ocrx_word' id='word_1_142' title='bbox 608 1873 636 1902; x_wconf 86' lang='lat'>»</span> <span class='ocrx_word' id='word_1_143' title='bbox 661 1852 753 1908; x_wconf 90' lang='lat' dir='ltr'><strong>Sic</strong></span> <span class='ocrx_word' id='word_1_144' title='bbox 778 1850 936 1905; x_wconf 80' lang='lat' dir='ltr'><strong>istud</strong></span> <span class='ocrx_word' id='word_1_145' title='bbox 961 1849 1216 1904; x_wconf 84' lang='lat' dir='ltr'><strong>inaniter</strong></span> <span class='ocrx_word' id='word_1_146' title='bbox 1245 1846 1478 1904; x_wconf 86' lang='lat' dir='ltr'><strong>voluisti</strong></span> <span class='ocrx_word' id='word_1_147' title='bbox 1511 1846 1729 1914; x_wconf 88' lang='lat' dir='ltr'><strong>dicere,</strong></span> 
     </span>
    </p>
   </div>
   <div class='ocr_carea' id='block_1_20' title="bbox 90 1934 1732 2010">
    <p class='ocr_par' dir='ltr' id='par_1_20' title="bbox 90 1934 1732 2010">
     <span class='ocr_line' id='line_1_20' title="bbox 90 1934 1732 2010; baseline -0.004 -15"><span class='ocrx_word' id='word_1_148' title='bbox 90 1941 238 2010; x_wconf 82' lang='lat' dir='ltr'><strong>quasi</strong></span> <span class='ocrx_word' id='word_1_149' title='bbox 260 1958 364 1998; x_wconf 89' lang='lat' dir='ltr'><strong>nos</strong></span> <span class='ocrx_word' id='word_1_150' title='bbox 379 1946 438 1997; x_wconf 89' lang='lat' dir='ltr'><strong>et</strong></span> <span class='ocrx_word' id='word_1_151' title='bbox 463 1941 582 1996; x_wconf 83' lang='lat' dir='ltr'><strong>hoc</strong></span> <span class='ocrx_word' id='word_1_152' title='bbox 605 1940 787 1996; x_wconf 88' lang='lat' dir='ltr'><strong>etiam</strong></span> <span class='ocrx_word' id='word_1_153' title='bbox 805 1938 1035 1994; x_wconf 88' lang='lat' dir='ltr'><strong>Patrem</strong></span> <span class='ocrx_word' id='word_1_154' title='bbox 1060 1937 1328 1993; x_wconf 86' lang='lat' dir='ltr'><strong>dicamus</strong></span> <span class='ocrx_word' id='word_1_155' title='bbox 1355 1934 1732 2006; x_wconf 89' lang='lat' dir='ltr'><strong>natum,quia</strong></span> 
     </span>
    </p>
   </div>
   <div class='ocr_carea' id='block_1_21' title="bbox 94 2026 1732 2087">
    <p class='ocr_par' dir='ltr' id='par_1_21' title="bbox 94 2026 1732 2087">
     <span class='ocr_line' id='line_1_21' title="bbox 94 2026 1732 2087; baseline -0.002 -4"><span class='ocrx_word' id='word_1_156' title='bbox 94 2029 279 2087; x_wconf 82' lang='lat' dir='ltr'><strong>Filium</strong></span> <span class='ocrx_word' id='word_1_157' title='bbox 316 2031 472 2087; x_wconf 82' lang='lat' dir='ltr'><strong>Patri</strong></span> <span class='ocrx_word' id='word_1_158' title='bbox 508 2030 768 2087; x_wconf 85' lang='lat' dir='ltr'><strong>dicimus</strong></span> <span class='ocrx_word' id='word_1_159' title='bbox 801 2032 1176 2085; x_wconf 74' lang='lat' dir='ltr'><strong>coaeternum.</strong></span> <span class='ocrx_word' id='word_1_160' title='bbox 1212 2026 1732 2082; x_wconf 89' lang='lat' dir='ltr'><strong>NovimusPatrem</strong></span> 
     </span>
    </p>
   </div>
   <div class='ocr_carea' id='block_1_22' title="bbox 99 2115 1735 2193">
    <p class='ocr_par' dir='ltr' id='par_1_22' title="bbox 99 2115 1735 2193">
     <span class='ocr_line' id='line_1_22' title="bbox 99 2115 1735 2193; baseline -0.002 -20"><span class='ocrx_word' id='word_1_161' title='bbox 99 2118 157 2174; x_wconf 89' lang='lat' dir='ltr'><strong>de</strong></span> <span class='ocrx_word' id='word_1_162' title='bbox 181 2120 330 2177; x_wconf 87' lang='lat' dir='ltr'><strong>nullo</strong></span> <span class='ocrx_word' id='word_1_163' title='bbox 354 2122 663 2193; x_wconf 86' lang='lat' dir='ltr'><strong>genitum,</strong></span> <span class='ocrx_word' id='word_1_164' title='bbox 699 2120 968 2176; x_wconf 87' lang='lat' dir='ltr'><strong>novimus</strong></span> <span class='ocrx_word' id='word_1_165' title='bbox 1001 2118 1213 2174; x_wconf 88' lang='lat' dir='ltr'><strong>Filium</strong></span> <span class='ocrx_word' id='word_1_166' title='bbox 1245 2118 1317 2172; x_wconf 91' lang='lat' dir='ltr'><strong>de</strong></span> <span class='ocrx_word' id='word_1_167' title='bbox 1355 2117 1524 2172; x_wconf 88' lang='lat' dir='ltr'><strong>Patre</strong></span> <span class='ocrx_word' id='word_1_168' title='bbox 1569 2115 1735 2185; x_wconf 78' lang='lat' dir='ltr'><strong>geni-</strong></span> 
     </span>
    </p>
   </div>
   <div class='ocr_carea' id='block_1_23' title="bbox 102 2205 1735 2280">
    <p class='ocr_par' dir='ltr' id='par_1_23' title="bbox 102 2205 1735 2280">
     <span class='ocr_line' id='line_1_23' title="bbox 102 2205 1735 2280; baseline -0.001 -19"><span class='ocrx_word' id='word_1_169' title='bbox 102 2211 232 2263; x_wconf 85' lang='lat' dir='ltr'><strong>tum:</strong></span> <span class='ocrx_word' id='word_1_170' title='bbox 255 2210 349 2265; x_wconf 87' lang='lat' dir='ltr'><strong>illa</strong></span> <span class='ocrx_word' id='word_1_171' title='bbox 371 2211 534 2268; x_wconf 87' lang='lat' dir='ltr'><strong>enim</strong></span> <span class='ocrx_word' id='word_1_172' title='bbox 563 2211 862 2266; x_wconf 67' lang='lat' dir='ltr'><strong>aternitas</strong></span> <span class='ocrx_word' id='word_1_173' title='bbox 884 2208 996 2264; x_wconf 88' lang='lat' dir='ltr'><strong>sibi</strong></span> <span class='ocrx_word' id='word_1_174' title='bbox 1017 2213 1360 2265; x_wconf 67' lang='lat' dir='ltr'><strong>comternam</strong></span> <span class='ocrx_word' id='word_1_175' title='bbox 1388 2205 1590 2280; x_wconf 87' lang='lat' dir='ltr'><strong>genuit</strong></span> <span class='ocrx_word' id='word_1_176' title='bbox 1608 2223 1735 2276; x_wconf 86' lang='lat' dir='ltr'><strong>pro-</strong></span> 
     </span>
    </p>
   </div>
   <div class='ocr_carea' id='block_1_24' title="bbox 104 2294 1732 2372">
    <p class='ocr_par' dir='ltr' id='par_1_24' title="bbox 104 2294 1732 2372">
     <span class='ocr_line' id='line_1_24' title="bbox 104 2294 1732 2372; baseline 0 -23"><span class='ocrx_word' id='word_1_177' title='bbox 104 2294 220 2369; x_wconf 87' lang='lat' dir='ltr'><strong>lem,</strong></span> <span class='ocrx_word' id='word_1_178' title='bbox 255 2315 381 2372; x_wconf 63' lang='lat' dir='ltr'><strong>quae</strong></span> <span class='ocrx_word' id='word_1_179' title='bbox 411 2317 484 2356; x_wconf 82' lang='lat' dir='ltr'><strong>ex</strong></span> <span class='ocrx_word' id='word_1_180' title='bbox 501 2300 710 2372; x_wconf 86' lang='lat' dir='ltr'><strong>aliquo</strong></span> <span class='ocrx_word' id='word_1_181' title='bbox 734 2299 945 2355; x_wconf 82' lang='lat' dir='ltr'><strong>habere</strong></span> <span class='ocrx_word' id='word_1_182' title='bbox 968 2314 1082 2354; x_wconf 89' lang='lat' dir='ltr'><strong>non</strong></span> <span class='ocrx_word' id='word_1_183' title='bbox 1104 2296 1404 2352; x_wconf 86' lang='lat' dir='ltr'><strong>invenitur</strong></span> <span class='ocrx_word' id='word_1_184' title='bbox 1423 2295 1732 2367; x_wconf 87' lang='lat' dir='ltr'><strong>originem.</strong></span> 
     </span>
    </p>
   </div>
   <div class='ocr_carea' id='block_1_25' title="bbox 111 2382 1733 2461">
    <p class='ocr_par' dir='ltr' id='par_1_25' title="bbox 111 2382 1733 2461">
     <span class='ocr_line' id='line_1_25' title="bbox 111 2382 1733 2461; baseline -0.001 -20"><span class='ocrx_word' id='word_1_185' title='bbox 111 2382 248 2442; x_wconf 83' lang='lat' dir='ltr'><strong>Pater</strong></span> <span class='ocrx_word' id='word_1_186' title='bbox 286 2388 462 2460; x_wconf 81' lang='lat' dir='ltr'><strong>igitur</strong></span> <span class='ocrx_word' id='word_1_187' title='bbox 492 2390 667 2461; x_wconf 84' lang='lat' dir='ltr'><strong>origo</strong></span> <span class='ocrx_word' id='word_1_188' title='bbox 691 2393 782 2444; x_wconf 88' lang='lat' dir='ltr'><strong>est</strong></span> <span class='ocrx_word' id='word_1_189' title='bbox 811 2391 1049 2454; x_wconf 68' lang='lat' dir='ltr'><strong>eterna,</strong></span> <span class='ocrx_word' id='word_1_190' title='bbox 1079 2385 1260 2442; x_wconf 81' lang='lat' dir='ltr'><strong>Filius</strong></span> <span class='ocrx_word' id='word_1_191' title='bbox 1288 2383 1480 2458; x_wconf 87' lang='lat' dir='ltr'><strong>proles</strong></span> <span class='ocrx_word' id='word_1_192' title='bbox 1506 2389 1733 2440; x_wconf 58' lang='lat' dir='ltr'><strong>aeternas</strong></span> 
     </span>
    </p>
   </div>
   <div class='ocr_carea' id='block_1_26' title="bbox 109 2473 1734 2549">
    <p class='ocr_par' dir='ltr' id='par_1_26' title="bbox 109 2473 1734 2549">
     <span class='ocr_line' id='line_1_26' title="bbox 109 2473 1734 2549; baseline 0.002 -24"><span class='ocrx_word' id='word_1_193' title='bbox 109 2473 318 2546; x_wconf 84' lang='lat' dir='ltr'><strong>originis</strong></span> <span class='ocrx_word' id='word_1_194' title='bbox 342 2485 666 2536; x_wconf 72' lang='lat' dir='ltr'><strong>coeterna.</strong></span> <span class='ocrx_word' id='word_1_195' title='bbox 701 2481 824 2534; x_wconf 84' lang='lat' dir='ltr'><strong>Non</strong></span> <span class='ocrx_word' id='word_1_196' title='bbox 860 2493 998 2549; x_wconf 89' lang='lat' dir='ltr'><strong>ergo</strong></span> <span class='ocrx_word' id='word_1_197' title='bbox 1030 2477 1221 2548; x_wconf 90' lang='lat' dir='ltr'><strong>potuit</strong></span> <span class='ocrx_word' id='word_1_198' title='bbox 1250 2479 1422 2530; x_wconf 89' lang='lat' dir='ltr'><strong>Pater</strong></span> <span class='ocrx_word' id='word_1_199' title='bbox 1437 2490 1570 2529; x_wconf 91' lang='lat' dir='ltr'><strong>cum</strong></span> <span class='ocrx_word' id='word_1_200' title='bbox 1592 2473 1734 2528; x_wconf 88' lang='lat' dir='ltr'><strong>Filio</strong></span> 
     </span>
    </p>
   </div>
   <div class='ocr_carea' id='block_1_27' title="bbox 109 2563 1738 2638">
    <p class='ocr_par' dir='ltr' id='par_1_27' title="bbox 109 2563 1738 2638">
     <span class='ocr_line' id='line_1_27' title="bbox 109 2563 1738 2638; baseline 0.001 -21"><span class='ocrx_word' id='word_1_201' title='bbox 109 2576 256 2631; x_wconf 85' lang='lat' dir='ltr'><strong>quem</strong></span> <span class='ocrx_word' id='word_1_202' title='bbox 279 2569 482 2638; x_wconf 86' lang='lat' dir='ltr'><strong>genuit</strong></span> <span class='ocrx_word' id='word_1_203' title='bbox 513 2565 701 2625; x_wconf 80' lang='lat' dir='ltr'><strong>simul</strong></span> <span class='ocrx_word' id='word_1_204' title='bbox 733 2567 894 2635; x_wconf 91' lang='lat' dir='ltr'><strong>oriri,</strong></span> <span class='ocrx_word' id='word_1_205' title='bbox 929 2566 1031 2622; x_wconf 89' lang='lat' dir='ltr'><strong>sed</strong></span> <span class='ocrx_word' id='word_1_206' title='bbox 1066 2565 1254 2638; x_wconf 90' lang='lat' dir='ltr'><strong>potuit</strong></span> <span class='ocrx_word' id='word_1_207' title='bbox 1287 2564 1465 2620; x_wconf 87' lang='lat' dir='ltr'><strong>Filius</strong></span> <span class='ocrx_word' id='word_1_208' title='bbox 1488 2565 1558 2619; x_wconf 89' lang='lat' dir='ltr'><strong>de</strong></span> <span class='ocrx_word' id='word_1_209' title='bbox 1582 2563 1738 2635; x_wconf 88' lang='lat' dir='ltr'><strong>inge-</strong></span> 
     </span>
    </p>
   </div>
   <div class='ocr_carea' id='block_1_28' title="bbox 106 2651 1735 2726">
    <p class='ocr_par' dir='ltr' id='par_1_28' title="bbox 106 2651 1735 2726">
     <span class='ocr_line' id='line_1_28' title="bbox 106 2651 1735 2726; baseline 0.002 -22"><span class='ocrx_word' id='word_1_210' title='bbox 106 2652 207 2708; x_wconf 88' lang='lat' dir='ltr'><strong>nito</strong></span> <span class='ocrx_word' id='word_1_211' title='bbox 229 2653 384 2712; x_wconf 81' lang='lat' dir='ltr'><strong>Patre</strong></span> <span class='ocrx_word' id='word_1_212' title='bbox 406 2658 540 2715; x_wconf 85' lang='lat' dir='ltr'><strong>sine</strong></span> <span class='ocrx_word' id='word_1_213' title='bbox 573 2657 747 2712; x_wconf 81' lang='lat' dir='ltr'><strong>initio</strong></span> <span class='ocrx_word' id='word_1_214' title='bbox 775 2655 958 2712; x_wconf 88' lang='lat' dir='ltr'><strong>nasci.</strong></span> <span class='ocrx_word' id='word_1_215' title='bbox 996 2655 1100 2710; x_wconf 86' lang='lat' dir='ltr'><strong>illa</strong></span> <span class='ocrx_word' id='word_1_216' title='bbox 1131 2654 1312 2726; x_wconf 89' lang='lat' dir='ltr'><strong>igitur</strong></span> <span class='ocrx_word' id='word_1_217' title='bbox 1342 2651 1735 2709; x_wconf 86' lang='lat' dir='ltr'><strong>similitudine</strong></span> 
     </span>
    </p>
   </div>
   <div class='ocr_carea' id='block_1_29' title="bbox 111 2737 1734 2816">
    <p class='ocr_par' dir='ltr' id='par_1_29' title="bbox 111 2737 1734 2816">
     <span class='ocr_line' id='line_1_29' title="bbox 111 2737 1734 2816; baseline 0 -19"><span class='ocrx_word' id='word_1_218' title='bbox 111 2737 432 2815; x_wconf 81' lang='lat' dir='ltr'><strong>ignis,quam</strong></span> <span class='ocrx_word' id='word_1_219' title='bbox 448 2747 559 2803; x_wconf 84' lang='lat' dir='ltr'><strong>tibi</strong></span> <span class='ocrx_word' id='word_1_220' title='bbox 578 2746 693 2802; x_wconf 87' lang='lat' dir='ltr'><strong>sub</strong></span> <span class='ocrx_word' id='word_1_221' title='bbox 709 2761 836 2801; x_wconf 90' lang='lat' dir='ltr'><strong>meo</strong></span> <span class='ocrx_word' id='word_1_222' title='bbox 855 2745 1091 2801; x_wconf 88' lang='lat' dir='ltr'><strong>nomine</strong></span> <span class='ocrx_word' id='word_1_223' title='bbox 1107 2741 1734 2816; x_wconf 81' lang='lat' dir='ltr'><strong>praposuisti,multum</strong></span> 
     </span>
    </p>
   </div>
   <div class='ocr_carea' id='block_1_30' title="bbox 119 2829 1736 2904">
    <p class='ocr_par' dir='ltr' id='par_1_30' title="bbox 119 2829 1736 2904">
     <span class='ocr_line' id='line_1_30' title="bbox 119 2829 1736 2904; baseline 0.002 -21"><span class='ocrx_word' id='word_1_224' title='bbox 119 2829 281 2887; x_wconf 76' lang='lat' dir='ltr'><strong>solent</strong></span> <span class='ocrx_word' id='word_1_225' title='bbox 300 2841 491 2892; x_wconf 87' lang='lat' dir='ltr'><strong>vestra</strong></span> <span class='ocrx_word' id='word_1_226' title='bbox 504 2840 848 2892; x_wconf 84' lang='lat' dir='ltr'><strong>commenta</strong></span> <span class='ocrx_word' id='word_1_227' title='bbox 868 2833 1128 2899; x_wconf 85' lang='lat' dir='ltr'><strong>destrui;</strong></span> <span class='ocrx_word' id='word_1_228' title='bbox 1153 2833 1386 2902; x_wconf 87' lang='lat' dir='ltr'><strong>quando</strong></span> <span class='ocrx_word' id='word_1_229' title='bbox 1403 2831 1628 2904; x_wconf 88' lang='lat' dir='ltr'><strong>aliquid</strong></span> <span class='ocrx_word' id='word_1_230' title='bbox 1645 2834 1736 2886; x_wconf 91' lang='lat' dir='ltr'><strong>in-</strong></span> 
     </span>
    </p>
   </div>
   <div class='ocr_carea' id='block_1_31' title="bbox 116 2919 1740 2996">
    <p class='ocr_par' dir='ltr' id='par_1_31' title="bbox 116 2919 1740 2996">
     <span class='ocr_line' id='line_1_31' title="bbox 116 2919 1740 2996; baseline 0.005 -26"><span class='ocrx_word' id='word_1_231' title='bbox 116 2919 316 2976; x_wconf 85' lang='lat' dir='ltr'><strong>venitur</strong></span> <span class='ocrx_word' id='word_1_232' title='bbox 342 2923 400 2978; x_wconf 91' lang='lat' dir='ltr'><strong>in</strong></span> <span class='ocrx_word' id='word_1_233' title='bbox 431 2929 713 2982; x_wconf 84' lang='lat' dir='ltr'><strong>creatura</strong></span> <span class='ocrx_word' id='word_1_234' title='bbox 741 2923 896 2996; x_wconf 90' lang='lat' dir='ltr'><strong>quod</strong></span> <span class='ocrx_word' id='word_1_235' title='bbox 925 2939 994 2978; x_wconf 83' lang='lat' dir='ltr'><strong>ex</strong></span> <span class='ocrx_word' id='word_1_236' title='bbox 1016 2939 1080 2979; x_wconf 88' lang='lat' dir='ltr'><strong>se</strong></span> <span class='ocrx_word' id='word_1_237' title='bbox 1111 2921 1336 2994; x_wconf 89' lang='lat' dir='ltr'><strong>aliquid</strong></span> <span class='ocrx_word' id='word_1_238' title='bbox 1360 2922 1638 2994; x_wconf 79' lang='lat' dir='ltr'><strong>proferat,</strong></span> <span class='ocrx_word' id='word_1_239' title='bbox 1681 2930 1740 2978; x_wconf 90' lang='lat' dir='ltr'><strong>et</strong></span> 
     </span>
    </p>
   </div>
   <div class='ocr_carea' id='block_1_32' title="bbox 120 3001 1739 3084">
    <p class='ocr_par' dir='ltr' id='par_1_32' title="bbox 120 3001 1739 3084">
     <span class='ocr_line' id='line_1_32' title="bbox 120 3001 1739 3084; baseline 0.005 -26"><span class='ocrx_word' id='word_1_240' title='bbox 120 3001 204 3060; x_wconf 89' lang='lat' dir='ltr'><strong>hoc</strong></span> <span class='ocrx_word' id='word_1_241' title='bbox 218 3012 396 3067; x_wconf 79' lang='lat' dir='ltr'><strong>tamen</strong></span> <span class='ocrx_word' id='word_1_242' title='bbox 415 3015 576 3084; x_wconf 91' lang='lat' dir='ltr'><strong>quod</strong></span> <span class='ocrx_word' id='word_1_243' title='bbox 597 3011 907 3084; x_wconf 87' lang='lat' dir='ltr'><strong>protulerit</strong></span> <span class='ocrx_word' id='word_1_244' title='bbox 919 3028 1034 3068; x_wconf 93' lang='lat' dir='ltr'><strong>non</strong></span> <span class='ocrx_word' id='word_1_245' title='bbox 1050 3011 1370 3084; x_wconf 72' lang='lat' dir='ltr'><strong>praecedat:</strong></span> <span class='ocrx_word' id='word_1_246' title='bbox 1385 3012 1538 3067; x_wconf 91' lang='lat' dir='ltr'><strong>unde</strong></span> <span class='ocrx_word' id='word_1_247' title='bbox 1553 3010 1739 3083; x_wconf 85' lang='lat' dir='ltr'><strong>possit</strong></span> 
     </span>
    </p>
   </div>
   <div class='ocr_carea' id='block_1_33' title="bbox 123 3092 1735 3170">
    <p class='ocr_par' dir='ltr' id='par_1_33' title="bbox 123 3092 1735 3170">
     <span class='ocr_line' id='line_1_33' title="bbox 123 3092 1735 3170; baseline 0.007 -25"><span class='ocrx_word' id='word_1_248' title='bbox 123 3092 178 3146; x_wconf 79' lang='lat' dir='ltr'><strong>ab</strong></span> <span class='ocrx_word' id='word_1_249' title='bbox 194 3094 276 3151; x_wconf 88' lang='lat' dir='ltr'><strong>bis</strong></span> <span class='ocrx_word' id='word_1_250' title='bbox 301 3100 397 3170; x_wconf 87' lang='lat' dir='ltr'><strong>qui</strong></span> <span class='ocrx_word' id='word_1_251' title='bbox 445 3106 612 3158; x_wconf 85' lang='lat' dir='ltr'><strong>recte</strong></span> <span class='ocrx_word' id='word_1_252' title='bbox 660 3101 1058 3169; x_wconf 88' lang='lat' dir='ltr'><strong>considerant,</strong></span> <span class='ocrx_word' id='word_1_253' title='bbox 1082 3099 1154 3155; x_wconf 92' lang='lat' dir='ltr'><strong>de</strong></span> <span class='ocrx_word' id='word_1_254' title='bbox 1179 3105 1393 3156; x_wconf 68' lang='lat' dir='ltr'><strong>aeterno</strong></span> <span class='ocrx_word' id='word_1_255' title='bbox 1427 3105 1593 3156; x_wconf 88' lang='lat' dir='ltr'><strong>Patre</strong></span> <span class='ocrx_word' id='word_1_256' title='bbox 1619 3116 1735 3157; x_wconf 91' lang='lat' dir='ltr'><strong>non</strong></span> 
     </span>
    </p>
   </div>
   <div class='ocr_carea' id='block_1_34' title="bbox 1844 525 3493 601">
    <p class='ocr_par' dir='ltr' id='par_1_34' title="bbox 1844 525 3493 601">
     <span class='ocr_line' id='line_1_34' title="bbox 1844 525 3493 601; baseline 0.008 -27"><span class='ocrx_word' id='word_1_257' title='bbox 1844 539 1947 575; x_wconf 82' lang='lat' dir='ltr'><strong>nec</strong></span> <span class='ocrx_word' id='word_1_258' title='bbox 2007 527 2202 578; x_wconf 85' lang='lat' dir='ltr'><strong>tamen</strong></span> <span class='ocrx_word' id='word_1_259' title='bbox 2267 525 2460 595; x_wconf 87' lang='lat' dir='ltr'><strong>ignem</strong></span> <span class='ocrx_word' id='word_1_260' title='bbox 2504 543 2632 581; x_wconf 87' lang='lat' dir='ltr'><strong>esse</strong></span> <span class='ocrx_word' id='word_1_261' title='bbox 2664 526 2974 598; x_wconf 82' lang='lat' dir='ltr'><strong>splendore</strong></span> <span class='ocrx_word' id='word_1_262' title='bbox 3007 532 3107 584; x_wconf 85' lang='lat' dir='ltr'><strong>aut</strong></span> <span class='ocrx_word' id='word_1_263' title='bbox 3138 546 3348 601; x_wconf 84' lang='lat' dir='ltr'><strong>vapore</strong></span> <span class='ocrx_word' id='word_1_264' title='bbox 3382 548 3493 587; x_wconf 78' lang='lat' dir='ltr'><strong>suo</strong></span> 
     </span>
    </p>
   </div>
   <div class='ocr_carea' id='block_1_35' title="bbox 1845 612 3489 682">
    <p class='ocr_par' dir='ltr' id='par_1_35' title="bbox 1845 612 3489 682">
     <span class='ocr_line' id='line_1_35' title="bbox 1845 612 3489 682; baseline 0.007 -18"><span class='ocrx_word' id='word_1_265' title='bbox 1845 612 2095 682; x_wconf 88' lang='lat' dir='ltr'><strong>priorem</strong></span> <span class='ocrx_word' id='word_1_266' title='bbox 2131 629 2143 666; x_wconf 92' lang='lat'>:</span> <span class='ocrx_word' id='word_1_267' title='bbox 2193 619 2248 669; x_wconf 88' lang='lat' dir='ltr'><strong>et</strong></span> <span class='ocrx_word' id='word_1_268' title='bbox 2269 631 2338 668; x_wconf 85' lang='lat' dir='ltr'><strong>ex</strong></span> <span class='ocrx_word' id='word_1_269' title='bbox 2371 614 2498 680; x_wconf 88' lang='lat' dir='ltr'><strong>hoc,</strong></span> <span class='ocrx_word' id='word_1_270' title='bbox 2533 615 2616 671; x_wconf 90' lang='lat' dir='ltr'><strong>sic</strong></span> <span class='ocrx_word' id='word_1_271' title='bbox 2647 621 2932 672; x_wconf 76' lang='lat' dir='ltr'><strong>tetcrnum</strong></span> <span class='ocrx_word' id='word_1_272' title='bbox 2965 617 3241 674; x_wconf 84' lang='lat' dir='ltr'><strong>conﬁtere</strong></span> <span class='ocrx_word' id='word_1_273' title='bbox 3274 619 3489 676; x_wconf 87' lang='lat' dir='ltr'><strong>Filium</strong></span> 
     </span>
    </p>
   </div>
   <div class='ocr_carea' id='block_1_36' title="bbox 1845 700 3496 774">
    <p class='ocr_par' dir='ltr' id='par_1_36' title="bbox 1845 700 3496 774">
     <span class='ocr_line' id='line_1_36' title="bbox 1845 700 3496 774; baseline 0.007 -20"><span class='ocrx_word' id='word_1_274' title='bbox 1845 705 1900 754; x_wconf 89' lang='lat' dir='ltr'><strong>et</strong></span> <span class='ocrx_word' id='word_1_275' title='bbox 1929 700 2214 771; x_wconf 88' lang='lat' dir='ltr'><strong>Spiritum</strong></span> <span class='ocrx_word' id='word_1_276' title='bbox 2266 711 2558 774; x_wconf 89' lang='lat' dir='ltr'><strong>sanctum,</strong></span> <span class='ocrx_word' id='word_1_277' title='bbox 2591 703 2740 759; x_wconf 82' lang='lat' dir='ltr'><strong>sicut</strong></span> <span class='ocrx_word' id='word_1_278' title='bbox 2785 710 3065 761; x_wconf 60' lang='lat' dir='ltr'><strong>internum</strong></span> <span class='ocrx_word' id='word_1_279' title='bbox 3099 707 3402 763; x_wconf 70' lang='lat' dir='ltr'><strong>confiteris</strong></span> <span class='ocrx_word' id='word_1_280' title='bbox 3437 714 3496 766; x_wconf 89' lang='lat' dir='ltr'><strong>et</strong></span> 
     </span>
    </p>
   </div>
   <div class='ocr_carea' id='block_1_37' title="bbox 1846 788 3493 865">
    <p class='ocr_par' dir='ltr' id='par_1_37' title="bbox 1846 788 3493 865">
     <span class='ocr_line' id='line_1_37' title="bbox 1846 788 3493 865; baseline 0.006 -22"><span class='ocrx_word' id='word_1_281' title='bbox 1846 788 2069 844; x_wconf 85' lang='lat' dir='ltr'><strong>Patrem</strong></span> <span class='ocrx_word' id='word_1_282' title='bbox 2101 809 2124 854; x_wconf 87' lang='lat'><strong><em>;</em></strong></span> <span class='ocrx_word' id='word_1_283' title='bbox 2154 808 2267 846; x_wconf 92' lang='lat' dir='ltr'><strong>non</strong></span> <span class='ocrx_word' id='word_1_284' title='bbox 2317 791 2470 847; x_wconf 78' lang='lat'><strong>601</strong></span> <span class='ocrx_word' id='word_1_285' title='bbox 2530 799 2848 849; x_wconf 88' lang='lat' dir='ltr'><strong>creaturam</strong></span> <span class='ocrx_word' id='word_1_286' title='bbox 2881 794 3128 851; x_wconf 86' lang='lat' dir='ltr'><strong>Creatori</strong></span> <span class='ocrx_word' id='word_1_287' title='bbox 3158 795 3493 865; x_wconf 84' lang='lat' dir='ltr'><strong>conferens,</strong></span> 
     </span>
    </p>
   </div>
   <div class='ocr_carea' id='block_1_38' title="bbox 1845 879 3495 955">
    <p class='ocr_par' dir='ltr' id='par_1_38' title="bbox 1845 879 3495 955">
     <span class='ocr_line' id='line_1_38' title="bbox 1845 879 3495 955; baseline 0.005 -21"><span class='ocrx_word' id='word_1_288' title='bbox 1845 880 1945 934; x_wconf 88' lang='lat' dir='ltr'><strong>sed</strong></span> <span class='ocrx_word' id='word_1_289' title='bbox 1996 879 2308 936; x_wconf 89' lang='lat' dir='ltr'><strong>invisibilia</strong></span> <span class='ocrx_word' id='word_1_290' title='bbox 2337 882 2438 938; x_wconf 91' lang='lat' dir='ltr'><strong>Dei</strong></span> <span class='ocrx_word' id='word_1_291' title='bbox 2472 899 2572 954; x_wconf 88' lang='lat' dir='ltr'><strong>per</strong></span> <span class='ocrx_word' id='word_1_292' title='bbox 2601 899 2668 938; x_wconf 91' lang='lat' dir='ltr'><strong>ea</strong></span> <span class='ocrx_word' id='word_1_293' title='bbox 2697 900 2823 955; x_wconf 67' lang='lat' dir='ltr'><strong>qua</strong></span> <span class='ocrx_word' id='word_1_294' title='bbox 2857 884 3011 940; x_wconf 80' lang='lat' dir='ltr'><strong>facta</strong></span> <span class='ocrx_word' id='word_1_295' title='bbox 3042 889 3202 951; x_wconf 90' lang='lat' dir='ltr'><strong>sunt,</strong></span> <span class='ocrx_word' id='word_1_296' title='bbox 3231 885 3495 943; x_wconf 91' lang='lat' dir='ltr'><strong>intellec-</strong></span> 
     </span>
    </p>
   </div>
   <div class='ocr_carea' id='block_1_39' title="bbox 1844 969 2311 1037">
    <p class='ocr_par' dir='ltr' id='par_1_39' title="bbox 1844 969 2311 1037">
     <span class='ocr_line' id='line_1_39' title="bbox 1844 969 2311 1037; baseline 0.011 -17"><span class='ocrx_word' id='word_1_297' title='bbox 1844 969 1903 1021; x_wconf 88' lang='lat' dir='ltr'><strong>ta</strong></span> <span class='ocrx_word' id='word_1_298' title='bbox 1932 982 2311 1037; x_wconf 88' lang='lat' dir='ltr'><strong>cognoscens.</strong></span> 
     </span>
    </p>
   </div>
   <div class='ocr_carea' id='block_1_40' title="bbox 2289 1085 3040 1144">
    <p class='ocr_par' dir='ltr' id='par_1_40' title="bbox 2289 1085 3040 1144">
     <span class='ocr_line' id='line_1_40' title="bbox 2289 1085 3040 1144; baseline 0.005 -4"><span class='ocrx_word' id='word_1_299' title='bbox 2289 1085 2788 1142; x_wconf 81' lang='lat' dir='ltr'><strong>FRAGMENTUM</strong></span> <span class='ocrx_word' id='word_1_300' title='bbox 2831 1087 3040 1144; x_wconf 84' lang='lat' dir='ltr'><strong>XXIII.</strong></span> 
     </span>
    </p>
   </div>
   <div class='ocr_carea' id='block_1_41' title="bbox 1847 1190 3484 1263">
    <p class='ocr_par' dir='ltr' id='par_1_41' title="bbox 1847 1190 3484 1263">
     <span class='ocr_line' id='line_1_41' title="bbox 1847 1190 3484 1263; baseline 0.006 -19"><span class='ocrx_word' id='word_1_301' title='bbox 1847 1190 2134 1262; x_wconf 80' lang='lat' dir='ltr'><strong>Sapientia</strong></span> <span class='ocrx_word' id='word_1_302' title='bbox 2183 1191 2437 1263; x_wconf 79' lang='lat' dir='ltr'><strong>splendor</strong></span> <span class='ocrx_word' id='word_1_303' title='bbox 2463 1198 2542 1247; x_wconf 84' lang='lat' dir='ltr'><strong>est</strong></span> <span class='ocrx_word' id='word_1_304' title='bbox 2570 1192 2711 1248; x_wconf 85' lang='lat' dir='ltr'><strong>lucis</strong></span> <span class='ocrx_word' id='word_1_305' title='bbox 2747 1202 2980 1250; x_wconf 59' lang='lat' dir='ltr'><strong>eterna.</strong></span> <span class='ocrx_word' id='word_1_306' title='bbox 3018 1199 3136 1251; x_wconf 84' lang='lat' dir='ltr'><strong>Non</strong></span> <span class='ocrx_word' id='word_1_307' title='bbox 3157 1204 3233 1252; x_wconf 79' lang='lat' dir='ltr'><strong>est</strong></span> <span class='ocrx_word' id='word_1_308' title='bbox 3259 1201 3484 1254; x_wconf 61' lang='lat' dir='ltr'><strong>aeterna</strong></span> 
     </span>
    </p>
   </div>
   <div class='ocr_carea' id='block_1_42' title="bbox 2240 1263 3092 1337">
    <p class='ocr_par' dir='ltr' id='par_1_42' title="bbox 2240 1263 3092 1337">
     <span class='ocr_line' id='line_1_42' title="bbox 2240 1263 3092 1337; baseline 0.005 -20"><span class='ocrx_word' id='word_1_309' title='bbox 2240 1263 2382 1319; x_wconf 88' lang='lat' dir='ltr'><strong>lucis</strong></span> <span class='ocrx_word' id='word_1_310' title='bbox 2409 1263 2526 1319; x_wconf 89' lang='lat' dir='ltr'><strong>nisi</strong></span> <span class='ocrx_word' id='word_1_311' title='bbox 2552 1272 2792 1321; x_wconf 59' lang='lat' dir='ltr'><strong>alemus</strong></span> <span class='ocrx_word' id='word_1_312' title='bbox 2821 1265 3092 1337; x_wconf 80' lang='lat' dir='ltr'><strong>splendor.</strong></span> 
     </span>
    </p>
   </div>
   <div class='ocr_carea' id='block_1_43' title="bbox 1920 1370 3486 1448">
    <p class='ocr_par' dir='ltr' id='par_1_43' title="bbox 1920 1370 3486 1448">
     <span class='ocr_line' id='line_1_43' title="bbox 1920 1370 3486 1448; baseline 0.004 -22"><span class='ocrx_word' id='word_1_313' title='bbox 1920 1371 2062 1426; x_wconf 87' lang='lat' dir='ltr'><strong>Puto</strong></span> <span class='ocrx_word' id='word_1_314' title='bbox 2119 1373 2315 1426; x_wconf 89' lang='lat' dir='ltr'><strong>autem</strong></span> <span class='ocrx_word' id='word_1_315' title='bbox 2347 1370 2419 1426; x_wconf 91' lang='lat' dir='ltr'><strong>de</strong></span> <span class='ocrx_word' id='word_1_316' title='bbox 2447 1371 2766 1444; x_wconf 84' lang='lat' dir='ltr'><strong>Scripturis</strong></span> <span class='ocrx_word' id='word_1_317' title='bbox 2797 1373 3019 1429; x_wconf 89' lang='lat' dir='ltr'><strong>sanctis</strong></span> <span class='ocrx_word' id='word_1_318' title='bbox 3040 1389 3191 1442; x_wconf 82' lang='lat' dir='ltr'><strong>esse,</strong></span> <span class='ocrx_word' id='word_1_319' title='bbox 3225 1378 3382 1448; x_wconf 92' lang='lat' dir='ltr'><strong>quod</strong></span> <span class='ocrx_word' id='word_1_320' title='bbox 3413 1379 3486 1434; x_wconf 92' lang='lat' dir='ltr'><strong>de</strong></span> 
     </span>
    </p>
   </div>
   <div class='ocr_carea' id='block_1_44' title="bbox 1845 1459 3491 1536">
    <p class='ocr_par' dir='ltr' id='par_1_44' title="bbox 1845 1459 3491 1536">
     <span class='ocr_line' id='line_1_44' title="bbox 1845 1459 3491 1536; baseline 0.005 -21"><span class='ocrx_word' id='word_1_321' title='bbox 1845 1459 2146 1532; x_wconf 90' lang='lat' dir='ltr'><strong>Sapientia</strong></span> <span class='ocrx_word' id='word_1_322' title='bbox 2174 1460 2398 1517; x_wconf 83' lang='lat' dir='ltr'><strong>dictum</strong></span> <span class='ocrx_word' id='word_1_323' title='bbox 2451 1463 2929 1531; x_wconf 87' lang='lat' dir='ltr'><strong>memoravimus,</strong></span> <span class='ocrx_word' id='word_1_324' title='bbox 2964 1464 3105 1535; x_wconf 87' lang='lat' dir='ltr'><strong>quia</strong></span> <span class='ocrx_word' id='word_1_325' title='bbox 3134 1465 3392 1536; x_wconf 80' lang='lat' dir='ltr'><strong>splendor</strong></span> <span class='ocrx_word' id='word_1_326' title='bbox 3411 1475 3491 1524; x_wconf 78' lang='lat' dir='ltr'><strong>est</strong></span> 
     </span>
    </p>
   </div>
   <div class='ocr_carea' id='block_1_45' title="bbox 1847 1548 3491 1625">
    <p class='ocr_par' dir='ltr' id='par_1_45' title="bbox 1847 1548 3491 1625">
     <span class='ocr_line' id='line_1_45' title="bbox 1847 1548 3491 1625; baseline 0.005 -21"><span class='ocrx_word' id='word_1_327' title='bbox 1847 1548 1988 1604; x_wconf 85' lang='lat' dir='ltr'><strong>lucis</strong></span> <span class='ocrx_word' id='word_1_328' title='bbox 2046 1553 2270 1606; x_wconf 53' lang='lat' dir='ltr'><strong>eterna</strong></span> <span class='ocrx_word' id='word_1_329' title='bbox 2326 1549 2478 1620; x_wconf 85' lang='lat' dir='ltr'><strong>(Sap.</strong></span> <span class='ocrx_word' id='word_1_330' title='bbox 2513 1567 2614 1620; x_wconf 84' lang='lat' dir='ltr'><strong>vn,</strong></span> <span class='ocrx_word' id='word_1_331' title='bbox 2644 1552 2778 1620; x_wconf 80' lang='lat'><strong>26):</strong></span> <span class='ocrx_word' id='word_1_332' title='bbox 2825 1555 2882 1608; x_wconf 81' lang='lat' dir='ltr'><strong>et</strong></span> <span class='ocrx_word' id='word_1_333' title='bbox 2912 1568 3217 1625; x_wconf 89' lang='lat' dir='ltr'><strong>nunquam</strong></span> <span class='ocrx_word' id='word_1_334' title='bbox 3249 1555 3491 1614; x_wconf 86' lang='lat' dir='ltr'><strong>audebis</strong></span> 
     </span>
    </p>
   </div>
   <div class='ocr_carea' id='block_1_46' title="bbox 1847 1637 3488 1715">
    <p class='ocr_par' dir='ltr' id='par_1_46' title="bbox 1847 1637 3488 1715">
     <span class='ocr_line' id='line_1_46' title="bbox 1847 1637 3488 1715; baseline 0.005 -21"><span class='ocrx_word' id='word_1_335' title='bbox 1847 1637 2357 1709; x_wconf 88' lang='lat' dir='ltr'><strong>splendoremluce</strong></span> <span class='ocrx_word' id='word_1_336' title='bbox 2373 1639 2748 1710; x_wconf 88' lang='lat' dir='ltr'><strong>posteriorem</strong></span> <span class='ocrx_word' id='word_1_337' title='bbox 2767 1641 3145 1712; x_wconf 88' lang='lat' dir='ltr'><strong>aliquatenus</strong></span> <span class='ocrx_word' id='word_1_338' title='bbox 3157 1644 3488 1715; x_wconf 71' lang='lat' dir='ltr'><strong>przedicare.</strong></span> 
     </span>
    </p>
   </div>
   <div class='ocr_carea' id='block_1_47' title="bbox 1846 1725 3491 1800">
    <p class='ocr_par' dir='ltr' id='par_1_47' title="bbox 1846 1725 3491 1800">
     <span class='ocr_line' id='line_1_47' title="bbox 1846 1725 3491 1800; baseline 0.005 -18"><span class='ocrx_word' id='word_1_339' title='bbox 1846 1728 1911 1782; x_wconf 86' lang='lat' dir='ltr'><strong>Et</strong></span> <span class='ocrx_word' id='word_1_340' title='bbox 1933 1725 2190 1798; x_wconf 85' lang='lat' dir='ltr'><strong>quialux</strong></span> <span class='ocrx_word' id='word_1_341' title='bbox 2212 1726 2311 1782; x_wconf 89' lang='lat' dir='ltr'><strong>illa</strong></span> <span class='ocrx_word' id='word_1_342' title='bbox 2334 1728 2502 1797; x_wconf 89' lang='lat' dir='ltr'><strong>cujus</strong></span> <span class='ocrx_word' id='word_1_343' title='bbox 2519 1728 2812 1799; x_wconf 87' lang='lat' dir='ltr'><strong>Sapientia</strong></span> <span class='ocrx_word' id='word_1_344' title='bbox 2833 1728 3112 1800; x_wconf 91' lang='lat' dir='ltr'><strong>splendor</strong></span> <span class='ocrx_word' id='word_1_345' title='bbox 3143 1735 3252 1799; x_wconf 86' lang='lat' dir='ltr'><strong>est,</strong></span> <span class='ocrx_word' id='word_1_346' title='bbox 3286 1732 3370 1789; x_wconf 87' lang='lat' dir='ltr'><strong>sic</strong></span> <span class='ocrx_word' id='word_1_347' title='bbox 3402 1738 3491 1790; x_wconf 87' lang='lat' dir='ltr'><strong>est</strong></span> 
     </span>
    </p>
   </div>
   <div class='ocr_carea' id='block_1_48' title="bbox 1713 1799 3490 1884">
    <p class='ocr_par' dir='ltr' id='par_1_48' title="bbox 1713 1799 3490 1884">
     <span class='ocr_line' id='line_1_48' title="bbox 1713 1799 3490 1884; baseline 0.006 -15"><span class='ocrx_word' id='word_1_348' title='bbox 1713 1799 1726 1824; x_wconf 86' lang='grc'><strong><em>’</em></strong></span> <span class='ocrx_word' id='word_1_349' title='bbox 1760 1803 1807 1869; x_wconf 88' lang='grc' dir='ltr'><strong>Β</strong></span> <span class='ocrx_word' id='word_1_350' title='bbox 1840 1815 2187 1872; x_wconf 90' lang='lat' dir='ltr'><strong>naturaliter</strong></span> <span class='ocrx_word' id='word_1_351' title='bbox 2208 1820 2448 1883; x_wconf 63' lang='lat' dir='ltr'><strong>aeterna,</strong></span> <span class='ocrx_word' id='word_1_352' title='bbox 2483 1823 2544 1870; x_wconf 91' lang='lat' dir='ltr'><strong>ut</strong></span> <span class='ocrx_word' id='word_1_353' title='bbox 2575 1816 2702 1872; x_wconf 91' lang='lat' dir='ltr'><strong>sine</strong></span> <span class='ocrx_word' id='word_1_354' title='bbox 2735 1799 3012 1884; x_wconf 83' lang='lat' dir='ltr'><strong>initiosit,</strong></span> <span class='ocrx_word' id='word_1_355' title='bbox 3047 1835 3288 1876; x_wconf 86' lang='lat' dir='ltr'><strong>necesse</strong></span> <span class='ocrx_word' id='word_1_356' title='bbox 3309 1827 3400 1878; x_wconf 88' lang='lat' dir='ltr'><strong>est</strong></span> <span class='ocrx_word' id='word_1_357' title='bbox 3423 1827 3490 1878; x_wconf 87' lang='lat' dir='ltr'><strong>ut</strong></span> 
     </span>
    </p>
   </div>
   <div class='ocr_carea' id='block_1_49' title="bbox 1844 1904 3482 1976">
    <p class='ocr_par' dir='ltr' id='par_1_49' title="bbox 1844 1904 3482 1976">
     <span class='ocr_line' id='line_1_49' title="bbox 1844 1904 3482 1976; baseline 0.005 -16"><span class='ocrx_word' id='word_1_358' title='bbox 1844 1905 2021 1960; x_wconf 88' lang='lat' dir='ltr'><strong>etiam</strong></span> <span class='ocrx_word' id='word_1_359' title='bbox 2046 1905 2323 1976; x_wconf 84' lang='lat' dir='ltr'><strong>splendor</strong></span> <span class='ocrx_word' id='word_1_360' title='bbox 2351 1904 2450 1960; x_wconf 90' lang='lat' dir='ltr'><strong>ille</strong></span> <span class='ocrx_word' id='word_1_361' title='bbox 2481 1905 2633 1962; x_wconf 91' lang='lat' dir='ltr'><strong>lucis</strong></span> <span class='ocrx_word' id='word_1_362' title='bbox 2672 1905 2756 1961; x_wconf 86' lang='lat' dir='ltr'><strong>ita</strong></span> <span class='ocrx_word' id='word_1_363' title='bbox 2785 1907 2862 1962; x_wconf 88' lang='lat' dir='ltr'><strong>sit</strong></span> <span class='ocrx_word' id='word_1_364' title='bbox 2893 1910 3165 1976; x_wconf 68' lang='lat' dir='ltr'><strong>aeternus,</strong></span> <span class='ocrx_word' id='word_1_365' title='bbox 3200 1913 3265 1964; x_wconf 91' lang='lat' dir='ltr'><strong>ut</strong></span> <span class='ocrx_word' id='word_1_366' title='bbox 3293 1910 3482 1968; x_wconf 87' lang='lat' dir='ltr'><strong>eidem</strong></span> 
     </span>
    </p>
   </div>
   <div class='ocr_carea' id='block_1_50' title="bbox 1845 1995 3486 2066">
    <p class='ocr_par' dir='ltr' id='par_1_50' title="bbox 1845 1995 3486 2066">
     <span class='ocr_line' id='line_1_50' title="bbox 1845 1995 3486 2066; baseline 0.005 -16"><span class='ocrx_word' id='word_1_367' title='bbox 1845 1995 1960 2050; x_wconf 88' lang='lat' dir='ltr'><strong>luci</strong></span> <span class='ocrx_word' id='word_1_368' title='bbox 1991 1995 2157 2064; x_wconf 90' lang='lat' dir='ltr'><strong>cujus</strong></span> <span class='ocrx_word' id='word_1_369' title='bbox 2210 1995 2490 2066; x_wconf 87' lang='lat' dir='ltr'><strong>splendor</strong></span> <span class='ocrx_word' id='word_1_370' title='bbox 2545 1999 2652 2063; x_wconf 90' lang='lat' dir='ltr'><strong>est,</strong></span> <span class='ocrx_word' id='word_1_371' title='bbox 2687 1995 2812 2050; x_wconf 90' lang='lat' dir='ltr'><strong>sine</strong></span> <span class='ocrx_word' id='word_1_372' title='bbox 2843 1995 3008 2051; x_wconf 90' lang='lat' dir='ltr'><strong>initio</strong></span> <span class='ocrx_word' id='word_1_373' title='bbox 3035 1996 3112 2052; x_wconf 88' lang='lat' dir='ltr'><strong>sit</strong></span> <span class='ocrx_word' id='word_1_374' title='bbox 3137 1999 3486 2058; x_wconf 87' lang='lat' dir='ltr'><strong>naturaliter</strong></span> 
     </span>
    </p>
   </div>
   <div class='ocr_carea' id='block_1_51' title="bbox 1846 2083 3480 2158">
    <p class='ocr_par' dir='ltr' id='par_1_51' title="bbox 1846 2083 3480 2158">
     <span class='ocr_line' id='line_1_51' title="bbox 1846 2083 3480 2158; baseline 0.004 -18"><span class='ocrx_word' id='word_1_375' title='bbox 1846 2088 2188 2140; x_wconf 77' lang='lat' dir='ltr'><strong>coaeternus.</strong></span> <span class='ocrx_word' id='word_1_376' title='bbox 2224 2083 2749 2140; x_wconf 83' lang='lat' dir='ltr'><strong>lioctestimonium</strong></span> <span class='ocrx_word' id='word_1_377' title='bbox 2771 2087 3332 2158; x_wconf 66' lang='lat' dir='ltr'><strong>sanctaaScriptursi,</strong></span> <span class='ocrx_word' id='word_1_378' title='bbox 3366 2107 3480 2146; x_wconf 90' lang='lat' dir='ltr'><strong>non</strong></span> 
     </span>
    </p>
   </div>
   <div class='ocr_carea' id='block_1_52' title="bbox 1846 2172 3480 2245">
    <p class='ocr_par' dir='ltr' id='par_1_52' title="bbox 1846 2172 3480 2245">
     <span class='ocr_line' id='line_1_52' title="bbox 1846 2172 3480 2245; baseline 0.005 -17"><span class='ocrx_word' id='word_1_379' title='bbox 1846 2173 2034 2230; x_wconf 90' lang='lat' dir='ltr'><strong>solum</strong></span> <span class='ocrx_word' id='word_1_380' title='bbox 2076 2172 2312 2245; x_wconf 89' lang='lat' dir='ltr'><strong>plenum</strong></span> <span class='ocrx_word' id='word_1_381' title='bbox 2365 2177 2452 2228; x_wconf 91' lang='lat' dir='ltr'><strong>est</strong></span> <span class='ocrx_word' id='word_1_382' title='bbox 2482 2173 2695 2228; x_wconf 87' lang='lat' dir='ltr'><strong>virtute</strong></span> <span class='ocrx_word' id='word_1_383' title='bbox 2716 2174 3277 2242; x_wconf 87' lang='lat' dir='ltr'><strong>auctoritas,verum</strong></span> <span class='ocrx_word' id='word_1_384' title='bbox 3303 2179 3480 2236; x_wconf 89' lang='lat' dir='ltr'><strong>etiam</strong></span> 
     </span>
    </p>
   </div>
   <div class='ocr_carea' id='block_1_53' title="bbox 1843 2262 3485 2336">
    <p class='ocr_par' dir='ltr' id='par_1_53' title="bbox 1843 2262 3485 2336">
     <span class='ocr_line' id='line_1_53' title="bbox 1843 2262 3485 2336; baseline 0.005 -18"><span class='ocrx_word' id='word_1_385' title='bbox 1843 2263 2068 2318; x_wconf 89' lang='lat' dir='ltr'><strong>lumine</strong></span> <span class='ocrx_word' id='word_1_386' title='bbox 2083 2263 2347 2318; x_wconf 90' lang='lat' dir='ltr'><strong>rationis.</strong></span> <span class='ocrx_word' id='word_1_387' title='bbox 2415 2266 2593 2318; x_wconf 85' lang='lat' dir='ltr'><strong>Recta</strong></span> <span class='ocrx_word' id='word_1_388' title='bbox 2620 2262 2850 2335; x_wconf 71' lang='lat' dir='ltr'><strong>iquippe</strong></span> <span class='ocrx_word' id='word_1_389' title='bbox 2882 2263 3026 2319; x_wconf 90' lang='lat' dir='ltr'><strong>ratio</strong></span> <span class='ocrx_word' id='word_1_390' title='bbox 3057 2269 3169 2336; x_wconf 88' lang='lat' dir='ltr'><strong>est,</strong></span> <span class='ocrx_word' id='word_1_391' title='bbox 3201 2271 3266 2322; x_wconf 90' lang='lat' dir='ltr'><strong>ut</strong></span> <span class='ocrx_word' id='word_1_392' title='bbox 3294 2269 3348 2324; x_wconf 90' lang='lat' dir='ltr'><strong>si</strong></span> <span class='ocrx_word' id='word_1_393' title='bbox 3375 2269 3485 2326; x_wconf 87' lang='lat' dir='ltr'><strong>hoc</strong></span> 
     </span>
    </p>
   </div>
   <div class='ocr_carea' id='block_1_54' title="bbox 1844 2351 3491 2424">
    <p class='ocr_par' dir='ltr' id='par_1_54' title="bbox 1844 2351 3491 2424">
     <span class='ocr_line' id='line_1_54' title="bbox 1844 2351 3491 2424; baseline 0.004 -17"><span class='ocrx_word' id='word_1_394' title='bbox 1844 2351 2245 2408; x_wconf 88' lang='lat' dir='ltr'><strong>testimonium</strong></span> <span class='ocrx_word' id='word_1_395' title='bbox 2263 2357 2476 2407; x_wconf 66' lang='lat' dir='ltr'><strong>sanctae</strong></span> <span class='ocrx_word' id='word_1_396' title='bbox 2498 2351 2811 2423; x_wconf 66' lang='lat' dir='ltr'><strong>Scriptura:</strong></span> <span class='ocrx_word' id='word_1_397' title='bbox 2826 2353 3491 2424; x_wconf 66' lang='lat' dir='ltr'><strong>accipitur,unateterni-</strong></span> 
     </span>
    </p>
   </div>
   <div class='ocr_carea' id='block_1_55' title="bbox 1847 2441 3492 2514">
    <p class='ocr_par' dir='ltr' id='par_1_55' title="bbox 1847 2441 3492 2514">
     <span class='ocr_line' id='line_1_55' title="bbox 1847 2441 3492 2514; baseline 0.004 -16"><span class='ocrx_word' id='word_1_398' title='bbox 1847 2446 1938 2498; x_wconf 91' lang='lat' dir='ltr'><strong>tas</strong></span> <span class='ocrx_word' id='word_1_399' title='bbox 1956 2441 2107 2496; x_wconf 87' lang='lat' dir='ltr'><strong>lucis</strong></span> <span class='ocrx_word' id='word_1_400' title='bbox 2125 2441 2571 2513; x_wconf 86' lang='lat' dir='ltr'><strong>splendorisque</strong></span> <span class='ocrx_word' id='word_1_401' title='bbox 2585 2441 3080 2514; x_wconf 89' lang='lat' dir='ltr'><strong>credatur.Neque</strong></span> <span class='ocrx_word' id='word_1_402' title='bbox 3102 2445 3257 2500; x_wconf 89' lang='lat' dir='ltr'><strong>enim</strong></span> <span class='ocrx_word' id='word_1_403' title='bbox 3275 2447 3492 2505; x_wconf 72' lang='lat' dir='ltr'><strong>frustra</strong></span> 
     </span>
    </p>
   </div>
   <div class='ocr_carea' id='block_1_56' title="bbox 1846 2529 3490 2608">
    <p class='ocr_par' dir='ltr' id='par_1_56' title="bbox 1846 2529 3490 2608">
     <span class='ocr_line' id='line_1_56' title="bbox 1846 2529 3490 2608; baseline 0.003 -21"><span class='ocrx_word' id='word_1_404' title='bbox 1846 2531 1956 2587; x_wconf 86' lang='lat' dir='ltr'><strong>hoc</strong></span> <span class='ocrx_word' id='word_1_405' title='bbox 1981 2531 2134 2586; x_wconf 90' lang='lat' dir='ltr'><strong>Deus</strong></span> <span class='ocrx_word' id='word_1_406' title='bbox 2165 2530 2368 2594; x_wconf 80' lang='lat' dir='ltr'><strong>voluit,</strong></span> <span class='ocrx_word' id='word_1_407' title='bbox 2393 2535 2458 2586; x_wconf 93' lang='lat' dir='ltr'><strong>ut</strong></span> <span class='ocrx_word' id='word_1_408' title='bbox 2480 2532 2537 2584; x_wconf 91' lang='lat' dir='ltr'><strong>in</strong></span> <span class='ocrx_word' id='word_1_409' title='bbox 2567 2547 2633 2586; x_wconf 89' lang='lat' dir='ltr'><strong>eo</strong></span> <span class='ocrx_word' id='word_1_410' title='bbox 2658 2529 2801 2597; x_wconf 89' lang='lat' dir='ltr'><strong>loco,</strong></span> <span class='ocrx_word' id='word_1_411' title='bbox 2822 2531 2920 2586; x_wconf 91' lang='lat' dir='ltr'><strong>ubi</strong></span> <span class='ocrx_word' id='word_1_412' title='bbox 2948 2533 3247 2605; x_wconf 88' lang='lat' dir='ltr'><strong>Sapientia</strong></span> <span class='ocrx_word' id='word_1_413' title='bbox 3289 2536 3490 2608; x_wconf 83' lang='lat' dir='ltr'><strong>splen-</strong></span> 
     </span>
    </p>
   </div>
   <div class='ocr_carea' id='block_1_57' title="bbox 1847 2619 3484 2696">
    <p class='ocr_par' dir='ltr' id='par_1_57' title="bbox 1847 2619 3484 2696">
     <span class='ocr_line' id='line_1_57' title="bbox 1847 2619 3484 2696; baseline 0.005 -21"><span class='ocrx_word' id='word_1_414' title='bbox 1847 2621 1956 2676; x_wconf 91' lang='lat' dir='ltr'><strong>dor</strong></span> <span class='ocrx_word' id='word_1_415' title='bbox 1980 2619 2131 2675; x_wconf 89' lang='lat' dir='ltr'><strong>lucis</strong></span> <span class='ocrx_word' id='word_1_416' title='bbox 2161 2619 2514 2686; x_wconf 88' lang='lat' dir='ltr'><strong>ostenditur,</strong></span> <span class='ocrx_word' id='word_1_417' title='bbox 2557 2621 2759 2675; x_wconf 90' lang='lat' dir='ltr'><strong>eadem</strong></span> <span class='ocrx_word' id='word_1_418' title='bbox 2791 2619 2888 2676; x_wconf 87' lang='lat' dir='ltr'><strong>lux</strong></span> <span class='ocrx_word' id='word_1_419' title='bbox 2917 2630 3134 2678; x_wconf 64' lang='lat' dir='ltr'><strong>aeterna</strong></span> <span class='ocrx_word' id='word_1_420' title='bbox 3164 2625 3484 2696; x_wconf 75' lang='lat' dir='ltr'><strong>Scriptum</strong></span> 
     </span>
    </p>
   </div>
   <div class='ocr_carea' id='block_1_58' title="bbox 1847 2709 3488 2783">
    <p class='ocr_par' dir='ltr' id='par_1_58' title="bbox 1847 2709 3488 2783">
     <span class='ocr_line' id='line_1_58' title="bbox 1847 2709 3488 2783; baseline 0.005 -17"><span class='ocrx_word' id='word_1_421' title='bbox 1847 2709 2190 2766; x_wconf 89' lang='lat' dir='ltr'><strong>testimonio</strong></span> <span class='ocrx_word' id='word_1_422' title='bbox 2206 2711 2529 2778; x_wconf 83' lang='lat' dir='ltr'><strong>diceretur;</strong></span> <span class='ocrx_word' id='word_1_423' title='bbox 2554 2711 2667 2766; x_wconf 90' lang='lat' dir='ltr'><strong>nisi</strong></span> <span class='ocrx_word' id='word_1_424' title='bbox 2692 2715 2758 2765; x_wconf 90' lang='lat' dir='ltr'><strong>ut</strong></span> <span class='ocrx_word' id='word_1_425' title='bbox 2777 2727 2844 2766; x_wconf 87' lang='lat' dir='ltr'><strong>ex</strong></span> <span class='ocrx_word' id='word_1_426' title='bbox 2859 2726 2924 2767; x_wconf 88' lang='lat' dir='ltr'><strong>eo</strong></span> <span class='ocrx_word' id='word_1_427' title='bbox 2938 2715 3091 2783; x_wconf 88' lang='lat' dir='ltr'><strong>quod</strong></span> <span class='ocrx_word' id='word_1_428' title='bbox 3117 2714 3277 2772; x_wconf 88' lang='lat' dir='ltr'><strong>illam</strong></span> <span class='ocrx_word' id='word_1_429' title='bbox 3296 2714 3488 2775; x_wconf 82' lang='lat' dir='ltr'><strong>lucem</strong></span> 
     </span>
    </p>
   </div>
   <div class='ocr_carea' id='block_1_59' title="bbox 1848 2797 3492 2878">
    <p class='ocr_par' dir='ltr' id='par_1_59' title="bbox 1848 2797 3492 2878">
     <span class='ocr_line' id='line_1_59' title="bbox 1848 2797 3492 2878; baseline 0.006 -25"><span class='ocrx_word' id='word_1_430' title='bbox 1848 2797 2483 2854; x_wconf 66' lang='lat' dir='ltr'><strong>naturaliteraeternam</strong></span> <span class='ocrx_word' id='word_1_431' title='bbox 2499 2799 2933 2872; x_wconf 80' lang='lat' dir='ltr'><strong>cognoscimus,</strong></span> <span class='ocrx_word' id='word_1_432' title='bbox 2958 2803 3326 2874; x_wconf 86' lang='lat' dir='ltr'><strong>splendorem</strong></span> <span class='ocrx_word' id='word_1_433' title='bbox 3352 2823 3492 2878; x_wconf 85' lang='lat' dir='ltr'><strong>quo-</strong></span> 
     </span>
    </p>
   </div>
   <div class='ocr_carea' id='block_1_60' title="bbox 1846 2887 3490 2960">
    <p class='ocr_par' dir='ltr' id='par_1_60' title="bbox 1846 2887 3490 2960">
     <span class='ocr_line' id='line_1_60' title="bbox 1846 2887 3490 2960; baseline 0.006 -18"><span class='ocrx_word' id='word_1_434' title='bbox 1846 2904 1960 2960; x_wconf 89' lang='lat' dir='ltr'><strong>que</strong></span> <span class='ocrx_word' id='word_1_435' title='bbox 1990 2889 2119 2959; x_wconf 87' lang='lat' dir='ltr'><strong>ejus</strong></span> <span class='ocrx_word' id='word_1_436' title='bbox 2150 2887 2498 2944; x_wconf 87' lang='lat' dir='ltr'><strong>naturaliter</strong></span> <span class='ocrx_word' id='word_1_437' title='bbox 2515 2887 2566 2944; x_wconf 87' lang='lat' dir='ltr'><strong>ei</strong></span> <span class='ocrx_word' id='word_1_438' title='bbox 2589 2893 2941 2945; x_wconf 67' lang='lat' dir='ltr'><strong>coaeternum</strong></span> <span class='ocrx_word' id='word_1_439' title='bbox 2974 2889 3101 2946; x_wconf 91' lang='lat' dir='ltr'><strong>sine</strong></span> <span class='ocrx_word' id='word_1_440' title='bbox 3123 2893 3490 2952; x_wconf 91' lang='lat' dir='ltr'><strong>dubitatione</strong></span> 
     </span>
    </p>
   </div>
   <div class='ocr_carea' id='block_1_61' title="bbox 1845 2978 2177 3034">
    <p class='ocr_par' dir='ltr' id='par_1_61' title="bbox 1845 2978 2177 3034">
     <span class='ocr_line' id='line_1_61' title="bbox 1845 2978 2177 3034; baseline -0.006 0"><span class='ocrx_word' id='word_1_441' title='bbox 1845 2978 2177 3034; x_wconf 88' lang='lat' dir='ltr'><strong>credamus.</strong></span> 
     </span>
    </p>
   </div>
   <div class='ocr_carea' id='block_1_62' title="bbox 2301 3091 3034 3149">
    <p class='ocr_par' dir='ltr' id='par_1_62' title="bbox 2301 3091 3034 3149">
     <span class='ocr_line' id='line_1_62' title="bbox 2301 3091 3034 3149; baseline 0.004 -3"><span class='ocrx_word' id='word_1_442' title='bbox 2301 3092 2432 3148; x_wconf 72' lang='grc' dir='ltr'><strong>ΕΗΔ</strong></span> <span class='ocrx_word' id='word_1_443' title='bbox 2447 3091 2806 3149; x_wconf 86' lang='lat' dir='ltr'><strong>GMENTUM</strong></span> <span class='ocrx_word' id='word_1_444' title='bbox 2836 3091 3034 3149; x_wconf 84' lang='lat' dir='ltr'><strong>XXIV.</strong></span> 
     </span>
    </p>
   </div>
   <div class='ocr_carea' id='block_1_63' title="bbox 124 3171 3492 3261">
    <p class='ocr_par' dir='ltr' id='par_1_63' title="bbox 124 3171 3492 3261">
     <span class='ocr_line' id='line_1_63' title="bbox 124 3171 3492 3261; baseline 0.003 -28"><span class='ocrx_word' id='word_1_445' title='bbox 124 3171 1740 3261; x_wconf 67' lang='lat' dir='ltr'><strong>minuseternaFiliicognoscinativitas.Utautemaliqua</strong></span> <span class='ocrx_word' id='word_1_446' title='bbox 1767 3175 1813 3241; x_wconf 88' lang='lat' dir='ltr'><strong><em>C</em></strong></span> <span class='ocrx_word' id='word_1_447' title='bbox 1853 3183 1958 3238; x_wconf 84' lang='lat' dir='ltr'><strong>Nec</strong></span> <span class='ocrx_word' id='word_1_448' title='bbox 1993 3183 2160 3238; x_wconf 81' lang='lat' dir='ltr'><strong>Pater</strong></span> <span class='ocrx_word' id='word_1_449' title='bbox 2193 3181 2304 3254; x_wconf 76' lang='lat' dir='ltr'><strong>fuit</strong></span> <span class='ocrx_word' id='word_1_450' title='bbox 2349 3183 2476 3237; x_wconf 79' lang='lat' dir='ltr'><strong>ante</strong></span> <span class='ocrx_word' id='word_1_451' title='bbox 2531 3182 2962 3261; x_wconf 66' lang='lat' dir='ltr'><strong>generationem,</strong></span> <span class='ocrx_word' id='word_1_452' title='bbox 2996 3198 3095 3239; x_wconf 85' lang='lat' dir='ltr'><strong>nec</strong></span> <span class='ocrx_word' id='word_1_453' title='bbox 3135 3183 3324 3242; x_wconf 85' lang='lat' dir='ltr'><strong>Filius</strong></span> <span class='ocrx_word' id='word_1_454' title='bbox 3366 3196 3492 3245; x_wconf 77' lang='lat' dir='ltr'><strong>ante</strong></span> 
     </span>
    </p>
   </div>
   <div class='ocr_carea' id='block_1_64' title="bbox 127 3267 1739 3350">
    <p class='ocr_par' dir='ltr' id='par_1_64' title="bbox 127 3267 1739 3350">
     <span class='ocr_line' id='line_1_64' title="bbox 127 3267 1739 3350; baseline 0.01 -31"><span class='ocrx_word' id='word_1_455' title='bbox 127 3267 302 3330; x_wconf 68' lang='lat' dir='ltr'><strong>divinae</strong></span> <span class='ocrx_word' id='word_1_456' title='bbox 329 3279 729 3346; x_wconf 85' lang='lat' dir='ltr'><strong>generationis</strong></span> <span class='ocrx_word' id='word_1_457' title='bbox 750 3279 819 3334; x_wconf 89' lang='lat' dir='ltr'><strong>de</strong></span> <span class='ocrx_word' id='word_1_458' title='bbox 840 3279 974 3350; x_wconf 90' lang='lat' dir='ltr'><strong>igne</strong></span> <span class='ocrx_word' id='word_1_459' title='bbox 993 3276 1321 3334; x_wconf 89' lang='lat' dir='ltr'><strong>similitudo</strong></span> <span class='ocrx_word' id='word_1_460' title='bbox 1339 3279 1739 3344; x_wconf 89' lang='lat' dir='ltr'><strong>sumatur,ha-</strong></span> 
     </span>
    </p>
   </div>
   <div class='ocr_carea' id='block_1_65' title="bbox 127 3353 1737 3439">
    <p class='ocr_par' dir='ltr' id='par_1_65' title="bbox 127 3353 1737 3439">
     <span class='ocr_line' id='line_1_65' title="bbox 127 3353 1737 3439; baseline 0.01 -31"><span class='ocrx_word' id='word_1_461' title='bbox 127 3353 202 3412; x_wconf 86' lang='lat' dir='ltr'><strong>bet</strong></span> <span class='ocrx_word' id='word_1_462' title='bbox 219 3359 316 3419; x_wconf 89' lang='lat' dir='ltr'><strong>hoc</strong></span> <span class='ocrx_word' id='word_1_463' title='bbox 337 3368 678 3438; x_wconf 67' lang='lat' dir='ltr'><strong>apostolica</strong></span> <span class='ocrx_word' id='word_1_464' title='bbox 695 3366 1124 3439; x_wconf 59' lang='lat' dir='ltr'><strong>praedicationis</strong></span> <span class='ocrx_word' id='word_1_465' title='bbox 1147 3368 1465 3423; x_wconf 89' lang='lat' dir='ltr'><strong>auctoritas</strong></span> <span class='ocrx_word' id='word_1_466' title='bbox 1479 3385 1606 3439; x_wconf 77' lang='lat' dir='ltr'><strong>quae</strong></span> <span class='ocrx_word' id='word_1_467' title='bbox 1622 3369 1737 3425; x_wconf 90' lang='lat' dir='ltr'><strong>ait:</strong></span> 
     </span>
    </p>
   </div>
   <div class='ocr_carea' id='block_1_66' title="bbox 131 3445 1739 3530">
    <p class='ocr_par' dir='ltr' id='par_1_66' title="bbox 131 3445 1739 3530">
     <span class='ocr_line' id='line_1_66' title="bbox 131 3445 1739 3530; baseline 0.006 -27"><span class='ocrx_word' id='word_1_468' title='bbox 131 3445 317 3507; x_wconf 77' lang='lat' dir='ltr'><strong>Etenim</strong></span> <span class='ocrx_word' id='word_1_469' title='bbox 345 3457 485 3512; x_wconf 83' lang='lat' dir='ltr'><strong>Deus</strong></span> <span class='ocrx_word' id='word_1_470' title='bbox 543 3461 739 3514; x_wconf 79' lang='lat' dir='ltr'><strong>noster</strong></span> <span class='ocrx_word' id='word_1_471' title='bbox 767 3458 920 3530; x_wconf 87' lang='lat' dir='ltr'><strong>ignis</strong></span> <span class='ocrx_word' id='word_1_472' title='bbox 949 3472 1270 3512; x_wconf 85' lang='lat' dir='ltr'><strong>consumens</strong></span> <span class='ocrx_word' id='word_1_473' title='bbox 1297 3461 1376 3512; x_wconf 83' lang='lat' dir='ltr'><strong>est</strong></span> <span class='ocrx_word' id='word_1_474' title='bbox 1407 3458 1601 3519; x_wconf 84' lang='lat' dir='ltr'><strong>(Hebr.</strong></span> <span class='ocrx_word' id='word_1_475' title='bbox 1634 3474 1739 3528; x_wconf 83' lang='lat' dir='ltr'><strong>xu,</strong></span> 
     </span>
    </p>
   </div>
   <div class='ocr_carea' id='block_1_67' title="bbox 130 3532 1739 3620">
    <p class='ocr_par' dir='ltr' id='par_1_67' title="bbox 130 3532 1739 3620">
     <span class='ocr_line' id='line_1_67' title="bbox 130 3532 1739 3620; baseline 0.003 -24"><span class='ocrx_word' id='word_1_476' title='bbox 130 3532 220 3620; x_wconf 78' lang='grc'><strong>29).</strong></span> <span class='ocrx_word' id='word_1_477' title='bbox 248 3539 396 3604; x_wconf 84' lang='lat' dir='ltr'><strong>Quod</strong></span> <span class='ocrx_word' id='word_1_478' title='bbox 427 3547 529 3620; x_wconf 80' lang='lat' dir='ltr'><strong>ait,</strong></span> <span class='ocrx_word' id='word_1_479' title='bbox 554 3563 815 3618; x_wconf 88' lang='lat' dir='ltr'><strong>sequens</strong></span> <span class='ocrx_word' id='word_1_480' title='bbox 839 3547 1316 3617; x_wconf 70' lang='lat' dir='ltr'><strong>praedicationem</strong></span> <span class='ocrx_word' id='word_1_481' title='bbox 1342 3547 1532 3602; x_wconf 90' lang='lat' dir='ltr'><strong>sancti</strong></span> <span class='ocrx_word' id='word_1_482' title='bbox 1557 3547 1739 3620; x_wconf 85' lang='lat' dir='ltr'><strong>Moysi</strong></span> 
     </span>
    </p>
   </div>
   <div class='ocr_carea' id='block_1_68' title="bbox 131 3619 1742 3702">
    <p class='ocr_par' dir='ltr' id='par_1_68' title="bbox 131 3619 1742 3702">
     <span class='ocr_line' id='line_1_68' title="bbox 131 3619 1742 3702; baseline 0.007 -25"><span class='ocrx_word' id='word_1_483' title='bbox 131 3619 338 3685; x_wconf 84' lang='lat' dir='ltr'><strong>dicentis</strong></span> <span class='ocrx_word' id='word_1_484' title='bbox 361 3633 416 3688; x_wconf 92' lang='lat' dir='ltr'><strong>in</strong></span> <span class='ocrx_word' id='word_1_485' title='bbox 454 3619 954 3696; x_wconf 84' lang='lat' dir='ltr'><strong>Denteronomio;</strong></span> <span class='ocrx_word' id='word_1_486' title='bbox 995 3633 1260 3702; x_wconf 78' lang='lat' dir='ltr'><strong>Quoniam</strong></span> <span class='ocrx_word' id='word_1_487' title='bbox 1296 3636 1568 3690; x_wconf 86' lang='lat' dir='ltr'><strong>Dominus</strong></span> <span class='ocrx_word' id='word_1_488' title='bbox 1601 3619 1742 3691; x_wconf 85' lang='lat' dir='ltr'><strong>Deus</strong></span> 
     </span>
    </p>
   </div>
   <div class='ocr_carea' id='block_1_69' title="bbox 132 3717 1742 3796">
    <p class='ocr_par' dir='ltr' id='par_1_69' title="bbox 132 3717 1742 3796">
     <span class='ocr_line' id='line_1_69' title="bbox 132 3717 1742 3796; baseline 0.012 -35"><span class='ocrx_word' id='word_1_489' title='bbox 132 3717 278 3769; x_wconf 85' lang='lat' dir='ltr'><strong>vester</strong></span> <span class='ocrx_word' id='word_1_490' title='bbox 305 3721 444 3790; x_wconf 76' lang='lat' dir='ltr'><strong>ignis</strong></span> <span class='ocrx_word' id='word_1_491' title='bbox 471 3740 802 3782; x_wconf 86' lang='lat' dir='ltr'><strong>consumens</strong></span> <span class='ocrx_word' id='word_1_492' title='bbox 832 3727 908 3780; x_wconf 78' lang='lat' dir='ltr'><strong>est</strong></span> <span class='ocrx_word' id='word_1_493' title='bbox 939 3725 1113 3785; x_wconf 75' lang='lat' dir='ltr'><strong>(Deut.</strong></span> <span class='ocrx_word' id='word_1_494' title='bbox 1148 3741 1226 3790; x_wconf 84' lang='lat' dir='ltr'><strong>Iv,</strong></span> <span class='ocrx_word' id='word_1_495' title='bbox 1257 3725 1592 3796; x_wconf 53' lang='lat' dir='ltr'><strong>24).Ad,boc</strong></span> <span class='ocrx_word' id='word_1_496' title='bbox 1611 3742 1742 3796; x_wconf 91' lang='lat' dir='ltr'><strong>per-</strong></span> 
     </span>
    </p>
   </div>
   <div class='ocr_carea' id='block_1_70' title="bbox 135 3796 1742 3894">
    <p class='ocr_par' dir='ltr' id='par_1_70' title="bbox 135 3796 1742 3894">
     <span class='ocr_line' id='line_1_70' title="bbox 135 3796 1742 3894; baseline 0.011 -42"><span class='ocrx_word' id='word_1_497' title='bbox 135 3796 254 3894; x_wconf 72' lang='lat' dir='ltr'><strong>tinet</strong></span> <span class='ocrx_word' id='word_1_498' title='bbox 271 3813 321 3860; x_wconf 88' lang='lat' dir='ltr'><strong>et</strong></span> <span class='ocrx_word' id='word_1_499' title='bbox 341 3811 481 3869; x_wconf 88' lang='lat' dir='ltr'><strong>illud</strong></span> <span class='ocrx_word' id='word_1_500' title='bbox 508 3813 672 3886; x_wconf 92' lang='lat' dir='ltr'><strong>quod</strong></span> <span class='ocrx_word' id='word_1_501' title='bbox 693 3813 752 3867; x_wconf 91' lang='lat' dir='ltr'><strong>in</strong></span> <span class='ocrx_word' id='word_1_502' title='bbox 773 3813 1239 3885; x_wconf 68' lang='lat' dir='ltr'><strong>libroSapientias</strong></span> <span class='ocrx_word' id='word_1_503' title='bbox 1257 3815 1328 3868; x_wconf 91' lang='lat' dir='ltr'><strong>de</strong></span> <span class='ocrx_word' id='word_1_504' title='bbox 1351 3814 1478 3886; x_wconf 90' lang='lat' dir='ltr'><strong>ipsa</strong></span> <span class='ocrx_word' id='word_1_505' title='bbox 1501 3814 1742 3885; x_wconf 88' lang='lat' dir='ltr'><strong>Sapien-</strong></span> 
     </span>
    </p>
   </div>
   <div class='ocr_carea' id='block_1_71' title="bbox 138 3888 1740 3976">
    <p class='ocr_par' dir='ltr' id='par_1_71' title="bbox 138 3888 1740 3976">
     <span class='ocr_line' id='line_1_71' title="bbox 138 3888 1740 3976; baseline 0.011 -35"><span class='ocrx_word' id='word_1_506' title='bbox 138 3888 200 3976; x_wconf 70' lang='lat' dir='ltr'><strong>tia</strong></span> <span class='ocrx_word' id='word_1_507' title='bbox 219 3891 411 3955; x_wconf 87' lang='lat' dir='ltr'><strong>dicitur</strong></span> <span class='ocrx_word' id='word_1_508' title='bbox 437 3920 450 3958; x_wconf 91' lang='lat'>:</span> <span class='ocrx_word' id='word_1_509' title='bbox 492 3902 774 3976; x_wconf 83' lang='lat' dir='ltr'><strong>Splendor</strong></span> <span class='ocrx_word' id='word_1_510' title='bbox 795 3913 872 3958; x_wconf 76' lang='lat' dir='ltr'><strong>est</strong></span> <span class='ocrx_word' id='word_1_511' title='bbox 893 3901 1042 3957; x_wconf 87' lang='lat' dir='ltr'><strong>enim</strong></span> <span class='ocrx_word' id='word_1_512' title='bbox 1065 3902 1200 3958; x_wconf 86' lang='lat' dir='ltr'><strong>lucis</strong></span> <span class='ocrx_word' id='word_1_513' title='bbox 1221 3904 1608 3976; x_wconf 60' lang='lat' dir='ltr'><strong>wiernae(Sap.</strong></span> <span class='ocrx_word' id='word_1_514' title='bbox 1643 3922 1740 3975; x_wconf 87' lang='lat' dir='ltr'><strong>vn,</strong></span> 
     </span>
    </p>
   </div>
   <div class='ocr_carea' id='block_1_72' title="bbox 139 3973 1743 4064">
    <p class='ocr_par' dir='ltr' id='par_1_72' title="bbox 139 3973 1743 4064">
     <span class='ocr_line' id='line_1_72' title="bbox 139 3973 1743 4064; baseline 0.002 -18"><span class='ocrx_word' id='word_1_515' title='bbox 139 3973 230 4046; x_wconf 73' lang='grc'><strong>26)·</strong></span> <span class='ocrx_word' id='word_1_516' title='bbox 257 3981 406 4046; x_wconf 83' lang='lat' dir='ltr'><strong>Quod</strong></span> <span class='ocrx_word' id='word_1_517' title='bbox 427 3973 710 4048; x_wconf 71' lang='lat' dir='ltr'><strong>similiter</strong></span> <span class='ocrx_word' id='word_1_518' title='bbox 739 3992 1060 4063; x_wconf 89' lang='lat' dir='ltr'><strong>apostolica</strong></span> <span class='ocrx_word' id='word_1_519' title='bbox 1091 3973 1504 4062; x_wconf 67' lang='lat' dir='ltr'><strong>praedicatione</strong></span> <span class='ocrx_word' id='word_1_520' title='bbox 1525 3973 1743 4064; x_wconf 78' lang='lat' dir='ltr'><strong>profer-</strong></span> 
     </span>
    </p>
   </div>
   <div class='ocr_carea' id='block_1_73' title="bbox 144 4064 1744 4163">
    <p class='ocr_par' dir='ltr' id='par_1_73' title="bbox 144 4064 1744 4163">
     <span class='ocr_line' id='line_1_73' title="bbox 144 4064 1744 4163; baseline 0.009 -39"><span class='ocrx_word' id='word_1_521' title='bbox 144 4064 235 4163; x_wconf 61' lang='lat' dir='ltr'><strong>tur,</strong></span> <span class='ocrx_word' id='word_1_522' title='bbox 259 4087 378 4163; x_wconf 86' lang='lat' dir='ltr'><strong>cum</strong></span> <span class='ocrx_word' id='word_1_523' title='bbox 408 4079 632 4137; x_wconf 89' lang='lat' dir='ltr'><strong>dicitur</strong></span> <span class='ocrx_word' id='word_1_524' title='bbox 651 4080 726 4136; x_wconf 90' lang='lat' dir='ltr'><strong>ad</strong></span> <span class='ocrx_word' id='word_1_525' title='bbox 746 4080 1011 4136; x_wconf 73' lang='lat' dir='ltr'><strong>Hebraeos</strong></span> <span class='ocrx_word' id='word_1_526' title='bbox 1031 4081 1100 4134; x_wconf 89' lang='lat' dir='ltr'><strong>de</strong></span> <span class='ocrx_word' id='word_1_527' title='bbox 1123 4081 1251 4152; x_wconf 90' lang='lat' dir='ltr'><strong>ipso</strong></span> <span class='ocrx_word' id='word_1_528' title='bbox 1276 4079 1453 4134; x_wconf 89' lang='lat' dir='ltr'><strong>Filio:</strong></span> <span class='ocrx_word' id='word_1_529' title='bbox 1479 4081 1588 4150; x_wconf 84' lang='lat' dir='ltr'><strong>Qui</strong></span> <span class='ocrx_word' id='word_1_530' title='bbox 1613 4099 1744 4138; x_wconf 86' lang='lat' dir='ltr'><strong>cum</strong></span> 
     </span>
    </p>
   </div>
   <div class='ocr_carea' id='block_1_74' title="bbox 143 4162 1745 4242">
    <p class='ocr_par' dir='ltr' id='par_1_74' title="bbox 143 4162 1745 4242">
     <span class='ocr_line' id='line_1_74' title="bbox 143 4162 1745 4242; baseline 0.014 -37"><span class='ocrx_word' id='word_1_531' title='bbox 143 4162 198 4206; x_wconf 79' lang='lat' dir='ltr'><strong>su</strong></span> <span class='ocrx_word' id='word_1_532' title='bbox 240 4162 476 4230; x_wconf 86' lang='lat' dir='ltr'><strong>splendor</strong></span> <span class='ocrx_word' id='word_1_533' title='bbox 502 4171 731 4241; x_wconf 58' lang='lat' dir='ltr'><strong>gloria,</strong></span> <span class='ocrx_word' id='word_1_534' title='bbox 762 4177 813 4226; x_wconf 79' lang='lat' dir='ltr'><strong>et</strong></span> <span class='ocrx_word' id='word_1_535' title='bbox 838 4171 1025 4239; x_wconf 74' lang='lat' dir='ltr'><strong>ﬁgura</strong></span> <span class='ocrx_word' id='word_1_536' title='bbox 1059 4169 1384 4227; x_wconf 71' lang='lat' dir='ltr'><strong>substantiae</strong></span> <span class='ocrx_word' id='word_1_537' title='bbox 1411 4173 1529 4242; x_wconf 82' lang='lat' dir='ltr'><strong>ejus</strong></span> <span class='ocrx_word' id='word_1_538' title='bbox 1558 4173 1745 4242; x_wconf 85' lang='lat' dir='ltr'><strong>(Hebr.</strong></span> 
     </span>
    </p>
   </div>
   <div class='ocr_carea' id='block_1_75' title="bbox 147 4243 1748 4333">
    <p class='ocr_par' dir='ltr' id='par_1_75' title="bbox 147 4243 1748 4333">
     <span class='ocr_line' id='line_1_75' title="bbox 147 4243 1748 4333; baseline 0.002 -20"><span class='ocrx_word' id='word_1_539' title='bbox 147 4252 176 4306; x_wconf 66' lang='lat' dir='ltr'><strong>‘s</strong></span> <span class='ocrx_word' id='word_1_540' title='bbox 199 4243 261 4314; x_wconf 79' lang='grc'><strong>3)-</strong></span> <span class='ocrx_word' id='word_1_541' title='bbox 290 4249 422 4312; x_wconf 79' lang='lat' dir='ltr'><strong>Cum</strong></span> <span class='ocrx_word' id='word_1_542' title='bbox 445 4264 654 4316; x_wconf 87' lang='lat' dir='ltr'><strong>autem</strong></span> <span class='ocrx_word' id='word_1_543' title='bbox 679 4259 795 4315; x_wconf 90' lang='lat' dir='ltr'><strong>ista</strong></span> <span class='ocrx_word' id='word_1_544' title='bbox 819 4259 1242 4325; x_wconf 90' lang='lat' dir='ltr'><strong>dicuntur,non</strong></span> <span class='ocrx_word' id='word_1_545' title='bbox 1266 4259 1469 4331; x_wconf 87' lang='lat' dir='ltr'><strong>utique</strong></span> <span class='ocrx_word' id='word_1_546' title='bbox 1492 4259 1628 4330; x_wconf 90' lang='lat' dir='ltr'><strong>Deo,</strong></span> <span class='ocrx_word' id='word_1_547' title='bbox 1647 4261 1748 4333; x_wconf 91' lang='lat' dir='ltr'><strong>qui</strong></span> 
     </span>
    </p>
   </div>
   <div class='ocr_carea' id='block_1_76' title="bbox 149 4343 1750 4423">
    <p class='ocr_par' dir='ltr' id='par_1_76' title="bbox 149 4343 1750 4423">
     <span class='ocr_line' id='line_1_76' title="bbox 149 4343 1750 4423; baseline 0.001 -19"><span class='ocrx_word' id='word_1_548' title='bbox 149 4343 417 4404; x_wconf 65' lang='grc' dir='ltr'><strong>θονροτθιιε</strong></span> <span class='ocrx_word' id='word_1_549' title='bbox 475 4367 593 4406; x_wconf 90' lang='lat' dir='ltr'><strong>non</strong></span> <span class='ocrx_word' id='word_1_550' title='bbox 621 4353 732 4416; x_wconf 91' lang='lat' dir='ltr'><strong>est,</strong></span> <span class='ocrx_word' id='word_1_551' title='bbox 765 4349 1042 4421; x_wconf 71' lang='lat' dir='ltr'><strong>quaelibet</strong></span> <span class='ocrx_word' id='word_1_552' title='bbox 1068 4365 1158 4405; x_wconf 91' lang='lat' dir='ltr'><strong>res</strong></span> <span class='ocrx_word' id='word_1_553' title='bbox 1189 4366 1476 4420; x_wconf 60' lang='lat' dir='ltr'><strong>corporeae</strong></span> <span class='ocrx_word' id='word_1_554' title='bbox 1507 4367 1750 4423; x_wconf 87' lang='lat' dir='ltr'><strong>compa-</strong></span> 
     </span>
    </p>
   </div>
   <div class='ocr_carea' id='block_1_77' title="bbox 2479 3251 2854 3307">
    <p class='ocr_par' dir='ltr' id='par_1_77' title="bbox 2479 3251 2854 3307">
     <span class='ocr_line' id='line_1_77' title="bbox 2479 3251 2854 3307; baseline 0.003 -1"><span class='ocrx_word' id='word_1_555' title='bbox 2479 3251 2854 3307; x_wconf 75' lang='lat' dir='ltr'><strong>nativitatem.</strong></span> 
     </span>
    </p>
   </div>
   <div class='ocr_carea' id='block_1_78' title="bbox 1916 3367 3492 3440">
    <p class='ocr_par' dir='ltr' id='par_1_78' title="bbox 1916 3367 3492 3440">
     <span class='ocr_line' id='line_1_78' title="bbox 1916 3367 3492 3440; baseline 0.004 -16"><span class='ocrx_word' id='word_1_556' title='bbox 1916 3370 2155 3440; x_wconf 89' lang='lat' dir='ltr'><strong>Semper</strong></span> <span class='ocrx_word' id='word_1_557' title='bbox 2172 3373 2373 3422; x_wconf 87' lang='lat' dir='ltr'><strong>natum</strong></span> <span class='ocrx_word' id='word_1_558' title='bbox 2407 3367 2618 3422; x_wconf 89' lang='lat' dir='ltr'><strong>Filium</strong></span> <span class='ocrx_word' id='word_1_559' title='bbox 2641 3367 2791 3435; x_wconf 92' lang='lat' dir='ltr'><strong>dico,</strong></span> <span class='ocrx_word' id='word_1_560' title='bbox 2821 3373 2878 3423; x_wconf 90' lang='lat' dir='ltr'><strong>et</strong></span> <span class='ocrx_word' id='word_1_561' title='bbox 2906 3372 3136 3426; x_wconf 88' lang='lat' dir='ltr'><strong>Patrem</strong></span> <span class='ocrx_word' id='word_1_562' title='bbox 3169 3373 3296 3429; x_wconf 90' lang='lat' dir='ltr'><strong>sine</strong></span> <span class='ocrx_word' id='word_1_563' title='bbox 3329 3374 3492 3432; x_wconf 89' lang='lat' dir='ltr'><strong>initio</strong></span> 
     </span>
    </p>
   </div>
   <div class='ocr_carea' id='block_1_79' title="bbox 1847 3456 3489 3535">
    <p class='ocr_par' dir='ltr' id='par_1_79' title="bbox 1847 3456 3489 3535">
     <span class='ocr_line' id='line_1_79' title="bbox 1847 3456 3489 3535; baseline 0.005 -21"><span class='ocrx_word' id='word_1_564' title='bbox 1847 3458 2124 3532; x_wconf 89' lang='lat' dir='ltr'><strong>genuisse</strong></span> <span class='ocrx_word' id='word_1_565' title='bbox 2143 3473 2246 3512; x_wconf 92' lang='lat' dir='ltr'><strong>con</strong></span> <span class='ocrx_word' id='word_1_566' title='bbox 2259 3457 2750 3522; x_wconf 79' lang='lat' dir='ltr'><strong>fiteor.Quomodo</strong></span> <span class='ocrx_word' id='word_1_567' title='bbox 2767 3456 2944 3530; x_wconf 86' lang='lat' dir='ltr'><strong>igitur</strong></span> <span class='ocrx_word' id='word_1_568' title='bbox 2967 3459 3148 3517; x_wconf 88' lang='lat' dir='ltr'><strong>Filius</strong></span> <span class='ocrx_word' id='word_1_569' title='bbox 3171 3467 3489 3535; x_wconf 87' lang='lat' dir='ltr'><strong>antequam</strong></span> 
     </span>
    </p>
   </div>
   <div class='ocr_carea' id='block_1_80' title="bbox 1849 3545 3495 3616">
    <p class='ocr_par' dir='ltr' id='par_1_80' title="bbox 1849 3545 3495 3616">
     <span class='ocr_line' id='line_1_80' title="bbox 1849 3545 3495 3616; baseline 0.007 -14"><span class='ocrx_word' id='word_1_570' title='bbox 1849 3551 2184 3602; x_wconf 89' lang='lat' dir='ltr'><strong>nasceretur</strong></span> <span class='ocrx_word' id='word_1_571' title='bbox 2197 3561 2326 3600; x_wconf 90' lang='lat' dir='ltr'><strong>esse</strong></span> <span class='ocrx_word' id='word_1_572' title='bbox 2339 3545 2646 3616; x_wconf 85' lang='lat' dir='ltr'><strong>potuit,qu</strong></span> <span class='ocrx_word' id='word_1_573' title='bbox 2659 3562 2725 3600; x_wconf 90' lang='lat' dir='ltr'><strong>us</strong></span> <span class='ocrx_word' id='word_1_574' title='bbox 2741 3546 3014 3603; x_wconf 87' lang='lat' dir='ltr'><strong>nativitas</strong></span> <span class='ocrx_word' id='word_1_575' title='bbox 3032 3549 3264 3607; x_wconf 89' lang='lat' dir='ltr'><strong>initium</strong></span> <span class='ocrx_word' id='word_1_576' title='bbox 3279 3553 3495 3614; x_wconf 87' lang='lat' dir='ltr'><strong>habere</strong></span> 
     </span>
    </p>
   </div>
   <div class='ocr_carea' id='block_1_81' title="bbox 1850 3635 3494 3710">
    <p class='ocr_par' dir='ltr' id='par_1_81' title="bbox 1850 3635 3494 3710">
     <span class='ocr_line' id='line_1_81' title="bbox 1850 3635 3494 3710; baseline 0.004 -15"><span class='ocrx_word' id='word_1_577' title='bbox 1850 3655 1966 3695; x_wconf 91' lang='lat' dir='ltr'><strong>non</strong></span> <span class='ocrx_word' id='word_1_578' title='bbox 1991 3635 2227 3710; x_wconf 86' lang='lat' dir='ltr'><strong>potuit?</strong></span> <span class='ocrx_word' id='word_1_579' title='bbox 2246 3635 2357 3690; x_wconf 83' lang='lat' dir='ltr'><strong>Nec</strong></span> <span class='ocrx_word' id='word_1_580' title='bbox 2398 3636 2551 3690; x_wconf 89' lang='lat' dir='ltr'><strong>enim</strong></span> <span class='ocrx_word' id='word_1_581' title='bbox 2580 3640 2800 3705; x_wconf 83' lang='lat' dir='ltr'><strong>poterat</strong></span> <span class='ocrx_word' id='word_1_582' title='bbox 2834 3642 3010 3694; x_wconf 91' lang='lat' dir='ltr'><strong>natus</strong></span> <span class='ocrx_word' id='word_1_583' title='bbox 3031 3655 3162 3698; x_wconf 87' lang='lat' dir='ltr'><strong>esse</strong></span> <span class='ocrx_word' id='word_1_584' title='bbox 3182 3659 3291 3699; x_wconf 89' lang='lat' dir='ltr'><strong>sua</strong></span> <span class='ocrx_word' id='word_1_585' title='bbox 3340 3648 3494 3701; x_wconf 88' lang='lat' dir='ltr'><strong>nati-</strong></span> 
     </span>
    </p>
   </div>
   <div class='ocr_carea' id='block_1_82' title="bbox 1847 3725 3491 3796">
    <p class='ocr_par' dir='ltr' id='par_1_82' title="bbox 1847 3725 3491 3796">
     <span class='ocr_line' id='line_1_82' title="bbox 1847 3725 3491 3796; baseline 0.004 -13"><span class='ocrx_word' id='word_1_586' title='bbox 1847 3728 2022 3783; x_wconf 86' lang='lat' dir='ltr'><strong>vitate</strong></span> <span class='ocrx_word' id='word_1_587' title='bbox 2048 3726 2225 3796; x_wconf 91' lang='lat' dir='ltr'><strong>prior,</strong></span> <span class='ocrx_word' id='word_1_588' title='bbox 2249 3741 2367 3796; x_wconf 91' lang='lat' dir='ltr'><strong>qua</strong></span> <span class='ocrx_word' id='word_1_589' title='bbox 2382 3725 2680 3780; x_wconf 89' lang='lat' dir='ltr'><strong>nativitate</strong></span> <span class='ocrx_word' id='word_1_590' title='bbox 2698 3726 2784 3782; x_wconf 89' lang='lat' dir='ltr'><strong>sic</strong></span> <span class='ocrx_word' id='word_1_591' title='bbox 2805 3730 2895 3782; x_wconf 86' lang='lat' dir='ltr'><strong>est</strong></span> <span class='ocrx_word' id='word_1_592' title='bbox 2915 3733 3188 3796; x_wconf 77' lang='lat' dir='ltr'><strong>aeternus,</strong></span> <span class='ocrx_word' id='word_1_593' title='bbox 3223 3739 3286 3789; x_wconf 92' lang='lat' dir='ltr'><strong>ut</strong></span> <span class='ocrx_word' id='word_1_594' title='bbox 3320 3739 3491 3790; x_wconf 88' lang='lat' dir='ltr'><strong>natu-</strong></span> 
     </span>
    </p>
   </div>
   <div class='ocr_carea' id='block_1_83' title="bbox 1849 3814 3489 3890">
    <p class='ocr_par' dir='ltr' id='par_1_83' title="bbox 1849 3814 3489 3890">
     <span class='ocr_line' id='line_1_83' title="bbox 1849 3814 3489 3890; baseline 0.004 -17"><span class='ocrx_word' id='word_1_595' title='bbox 1849 3817 2047 3873; x_wconf 87' lang='lat' dir='ltr'><strong>raliter</strong></span> <span class='ocrx_word' id='word_1_596' title='bbox 2063 3831 2174 3871; x_wconf 91' lang='lat' dir='ltr'><strong>non</strong></span> <span class='ocrx_word' id='word_1_597' title='bbox 2193 3814 2448 3870; x_wconf 90' lang='lat' dir='ltr'><strong>sitPatre</strong></span> <span class='ocrx_word' id='word_1_598' title='bbox 2473 3814 2780 3885; x_wconf 87' lang='lat' dir='ltr'><strong>posterior.</strong></span> <span class='ocrx_word' id='word_1_599' title='bbox 2815 3816 2940 3873; x_wconf 89' lang='lat' dir='ltr'><strong>Non</strong></span> <span class='ocrx_word' id='word_1_600' title='bbox 2963 3835 3101 3890; x_wconf 85' lang='lat' dir='ltr'><strong>ergo</strong></span> <span class='ocrx_word' id='word_1_601' title='bbox 3123 3821 3308 3880; x_wconf 89' lang='lat' dir='ltr'><strong>Filius</strong></span> <span class='ocrx_word' id='word_1_602' title='bbox 3339 3825 3489 3882; x_wconf 87' lang='lat' dir='ltr'><strong>nati-</strong></span> 
     </span>
    </p>
   </div>
   <div class='ocr_carea' id='block_1_84' title="bbox 1849 3902 3489 3978">
    <p class='ocr_par' dir='ltr' id='par_1_84' title="bbox 1849 3902 3489 3978">
     <span class='ocr_line' id='line_1_84' title="bbox 1849 3902 3489 3978; baseline 0.007 -18"><span class='ocrx_word' id='word_1_603' title='bbox 1849 3905 2082 3961; x_wconf 87' lang='lat' dir='ltr'><strong>vitatem</strong></span> <span class='ocrx_word' id='word_1_604' title='bbox 2108 3919 2275 3958; x_wconf 85' lang='lat' dir='ltr'><strong>suam</strong></span> <span class='ocrx_word' id='word_1_605' title='bbox 2312 3902 2629 3974; x_wconf 71' lang='lat' dir='ltr'><strong>praecessit,</strong></span> <span class='ocrx_word' id='word_1_606' title='bbox 2652 3920 2825 3974; x_wconf 89' lang='lat' dir='ltr'><strong>quem</strong></span> <span class='ocrx_word' id='word_1_607' title='bbox 2858 3908 3108 3978; x_wconf 88' lang='lat' dir='ltr'><strong>genitori</strong></span> <span class='ocrx_word' id='word_1_608' title='bbox 3135 3918 3489 3971; x_wconf 66' lang='lat' dir='ltr'><strong>comternum</strong></span> 
     </span>
    </p>
   </div>
   <div class='ocr_carea' id='block_1_85' title="bbox 1852 3991 3493 4078">
    <p class='ocr_par' dir='ltr' id='par_1_85' title="bbox 1852 3991 3493 4078">
     <span class='ocr_line' id='line_1_85' title="bbox 1852 3991 3493 4078; baseline 0.007 -28"><span class='ocrx_word' id='word_1_609' title='bbox 1852 3993 2126 4050; x_wconf 89' lang='lat' dir='ltr'><strong>nativitas</strong></span> <span class='ocrx_word' id='word_1_610' title='bbox 2146 3991 2276 4064; x_wconf 90' lang='lat' dir='ltr'><strong>ipsa</strong></span> <span class='ocrx_word' id='word_1_611' title='bbox 2303 3991 2588 4048; x_wconf 90' lang='lat' dir='ltr'><strong>naturalis</strong></span> <span class='ocrx_word' id='word_1_612' title='bbox 2609 3995 2884 4051; x_wconf 90' lang='lat' dir='ltr'><strong>ostendit.</strong></span> <span class='ocrx_word' id='word_1_613' title='bbox 2901 4001 3124 4055; x_wconf 90' lang='lat' dir='ltr'><strong>Patrem</strong></span> <span class='ocrx_word' id='word_1_614' title='bbox 3149 4019 3380 4076; x_wconf 83' lang='lat' dir='ltr'><strong>quoque</strong></span> <span class='ocrx_word' id='word_1_615' title='bbox 3396 4021 3493 4078; x_wconf 88' lang='lat' dir='ltr'><strong>ge-</strong></span> 
     </span>
    </p>
   </div>
   <div class='ocr_carea' id='block_1_86' title="bbox 1851 4082 3494 4164">
    <p class='ocr_par' dir='ltr' id='par_1_86' title="bbox 1851 4082 3494 4164">
     <span class='ocr_line' id='line_1_86' title="bbox 1851 4082 3494 4164; baseline 0.006 -24"><span class='ocrx_word' id='word_1_616' title='bbox 1851 4099 2088 4140; x_wconf 88' lang='lat' dir='ltr'><strong>nerasse</strong></span> <span class='ocrx_word' id='word_1_617' title='bbox 2120 4082 2427 4152; x_wconf 81' lang='lat' dir='ltr'><strong>confirmo,</strong></span> <span class='ocrx_word' id='word_1_618' title='bbox 2459 4098 2632 4154; x_wconf 87' lang='lat' dir='ltr'><strong>quem</strong></span> <span class='ocrx_word' id='word_1_619' title='bbox 2659 4089 2852 4138; x_wconf 86' lang='lat' dir='ltr'><strong>tamen</strong></span> <span class='ocrx_word' id='word_1_620' title='bbox 2885 4092 3197 4160; x_wconf 90' lang='lat' dir='ltr'><strong>antequam</strong></span> <span class='ocrx_word' id='word_1_621' title='bbox 3222 4109 3494 4164; x_wconf 88' lang='lat' dir='ltr'><strong>generas-</strong></span> 
     </span>
    </p>
   </div>
   <div class='ocr_carea' id='block_1_87' title="bbox 1852 4171 3492 4243">
    <p class='ocr_par' dir='ltr' id='par_1_87' title="bbox 1852 4171 3492 4243">
     <span class='ocr_line' id='line_1_87' title="bbox 1852 4171 3492 4243; baseline 0.007 -15"><span class='ocrx_word' id='word_1_622' title='bbox 1852 4179 1959 4237; x_wconf 90' lang='lat' dir='ltr'><strong>set,</strong></span> <span class='ocrx_word' id='word_1_623' title='bbox 1991 4187 2119 4228; x_wconf 88' lang='lat' dir='ltr'><strong>esse</strong></span> <span class='ocrx_word' id='word_1_624' title='bbox 2144 4173 2403 4243; x_wconf 89' lang='lat' dir='ltr'><strong>potuisse</strong></span> <span class='ocrx_word' id='word_1_625' title='bbox 2427 4187 2540 4226; x_wconf 88' lang='lat' dir='ltr'><strong>non</strong></span> <span class='ocrx_word' id='word_1_626' title='bbox 2568 4171 2818 4242; x_wconf 66' lang='lat' dir='ltr'><strong>praedico</strong></span> <span class='ocrx_word' id='word_1_627' title='bbox 2844 4191 2858 4240; x_wconf 90' lang='lat'><strong>;</strong></span> <span class='ocrx_word' id='word_1_628' title='bbox 2903 4191 3016 4229; x_wconf 90' lang='lat' dir='ltr'><strong>non</strong></span> <span class='ocrx_word' id='word_1_629' title='bbox 3043 4177 3198 4233; x_wconf 91' lang='lat' dir='ltr'><strong>enim</strong></span> <span class='ocrx_word' id='word_1_630' title='bbox 3221 4186 3492 4240; x_wconf 82' lang='lat' dir='ltr'><strong>eratante</strong></span> 
     </span>
    </p>
   </div>
   <div class='ocr_carea' id='block_1_88' title="bbox 1854 4257 3498 4329">
    <p class='ocr_par' dir='ltr' id='par_1_88' title="bbox 1854 4257 3498 4329">
     <span class='ocr_line' id='line_1_88' title="bbox 1854 4257 3498 4329; baseline 0.007 -14"><span class='ocrx_word' id='word_1_631' title='bbox 1854 4259 2219 4316; x_wconf 87' lang='lat' dir='ltr'><strong>nativitatem</strong></span> <span class='ocrx_word' id='word_1_632' title='bbox 2259 4257 2403 4326; x_wconf 85' lang='lat' dir='ltr'><strong>Filii,</strong></span> <span class='ocrx_word' id='word_1_633' title='bbox 2436 4258 2574 4329; x_wconf 90' lang='lat' dir='ltr'><strong>quia</strong></span> <span class='ocrx_word' id='word_1_634' title='bbox 2613 4258 2714 4313; x_wconf 92' lang='lat' dir='ltr'><strong>Dei</strong></span> <span class='ocrx_word' id='word_1_635' title='bbox 2747 4262 2936 4315; x_wconf 86' lang='lat' dir='ltr'><strong>Patris</strong></span> <span class='ocrx_word' id='word_1_636' title='bbox 2967 4263 3122 4319; x_wconf 89' lang='lat' dir='ltr'><strong>sicut</strong></span> <span class='ocrx_word' id='word_1_637' title='bbox 3158 4271 3248 4320; x_wconf 91' lang='lat' dir='ltr'><strong>est</strong></span> <span class='ocrx_word' id='word_1_638' title='bbox 3277 4273 3498 4326; x_wconf 58' lang='lat' dir='ltr'><strong>autern».</strong></span> 
     </span>
    </p>
   </div>
   <div class='ocr_carea' id='block_1_89' title="bbox 1855 4347 3499 4419">
    <p class='ocr_par' dir='ltr' id='par_1_89' title="bbox 1855 4347 3499 4419">
     <span class='ocr_line' id='line_1_89' title="bbox 1855 4347 3499 4419; baseline 0.008 -16"><span class='ocrx_word' id='word_1_639' title='bbox 1855 4348 2152 4410; x_wconf 87' lang='lat' dir='ltr'><strong>divinitas.</strong></span> <span class='ocrx_word' id='word_1_640' title='bbox 2178 4347 2261 4402; x_wconf 88' lang='lat' dir='ltr'><strong>sic</strong></span> <span class='ocrx_word' id='word_1_641' title='bbox 2286 4350 2372 4402; x_wconf 91' lang='lat' dir='ltr'><strong>est</strong></span> <span class='ocrx_word' id='word_1_642' title='bbox 2394 4354 2606 4402; x_wconf 59' lang='lat' dir='ltr'><strong>aeterna</strong></span> <span class='ocrx_word' id='word_1_643' title='bbox 2627 4349 2950 4418; x_wconf 89' lang='lat' dir='ltr'><strong>paternitas</strong></span> <span class='ocrx_word' id='word_1_644' title='bbox 2975 4353 3178 4419; x_wconf 87' lang='lat' dir='ltr'><strong>;etubi</strong></span> <span class='ocrx_word' id='word_1_645' title='bbox 3205 4358 3499 4416; x_wconf 66' lang='lat' dir='ltr'><strong>aeternitas</strong></span> 
     </span>
    </p>
   </div>
   <div class='ocr_carea' id='block_1_90' title="bbox 149 4431 3501 4512">
    <p class='ocr_par' dir='ltr' id='par_1_90' title="bbox 149 4431 3501 4512">
     <span class='ocr_line' id='line_1_90' title="bbox 149 4431 3501 4512; baseline 0.009 -35"><span class='ocrx_word' id='word_1_646' title='bbox 149 4431 346 4486; x_wconf 74' lang='lat' dir='ltr'><strong>rantur:</strong></span> <span class='ocrx_word' id='word_1_647' title='bbox 379 4437 978 4512; x_wconf 89' lang='lat' dir='ltr'><strong>sedquiainvisibilia</strong></span> <span class='ocrx_word' id='word_1_648' title='bbox 1007 4439 1134 4508; x_wconf 82' lang='lat' dir='ltr'><strong>eius</strong></span> <span class='ocrx_word' id='word_1_649' title='bbox 1165 4456 1199 4495; x_wconf 91' lang='lat' dir='ltr'><strong>a</strong></span> <span class='ocrx_word' id='word_1_650' title='bbox 1229 4444 1496 4494; x_wconf 89' lang='lat' dir='ltr'><strong>creatura</strong></span> <span class='ocrx_word' id='word_1_651' title='bbox 1519 4442 1749 4512; x_wconf 89' lang='lat' dir='ltr'><strong>mundi,</strong></span> <span class='ocrx_word' id='word_1_652' title='bbox 1859 4435 2228 4511; x_wconf 88' lang='lat' dir='ltr'><strong>paternitatis</strong></span> <span class='ocrx_word' id='word_1_653' title='bbox 2277 4435 2333 4489; x_wconf 91' lang='lat' dir='ltr'><strong>in</strong></span> <span class='ocrx_word' id='word_1_654' title='bbox 2358 4435 2618 4507; x_wconf 90' lang='lat' dir='ltr'><strong>genitore</strong></span> <span class='ocrx_word' id='word_1_655' title='bbox 2635 4438 3027 4507; x_wconf 88' lang='lat' dir='ltr'><strong>cognoscitur,</strong></span> <span class='ocrx_word' id='word_1_656' title='bbox 3059 4441 3234 4500; x_wconf 88' lang='lat' dir='ltr'><strong>etiam</strong></span> <span class='ocrx_word' id='word_1_657' title='bbox 3266 4445 3324 4501; x_wconf 90' lang='lat' dir='ltr'><strong>in</strong></span> <span class='ocrx_word' id='word_1_658' title='bbox 3358 4447 3501 4506; x_wconf 86' lang='lat' dir='ltr'><strong>Filio</strong></span> 
     </span>
    </p>
   </div>
   <div class='ocr_carea' id='block_1_91' title="bbox 152 4520 3502 4611">
    <p class='ocr_par' dir='ltr' id='par_1_91' title="bbox 152 4520 3502 4611">
     <span class='ocr_line' id='line_1_91' title="bbox 152 4520 3502 4611; baseline 0.007 -36"><span class='ocrx_word' id='word_1_659' title='bbox 152 4520 231 4611; x_wconf 51' lang='lat' dir='ltr'><strong>lle?</strong></span> <span class='ocrx_word' id='word_1_660' title='bbox 251 4527 309 4611; x_wconf 51' lang='grc' dir='ltr'><strong>ξι</strong></span> <span class='ocrx_word' id='word_1_661' title='bbox 326 4535 446 4611; x_wconf 70' lang='lat' dir='ltr'><strong>qua:</strong></span> <span class='ocrx_word' id='word_1_662' title='bbox 472 4529 628 4584; x_wconf 80' lang='lat' dir='ltr'><strong>facta</strong></span> <span class='ocrx_word' id='word_1_663' title='bbox 661 4531 821 4596; x_wconf 88' lang='lat' dir='ltr'><strong>sunt,</strong></span> <span class='ocrx_word' id='word_1_664' title='bbox 846 4527 1144 4582; x_wconf 88' lang='lat' dir='ltr'><strong>intellecta</strong></span> <span class='ocrx_word' id='word_1_665' title='bbox 1174 4527 1751 4598; x_wconf 88' lang='lat' dir='ltr'><strong>conspiciuntur,no-</strong></span> <span class='ocrx_word' id='word_1_666' title='bbox 1787 4539 1830 4603; x_wconf 80' lang='grc' dir='ltr'>ι)</span> <span class='ocrx_word' id='word_1_667' title='bbox 1863 4533 2077 4584; x_wconf 75' lang='lat' dir='ltr'><strong>aeterna</strong></span> <span class='ocrx_word' id='word_1_668' title='bbox 2099 4525 2372 4580; x_wconf 88' lang='lat' dir='ltr'><strong>nativitas</strong></span> <span class='ocrx_word' id='word_1_669' title='bbox 2399 4524 2710 4580; x_wconf 91' lang='lat' dir='ltr'><strong>invenitur.</strong></span> <span class='ocrx_word' id='word_1_670' title='bbox 2745 4526 2870 4582; x_wconf 88' lang='lat' dir='ltr'><strong>Non</strong></span> <span class='ocrx_word' id='word_1_671' title='bbox 2889 4545 3025 4601; x_wconf 88' lang='lat' dir='ltr'><strong>ergo</strong></span> <span class='ocrx_word' id='word_1_672' title='bbox 3043 4547 3111 4588; x_wconf 82' lang='lat' dir='ltr'><strong>ex</strong></span> <span class='ocrx_word' id='word_1_673' title='bbox 3132 4552 3249 4606; x_wconf 90' lang='lat' dir='ltr'><strong>quo</strong></span> <span class='ocrx_word' id='word_1_674' title='bbox 3275 4540 3502 4611; x_wconf 90' lang='lat' dir='ltr'><strong>genuit,</strong></span> 
     </span>
    </p>
   </div>
   <div class='ocr_carea' id='block_1_92' title="bbox 150 4599 3506 4696">
    <p class='ocr_par' dir='ltr' id='par_1_92' title="bbox 150 4599 3506 4696">
     <span class='ocr_line' id='line_1_92' title="bbox 150 4599 3506 4696; baseline 0.005 -25"><span class='ocrx_word' id='word_1_675' title='bbox 150 4599 555 4696; x_wconf 52' lang='lat' dir='ltr'><strong>lfll&#39;i‘fllllil&#39;mitati</strong></span> <span class='ocrx_word' id='word_1_676' title='bbox 570 4618 880 4674; x_wconf 90' lang='lat' dir='ltr'><strong>consulens</strong></span> <span class='ocrx_word' id='word_1_677' title='bbox 914 4616 1111 4673; x_wconf 90' lang='lat' dir='ltr'><strong>divina</strong></span> <span class='ocrx_word' id='word_1_678' title='bbox 1143 4617 1760 4691; x_wconf 74' lang='lat' dir='ltr'><strong>benignitas,quzedam</strong></span> <span class='ocrx_word' id='word_1_679' title='bbox 1787 4599 1820 4603; x_wconf 54' lang='lat'><strong>—</strong></span> <span class='ocrx_word' id='word_1_680' title='bbox 1869 4633 1998 4672; x_wconf 86' lang='lat' dir='ltr'><strong>esse</strong></span> <span class='ocrx_word' id='word_1_681' title='bbox 2039 4613 2237 4685; x_wconf 89' lang='lat' dir='ltr'><strong>coepit,</strong></span> <span class='ocrx_word' id='word_1_682' title='bbox 2266 4613 2405 4684; x_wconf 87' lang='lat' dir='ltr'><strong>quia</strong></span> <span class='ocrx_word' id='word_1_683' title='bbox 2427 4628 2533 4668; x_wconf 88' lang='lat' dir='ltr'><strong>nec</strong></span> <span class='ocrx_word' id='word_1_684' title='bbox 2565 4614 2820 4671; x_wconf 83' lang='lat' dir='ltr'><strong>essentia</strong></span> <span class='ocrx_word' id='word_1_685' title='bbox 2849 4599 3041 4676; x_wconf 75' lang='lat' dir='ltr'><strong>Patris</strong></span> <span class='ocrx_word' id='word_1_686' title='bbox 3073 4599 3180 4680; x_wconf 69' lang='lat' dir='ltr'><strong>nec</strong></span> <span class='ocrx_word' id='word_1_687' title='bbox 3208 4599 3506 4696; x_wconf 65' lang='lat' dir='ltr'><strong>generatio</strong></span> 
     </span>
    </p>
   </div>
   <div class='ocr_carea' id='block_1_93' title="bbox 159 4691 3508 4788">
    <p class='ocr_par' dir='ltr' id='par_1_93' title="bbox 159 4691 3508 4788">
     <span class='ocr_line' id='line_1_93' title="bbox 159 4691 3508 4788; baseline 0.01 -44"><span class='ocrx_word' id='word_1_688' title='bbox 159 4691 448 4788; x_wconf 48' lang='lat' dir='ltr'><strong>:u‘divergig</strong></span> <span class='ocrx_word' id='word_1_689' title='bbox 478 4707 659 4764; x_wconf 61' lang='lat' dir='ltr'><strong>rebus</strong></span> <span class='ocrx_word' id='word_1_690' title='bbox 679 4708 874 4780; x_wconf 70' lang='lat' dir='ltr'><strong>posuit</strong></span> <span class='ocrx_word' id='word_1_691' title='bbox 902 4724 1021 4762; x_wconf 56' lang='lat' dir='ltr'><strong>sua</strong></span> <span class='ocrx_word' id='word_1_692' title='bbox 1040 4707 1394 4779; x_wconf 73' lang='lat' dir='ltr'><strong>cognitionis</strong></span> <span class='ocrx_word' id='word_1_693' title='bbox 1419 4709 1632 4766; x_wconf 69' lang='lat' dir='ltr'><strong>indicia</strong></span> <span class='ocrx_word' id='word_1_694' title='bbox 1657 4729 1670 4768; x_wconf 86' lang='grc'>;</span> <span class='ocrx_word' id='word_1_695' title='bbox 1697 4717 1763 4769; x_wconf 71' lang='grc' dir='ltr'><strong>ιη</strong></span> <span class='ocrx_word' id='word_1_696' title='bbox 1871 4705 2241 4776; x_wconf 80' lang='lat' dir='ltr'><strong>aliquatenus</strong></span> <span class='ocrx_word' id='word_1_697' title='bbox 2263 4700 2586 4773; x_wconf 78' lang='lat' dir='ltr'><strong>ccepit.Una</strong></span> <span class='ocrx_word' id='word_1_698' title='bbox 2615 4707 2704 4758; x_wconf 88' lang='lat' dir='ltr'><strong>est</strong></span> <span class='ocrx_word' id='word_1_699' title='bbox 2731 4705 2887 4761; x_wconf 85' lang='lat' dir='ltr'><strong>enim</strong></span> <span class='ocrx_word' id='word_1_700' title='bbox 2919 4691 3508 4777; x_wconf 48' lang='lat' dir='ltr'><strong>aeternitas&#39;essentia</strong></span> 
     </span>
    </p>
   </div>
   <div class='ocr_carea' id='block_1_94' title="bbox 161 4772 3515 4876">
    <p class='ocr_par' dir='ltr' id='par_1_94' title="bbox 161 4772 3515 4876">
     <span class='ocr_line' id='line_1_94' title="bbox 161 4772 3515 4876; baseline 0.012 -49"><span class='ocrx_word' id='word_1_701' title='bbox 161 4772 1762 4876; x_wconf 54' lang='lat' dir='ltr'><strong>iphisquibuscapiendissumusinvalidimsitatarumre-</strong></span> <span class='ocrx_word' id='word_1_702' title='bbox 1867 4772 2018 4851; x_wconf 64' lang='lat'><strong>608</strong></span> <span class='ocrx_word' id='word_1_703' title='bbox 2044 4792 2220 4848; x_wconf 87' lang='lat' dir='ltr'><strong>simul</strong></span> <span class='ocrx_word' id='word_1_704' title='bbox 2245 4796 2301 4847; x_wconf 89' lang='lat' dir='ltr'><strong>et</strong></span> <span class='ocrx_word' id='word_1_705' title='bbox 2323 4772 2719 4864; x_wconf 83' lang='lat' dir='ltr'><strong>generationis</strong></span> <span class='ocrx_word' id='word_1_706' title='bbox 2746 4794 2803 4849; x_wconf 92' lang='lat' dir='ltr'><strong>in</strong></span> <span class='ocrx_word' id='word_1_707' title='bbox 2837 4797 3034 4856; x_wconf 89' lang='lat' dir='ltr'><strong>Patre:</strong></span> <span class='ocrx_word' id='word_1_708' title='bbox 3063 4802 3120 4858; x_wconf 90' lang='lat' dir='ltr'><strong>in</strong></span> <span class='ocrx_word' id='word_1_709' title='bbox 3152 4823 3270 4876; x_wconf 87' lang='lat' dir='ltr'><strong>qua</strong></span> <span class='ocrx_word' id='word_1_710' title='bbox 3287 4772 3515 4867; x_wconf 49' lang='lat' dir='ltr'><strong>aeterni“-</strong></span> 
     </span>
    </p>
   </div>
   <div class='ocr_carea' id='block_1_95' title="bbox 170 4869 3513 4966">
    <p class='ocr_par' dir='ltr' id='par_1_95' title="bbox 170 4869 3513 4966">
     <span class='ocr_line' id='line_1_95' title="bbox 170 4869 3513 4966; baseline 0.008 -38"><span class='ocrx_word' id='word_1_711' title='bbox 170 4871 269 4966; x_wconf 40' lang='lat' dir='ltr'><strong>illm</strong></span> <span class='ocrx_word' id='word_1_712' title='bbox 287 4869 1027 4966; x_wconf 40' lang='lat' dir='ltr'><strong>documentisredderemur</strong></span> <span class='ocrx_word' id='word_1_713' title='bbox 1051 4884 1626 4952; x_wconf 79' lang='lat' dir='ltr'><strong>instructi.Quamvis</strong></span> <span class='ocrx_word' id='word_1_714' title='bbox 1647 4889 1758 4961; x_wconf 77' lang='lat' dir='ltr'><strong>igi-</strong></span> <span class='ocrx_word' id='word_1_715' title='bbox 1867 4888 1984 4938; x_wconf 82' lang='lat' dir='ltr'><strong>tate</strong></span> <span class='ocrx_word' id='word_1_716' title='bbox 2007 4883 2090 4938; x_wconf 89' lang='lat' dir='ltr'><strong>sic</strong></span> <span class='ocrx_word' id='word_1_717' title='bbox 2107 4881 2363 4937; x_wconf 82' lang='lat' dir='ltr'><strong>essentia</strong></span> <span class='ocrx_word' id='word_1_718' title='bbox 2385 4880 2488 4936; x_wconf 91' lang='lat' dir='ltr'><strong>illa</strong></span> <span class='ocrx_word' id='word_1_719' title='bbox 2522 4885 2938 4958; x_wconf 88' lang='lat' dir='ltr'><strong>generatioque</strong></span> <span class='ocrx_word' id='word_1_720' title='bbox 2966 4869 3291 4966; x_wconf 62' lang='lat' dir='ltr'><strong>permanet,</strong></span> <span class='ocrx_word' id='word_1_721' title='bbox 3325 4903 3390 4953; x_wconf 83' lang='lat' dir='ltr'><strong>ut</strong></span> <span class='ocrx_word' id='word_1_722' title='bbox 3410 4915 3513 4954; x_wconf 88' lang='lat' dir='ltr'><strong>ne-</strong></span> 
     </span>
    </p>
   </div>
   <div class='ocr_carea' id='block_1_96' title="bbox 171 4948 3515 5056">
    <p class='ocr_par' dir='ltr' id='par_1_96' title="bbox 171 4948 3515 5056">
     <span class='ocr_line' id='line_1_96' title="bbox 171 4948 3515 5056; baseline 0.006 -34"><span class='ocrx_word' id='word_1_723' title='bbox 171 4948 390 5056; x_wconf 40' lang='lat' dir='ltr'><strong>?ﬁelue</strong></span> <span class='ocrx_word' id='word_1_724' title='bbox 409 4967 940 5044; x_wconf 86' lang='lat' dir='ltr'><strong>Sapientiadictum</strong></span> <span class='ocrx_word' id='word_1_725' title='bbox 971 4972 1069 5042; x_wconf 91' lang='lat' dir='ltr'><strong>sit,</strong></span> <span class='ocrx_word' id='word_1_726' title='bbox 1094 4973 1232 5044; x_wconf 89' lang='lat' dir='ltr'><strong>quia</strong></span> <span class='ocrx_word' id='word_1_727' title='bbox 1253 4948 1422 5045; x_wconf 82' lang='lat' dir='ltr'><strong>vapor</strong></span> <span class='ocrx_word' id='word_1_728' title='bbox 1439 4986 1515 5031; x_wconf 75' lang='lat' dir='ltr'><strong>est</strong></span> <span class='ocrx_word' id='word_1_729' title='bbox 1536 4948 1762 5034; x_wconf 64' lang='lat' dir='ltr'><strong>virtutis</strong></span> <span class='ocrx_word' id='word_1_730' title='bbox 1873 4972 1960 5027; x_wconf 82' lang='lat' dir='ltr'><strong>fas</strong></span> <span class='ocrx_word' id='word_1_731' title='bbox 2007 4971 2085 5027; x_wconf 87' lang='lat' dir='ltr'><strong>sit</strong></span> <span class='ocrx_word' id='word_1_732' title='bbox 2105 4976 2209 5026; x_wconf 86' lang='lat' dir='ltr'><strong>aut</strong></span> <span class='ocrx_word' id='word_1_733' title='bbox 2239 4948 2552 5028; x_wconf 73' lang='lat' dir='ltr'><strong>divinitate</strong></span> <span class='ocrx_word' id='word_1_734' title='bbox 2573 4973 2762 5029; x_wconf 88' lang='lat' dir='ltr'><strong>Patris</strong></span> <span class='ocrx_word' id='word_1_735' title='bbox 2787 4948 3168 5045; x_wconf 72' lang='lat' dir='ltr'><strong>posteriorem</strong></span> <span class='ocrx_word' id='word_1_736' title='bbox 3194 4948 3398 5054; x_wconf 66' lang='lat' dir='ltr'><strong>putare</strong></span> <span class='ocrx_word' id='word_1_737' title='bbox 3411 4948 3515 5056; x_wconf 68' lang='lat' dir='ltr'><strong>ge-</strong></span> 
     </span>
    </p>
   </div>
   <div class='ocr_carea' id='block_1_97' title="bbox 175 5033 3523 5146">
    <p class='ocr_par' dir='ltr' id='par_1_97' title="bbox 175 5033 3523 5146">
     <span class='ocr_line' id='line_1_97' title="bbox 175 5033 3523 5146; baseline 0.012 -55"><span class='ocrx_word' id='word_1_738' title='bbox 175 5033 249 5146; x_wconf 67' lang='lat' dir='ltr'><strong>Dci</strong></span> <span class='ocrx_word' id='word_1_739' title='bbox 286 5049 420 5146; x_wconf 53' lang='grc' dir='ltr'><strong>(ξαρ,</strong></span> <span class='ocrx_word' id='word_1_740' title='bbox 447 5075 548 5129; x_wconf 51' lang='grc' dir='ltr'><strong>γη,</strong></span> <span class='ocrx_word' id='word_1_741' title='bbox 576 5062 707 5130; x_wconf 69' lang='grc'><strong>25);</strong></span> <span class='ocrx_word' id='word_1_742' title='bbox 732 5065 928 5117; x_wconf 62' lang='lat' dir='ltr'><strong>tamen</strong></span> <span class='ocrx_word' id='word_1_743' title='bbox 961 5066 1019 5116; x_wconf 71' lang='lat' dir='ltr'><strong>et,</strong></span> <span class='ocrx_word' id='word_1_744' title='bbox 1047 5061 1300 5134; x_wconf 67' lang='lat' dir='ltr'><strong>spiritus</strong></span> <span class='ocrx_word' id='word_1_745' title='bbox 1319 5071 1560 5121; x_wconf 64' lang='lat' dir='ltr'><strong>sanctus</strong></span> <span class='ocrx_word' id='word_1_746' title='bbox 1586 5067 1642 5121; x_wconf 81' lang='lat' dir='ltr'><strong>in</strong></span> <span class='ocrx_word' id='word_1_747' title='bbox 1668 5085 1766 5122; x_wconf 79' lang='lat' dir='ltr'><strong>na-</strong></span> <span class='ocrx_word' id='word_1_748' title='bbox 1875 5060 2261 5127; x_wconf 87' lang='lat' dir='ltr'><strong>nerationem,</strong></span> <span class='ocrx_word' id='word_1_749' title='bbox 2287 5065 2387 5116; x_wconf 88' lang='lat' dir='ltr'><strong>aut</strong></span> <span class='ocrx_word' id='word_1_750' title='bbox 2409 5062 2786 5133; x_wconf 87' lang='lat' dir='ltr'><strong>generatione</strong></span> <span class='ocrx_word' id='word_1_751' title='bbox 2811 5065 3062 5134; x_wconf 88' lang='lat' dir='ltr'><strong>priorem</strong></span> <span class='ocrx_word' id='word_1_752' title='bbox 3087 5033 3320 5129; x_wconf 67' lang='lat' dir='ltr'><strong>credere</strong></span> <span class='ocrx_word' id='word_1_753' title='bbox 3341 5033 3523 5131; x_wconf 59' lang='lat' dir='ltr'><strong>deita-</strong></span> 
     </span>
    </p>
   </div>
   <div class='ocr_carea' id='block_1_98' title="bbox 175 5127 3523 5234">
    <p class='ocr_par' dir='ltr' id='par_1_98' title="bbox 175 5127 3523 5234">
     <span class='ocr_line' id='line_1_98' title="bbox 175 5127 3523 5234; baseline 0.004 -37"><span class='ocrx_word' id='word_1_754' title='bbox 175 5127 460 5234; x_wconf 34' lang='lat' dir='ltr'><strong>‘jf‘aﬁiguis,</strong></span> <span class='ocrx_word' id='word_1_755' title='bbox 511 5127 710 5222; x_wconf 77' lang='lat' dir='ltr'><strong>vapori</strong></span> <span class='ocrx_word' id='word_1_756' title='bbox 734 5167 848 5206; x_wconf 93' lang='lat' dir='ltr'><strong>non</strong></span> <span class='ocrx_word' id='word_1_757' title='bbox 875 5127 1193 5220; x_wconf 75' lang='lat' dir='ltr'><strong>incongrue</strong></span> <span class='ocrx_word' id='word_1_758' title='bbox 1217 5156 1526 5222; x_wconf 90' lang='lat' dir='ltr'><strong>(quantum</strong></span> <span class='ocrx_word' id='word_1_759' title='bbox 1551 5157 1767 5226; x_wconf 86' lang='lat' dir='ltr'><strong>expetit</strong></span> <span class='ocrx_word' id='word_1_760' title='bbox 1872 5155 2012 5206; x_wconf 91' lang='lat' dir='ltr'><strong>tem.</strong></span> <span class='ocrx_word' id='word_1_761' title='bbox 2040 5151 2176 5205; x_wconf 90' lang='lat' dir='ltr'><strong>Sine</strong></span> <span class='ocrx_word' id='word_1_762' title='bbox 2209 5149 2374 5204; x_wconf 92' lang='lat' dir='ltr'><strong>initio</strong></span> <span class='ocrx_word' id='word_1_763' title='bbox 2399 5127 2577 5220; x_wconf 72' lang='lat' dir='ltr'><strong>igitur</strong></span> <span class='ocrx_word' id='word_1_764' title='bbox 2608 5150 2761 5206; x_wconf 89' lang='lat' dir='ltr'><strong>Deus</strong></span> <span class='ocrx_word' id='word_1_765' title='bbox 2811 5127 2984 5209; x_wconf 77' lang='lat' dir='ltr'><strong>Pater</strong></span> <span class='ocrx_word' id='word_1_766' title='bbox 3003 5127 3523 5232; x_wconf 52' lang='lat' dir='ltr'><strong>genuit,qnies;e</strong></span> 
     </span>
    </p>
   </div>
   <div class='ocr_carea' id='block_1_99' title="bbox 179 5221 3523 5322">
    <p class='ocr_par' dir='ltr' id='par_1_99' title="bbox 179 5221 3523 5322">
     <span class='ocr_line' id='line_1_99' title="bbox 179 5221 3523 5322; baseline 0.013 -53"><span class='ocrx_word' id='word_1_767' title='bbox 179 5221 239 5322; x_wconf 38' lang='grc' dir='ltr'><strong>ἰδέ</strong></span> <span class='ocrx_word' id='word_1_768' title='bbox 259 5221 727 5322; x_wconf 51' lang='grc' dir='ltr'><strong>ᾱὶγὶρωοοεηίιῖο)</strong></span> <span class='ocrx_word' id='word_1_769' title='bbox 746 5239 1070 5296; x_wconf 52' lang='lat' dir='ltr'><strong>similam“</strong></span> <span class='ocrx_word' id='word_1_770' title='bbox 1094 5221 1330 5312; x_wconf 45' lang='lat' dir='ltr'><strong>propter</strong></span> <span class='ocrx_word' id='word_1_771' title='bbox 1350 5242 1490 5298; x_wconf 82' lang='lat' dir='ltr'><strong>illud</strong></span> <span class='ocrx_word' id='word_1_772' title='bbox 1516 5221 1768 5316; x_wconf 39' lang='lat' dir='ltr'><strong>quo&#39;dait</strong></span> <span class='ocrx_word' id='word_1_773' title='bbox 1875 5259 1990 5297; x_wconf 90' lang='lat' dir='ltr'><strong>non</strong></span> <span class='ocrx_word' id='word_1_774' title='bbox 2024 5239 2198 5310; x_wconf 80' lang='lat' dir='ltr'><strong>ccepit</strong></span> <span class='ocrx_word' id='word_1_775' title='bbox 2219 5258 2234 5304; x_wconf 87' lang='lat'><strong><em>;</em></strong></span> <span class='ocrx_word' id='word_1_776' title='bbox 2258 5244 2314 5294; x_wconf 92' lang='lat' dir='ltr'><strong>et</strong></span> <span class='ocrx_word' id='word_1_777' title='bbox 2339 5239 2464 5294; x_wconf 88' lang='lat' dir='ltr'><strong>sine</strong></span> <span class='ocrx_word' id='word_1_778' title='bbox 2489 5239 2655 5293; x_wconf 89' lang='lat' dir='ltr'><strong>initio</strong></span> <span class='ocrx_word' id='word_1_779' title='bbox 2683 5246 2770 5294; x_wconf 87' lang='lat' dir='ltr'><strong>est</strong></span> <span class='ocrx_word' id='word_1_780' title='bbox 2795 5241 2922 5298; x_wconf 79' lang='lat' dir='ltr'><strong>Filii</strong></span> <span class='ocrx_word' id='word_1_781' title='bbox 2950 5221 3390 5322; x_wconf 44' lang='lat' dir='ltr'><strong>na-Iivitas’,q-uia</strong></span> <span class='ocrx_word' id='word_1_782' title='bbox 3413 5221 3523 5310; x_wconf 76' lang='lat' dir='ltr'><strong>hoc</strong></span> 
     </span>
    </p>
   </div>
   <div class='ocr_carea' id='block_1_100' title="bbox 179 5299 3523 5403">
    <p class='ocr_par' dir='ltr' id='par_1_100' title="bbox 179 5299 3523 5403">
     <span class='ocr_line' id='line_1_100' title="bbox 179 5299 3523 5403; baseline 0.01 -37"><span class='ocrx_word' id='word_1_783' title='bbox 179 5299 465 5403; x_wconf 37' lang='lat' dir='ltr'><strong>ﬁpustolus,</strong></span> <span class='ocrx_word' id='word_1_784' title='bbox 493 5299 1022 5401; x_wconf 34' lang='lat' dir='ltr'><strong>Spiritui/eruentes.</strong></span> <span class='ocrx_word' id='word_1_785' title='bbox 1059 5299 1184 5384; x_wconf 61' lang='lat' dir='ltr'><strong>Non</strong></span> <span class='ocrx_word' id='word_1_786' title='bbox 1204 5299 1418 5385; x_wconf 46' lang='lat' dir='ltr'><strong>.autem</strong></span> <span class='ocrx_word' id='word_1_787' title='bbox 1450 5299 1655 5387; x_wconf 67' lang='lat' dir='ltr'><strong>adboo</strong></span> <span class='ocrx_word' id='word_1_788' title='bbox 1877 5331 2053 5386; x_wconf 89' lang='lat' dir='ltr'><strong>habet</strong></span> <span class='ocrx_word' id='word_1_789' title='bbox 2067 5299 2319 5400; x_wconf 66' lang='lat' dir='ltr'><strong>paternas</strong></span> <span class='ocrx_word' id='word_1_790' title='bbox 2333 5327 2730 5398; x_wconf 87' lang='lat' dir='ltr'><strong>generationis</strong></span> <span class='ocrx_word' id='word_1_791' title='bbox 2749 5299 3523 5401; x_wconf 36' lang='lat' dir='ltr'><strong>mternitasAuc—listi&#39;liiwli-u‘m</strong></span> 
     </span>
    </p>
   </div>
   <div class='ocr_carea' id='block_1_101' title="bbox 182 5400 3529 5505">
    <p class='ocr_par' dir='ltr' id='par_1_101' title="bbox 182 5400 3529 5505">
     <span class='ocr_line' id='line_1_101' title="bbox 182 5400 3529 5505; baseline 0.015 -62"><span class='ocrx_word' id='word_1_792' title='bbox 182 5400 467 5505; x_wconf 56' lang='lat' dir='ltr'><strong>Elpiepdum</strong></span> <span class='ocrx_word' id='word_1_793' title='bbox 497 5422 606 5486; x_wconf 88' lang='lat' dir='ltr'><strong>est,</strong></span> <span class='ocrx_word' id='word_1_794' title='bbox 631 5422 695 5472; x_wconf 92' lang='lat' dir='ltr'><strong>ut</strong></span> <span class='ocrx_word' id='word_1_795' title='bbox 716 5400 784 5473; x_wconf 82' lang='lat' dir='ltr'><strong>ex</strong></span> <span class='ocrx_word' id='word_1_796' title='bbox 815 5417 924 5473; x_wconf 88' lang='lat' dir='ltr'><strong>hoc</strong></span> <span class='ocrx_word' id='word_1_797' title='bbox 957 5417 1273 5489; x_wconf 87' lang='lat' dir='ltr'><strong>quisquam</strong></span> <span class='ocrx_word' id='word_1_798' title='bbox 1305 5419 1546 5491; x_wconf 89' lang='lat' dir='ltr'><strong>Spiritui</strong></span> <span class='ocrx_word' id='word_1_799' title='bbox 1569 5426 1771 5480; x_wconf 88' lang='lat' dir='ltr'><strong>sancto</strong></span> <span class='ocrx_word' id='word_1_800' title='bbox 1881 5436 2114 5491; x_wconf 88' lang='lat' dir='ltr'><strong>semper</strong></span> <span class='ocrx_word' id='word_1_801' title='bbox 2159 5434 2310 5484; x_wconf 90' lang='lat' dir='ltr'><strong>esse,</strong></span> <span class='ocrx_word' id='word_1_802' title='bbox 2342 5423 2399 5472; x_wconf 89' lang='lat' dir='ltr'><strong>et</strong></span> <span class='ocrx_word' id='word_1_803' title='bbox 2424 5416 2550 5472; x_wconf 88' lang='lat' dir='ltr'><strong>sine</strong></span> <span class='ocrx_word' id='word_1_804' title='bbox 2611 5417 2778 5473; x_wconf 89' lang='lat' dir='ltr'><strong>initio</strong></span> <span class='ocrx_word' id='word_1_805' title='bbox 2813 5427 3011 5480; x_wconf 88' lang='lat' dir='ltr'><strong>natum</strong></span> <span class='ocrx_word' id='word_1_806' title='bbox 3045 5442 3194 5497; x_wconf 85' lang='lat' dir='ltr'><strong>esse,</strong></span> <span class='ocrx_word' id='word_1_807' title='bbox 3220 5447 3324 5488; x_wconf 89' lang='lat' dir='ltr'><strong>nec</strong></span> <span class='ocrx_word' id='word_1_808' title='bbox 3356 5451 3529 5505; x_wconf 90' lang='lat' dir='ltr'><strong>posse</strong></span> 
     </span>
    </p>
   </div>
   <div class='ocr_carea' id='block_1_102' title="bbox 113 5487 3530 5591">
    <p class='ocr_par' dir='ltr' id='par_1_102' title="bbox 113 5487 3530 5591">
     <span class='ocr_line' id='line_1_102' title="bbox 113 5487 3530 5591; baseline 0.011 -48"><span class='ocrx_word' id='word_1_809' title='bbox 113 5551 116 5554; x_wconf 43' lang='lat'><strong>,</strong></span> <span class='ocrx_word' id='word_1_810' title='bbox 186 5487 392 5591; x_wconf 51' lang='grc' dir='ltr'><strong>ξξῗὶδιξι</strong></span> <span class='ocrx_word' id='word_1_811' title='bbox 418 5499 483 5556; x_wconf 91' lang='lat' dir='ltr'><strong>de</strong></span> <span class='ocrx_word' id='word_1_812' title='bbox 513 5505 626 5561; x_wconf 91' lang='lat' dir='ltr'><strong>Deo</strong></span> <span class='ocrx_word' id='word_1_813' title='bbox 657 5511 827 5561; x_wconf 85' lang='lat' dir='ltr'><strong>Patre</strong></span> <span class='ocrx_word' id='word_1_814' title='bbox 859 5487 1224 5562; x_wconf 80' lang='lat' dir='ltr'><strong>nativitatem</strong></span> <span class='ocrx_word' id='word_1_815' title='bbox 1251 5525 1265 5575; x_wconf 90' lang='lat'><strong>;</strong></span> <span class='ocrx_word' id='word_1_816' title='bbox 1291 5487 1393 5563; x_wconf 76' lang='lat' dir='ltr'><strong>sed</strong></span> <span class='ocrx_word' id='word_1_817' title='bbox 1414 5510 1488 5566; x_wconf 89' lang='lat' dir='ltr'><strong>ad</strong></span> <span class='ocrx_word' id='word_1_818' title='bbox 1512 5509 1620 5566; x_wconf 87' lang='lat' dir='ltr'><strong>hoc</strong></span> <span class='ocrx_word' id='word_1_819' title='bbox 1642 5517 1770 5567; x_wconf 84' lang='lat' dir='ltr'><strong>tsn-</strong></span> <span class='ocrx_word' id='word_1_820' title='bbox 1883 5509 1994 5566; x_wconf 90' lang='lat' dir='ltr'><strong>dici</strong></span> <span class='ocrx_word' id='word_1_821' title='bbox 2013 5487 2152 5563; x_wconf 76' lang='lat' dir='ltr'><strong>ante</strong></span> <span class='ocrx_word' id='word_1_822' title='bbox 2174 5508 2304 5576; x_wconf 87' lang='lat' dir='ltr'><strong>ejus</strong></span> <span class='ocrx_word' id='word_1_823' title='bbox 2327 5506 2692 5562; x_wconf 87' lang='lat' dir='ltr'><strong>nativitatem</strong></span> <span class='ocrx_word' id='word_1_824' title='bbox 2717 5507 2941 5580; x_wconf 90' lang='lat' dir='ltr'><strong>aliquid</strong></span> <span class='ocrx_word' id='word_1_825' title='bbox 2967 5487 3530 5591; x_wconf 33' lang='lat' dir='ltr'><strong>fuisse,oujusletd~i:</strong></span> 
     </span>
    </p>
   </div>
   <div class='ocr_carea' id='block_1_103' title="bbox 114 5565 3532 5674">
    <p class='ocr_par' dir='ltr' id='par_1_103' title="bbox 114 5565 3532 5674">
     <span class='ocr_line' id='line_1_103' title="bbox 114 5565 3532 5674; baseline 0.011 -40"><span class='ocrx_word' id='word_1_826' title='bbox 114 5621 118 5674; x_wconf 37' lang='grc' dir='ltr'>ς</span> <span class='ocrx_word' id='word_1_827' title='bbox 187 5565 374 5674; x_wconf 34' lang='lat' dir='ltr'><strong>lui</strong></span> <span class='ocrx_word' id='word_1_828' title='bbox 424 5603 590 5650; x_wconf 89' lang='lat' dir='ltr'><strong>unam</strong></span> <span class='ocrx_word' id='word_1_829' title='bbox 626 5599 897 5650; x_wconf 88' lang='lat' dir='ltr'><strong>naturam</strong></span> <span class='ocrx_word' id='word_1_830' title='bbox 930 5595 1142 5663; x_wconf 88' lang='lat' dir='ltr'><strong>Patris,</strong></span> <span class='ocrx_word' id='word_1_831' title='bbox 1175 5601 1229 5651; x_wconf 89' lang='lat' dir='ltr'><strong>et</strong></span> <span class='ocrx_word' id='word_1_832' title='bbox 1253 5565 1408 5667; x_wconf 41' lang='lat' dir='ltr'><strong>&#39;Filii,</strong></span> <span class='ocrx_word' id='word_1_833' title='bbox 1439 5603 1497 5654; x_wconf 90' lang='lat' dir='ltr'><strong>et</strong></span> <span class='ocrx_word' id='word_1_834' title='bbox 1523 5598 1776 5669; x_wconf 89' lang='lat' dir='ltr'><strong>Spiritus</strong></span> <span class='ocrx_word' id='word_1_835' title='bbox 1883 5601 2100 5656; x_wconf 89' lang='lat' dir='ltr'><strong>vinitas</strong></span> <span class='ocrx_word' id='word_1_836' title='bbox 2130 5565 2493 5652; x_wconf 51' lang='lat' dir='ltr'><strong>et-nativitas</strong></span> <span class='ocrx_word' id='word_1_837' title='bbox 2528 5565 2871 5654; x_wconf 73' lang='lat' dir='ltr'><strong>naturaliter</strong></span> <span class='ocrx_word' id='word_1_838' title='bbox 2901 5565 3532 5674; x_wconf 44' lang='lat' dir='ltr'><strong>agnosciturdn-o&#39;nwc‘m-</strong></span> 
     </span>
    </p>
   </div>
   <div class='ocr_carea' id='block_1_104' title="bbox 116 5651 3537 5790">
    <p class='ocr_par' dir='ltr' id='par_1_104' title="bbox 116 5651 3537 5790">
     <span class='ocr_line' id='line_1_104' title="bbox 331 5651 3532 5674; baseline 0 -7"><span class='ocrx_word' id='word_1_839' title='bbox 331 5663 341 5674; x_wconf 93' lang='grc'><em>,</em></span> <span class='ocrx_word' id='word_1_840' title='bbox 1128 5651 1141 5663; x_wconf 71' lang='grc' dir='ltr'><em>ι</em></span> <span class='ocrx_word' id='word_1_841' title='bbox 1393 5651 1408 5667; x_wconf 63' lang='grc' dir='ltr'><em>ν</em></span> <span class='ocrx_word' id='word_1_842' title='bbox 1449 5651 1493 5654; x_wconf 55' lang='grc' dir='ltr'><strong>-τ</strong></span> <span class='ocrx_word' id='word_1_843' title='bbox 1535 5651 1773 5669; x_wconf 37' lang='lat' dir='ltr'><strong>qun&quot;</strong></span> <span class='ocrx_word' id='word_1_844' title='bbox 2478 5651 2481 5652; x_wconf 48' lang='grc' dir='ltr'><em>ν</em></span> <span class='ocrx_word' id='word_1_845' title='bbox 2904 5651 2931 5655; x_wconf 91' lang='grc'><strong><em>-</em></strong></span> <span class='ocrx_word' id='word_1_846' title='bbox 2981 5651 3230 5664; x_wconf 64' lang='grc' dir='ltr'><strong>---η-...-</strong></span> <span class='ocrx_word' id='word_1_847' title='bbox 3270 5651 3384 5668; x_wconf 57' lang='lat' dir='ltr'><strong>nm.</strong></span> <span class='ocrx_word' id='word_1_848' title='bbox 3417 5651 3532 5671; x_wconf 72' lang='grc' dir='ltr'><strong>νυο-</strong></span> 
     </span>
     <span class='ocr_line' id='line_1_105' title="bbox 116 5651 3537 5790; baseline 0.007 -51"><span class='ocrx_word' id='word_1_849' title='bbox 116 5651 118 5739; x_wconf 60' lang='lat' dir='ltr'><strong>i</strong></span> <span class='ocrx_word' id='word_1_850' title='bbox 365 5685 680 5790; x_wconf 46' lang='lat' dir='ltr'><strong>cagnoscat,</strong></span> <span class='ocrx_word' id='word_1_851' title='bbox 705 5700 1003 5756; x_wconf 90' lang='lat' dir='ltr'><strong>unamque</strong></span> <span class='ocrx_word' id='word_1_852' title='bbox 1028 5679 1374 5740; x_wconf 86' lang='lat' dir='ltr'><strong>naturaliter</strong></span> <span class='ocrx_word' id='word_1_853' title='bbox 1394 5687 1774 5746; x_wconf 68' lang='lat' dir='ltr'><strong>aeternitatem</strong></span> <span class='ocrx_word' id='word_1_854' title='bbox 1888 5689 2065 5762; x_wconf 82' lang='lat' dir='ltr'><strong>pisse.</strong></span> <span class='ocrx_word' id='word_1_855' title='bbox 2097 5686 2242 5742; x_wconf 89' lang='lat' dir='ltr'><strong>Nam</strong></span> <span class='ocrx_word' id='word_1_856' title='bbox 2265 5686 2565 5758; x_wconf 86' lang='lat' dir='ltr'><strong>requirein</strong></span> <span class='ocrx_word' id='word_1_857' title='bbox 2583 5687 2905 5758; x_wconf 82' lang='lat' dir='ltr'><strong>Scripturis</strong></span> <span class='ocrx_word' id='word_1_858' title='bbox 2927 5651 3231 5762; x_wconf 47' lang='lat' dir='ltr'><strong>Sanctis,“</strong></span> <span class='ocrx_word' id='word_1_859' title='bbox 3251 5701 3537 5776; x_wconf 89' lang='lat' dir='ltr'><strong>invenies;</strong></span> 
     </span>
     <span class='ocr_line' id='line_1_106' title="bbox 329 5766 3095 5790; baseline 0 0"><span class='ocrx_word' id='word_1_860' title='bbox 329 5768 366 5790; x_wconf 59' lang='grc' dir='ltr'>η</span> <span class='ocrx_word' id='word_1_861' title='bbox 448 5766 693 5790; x_wconf 68' lang='grc' dir='ltr'><strong>-ξ-Ξι-ιξ..</strong></span> <span class='ocrx_word' id='word_1_862' title='bbox 729 5772 743 5790; x_wconf 74' lang='lat'><strong><em>2</em></strong></span> <span class='ocrx_word' id='word_1_863' title='bbox 795 5771 1014 5790; x_wconf 54' lang='lat' dir='ltr'><strong>n-119,,,a</strong></span> <span class='ocrx_word' id='word_1_864' title='bbox 1075 5771 1235 5790; x_wconf 48' lang='lat' dir='ltr'><strong>n,,,-,,</strong></span> <span class='ocrx_word' id='word_1_865' title='bbox 1270 5773 1314 5790; x_wconf 63' lang='lat'><strong>1,</strong></span> <span class='ocrx_word' id='word_1_866' title='bbox 1504 5773 1516 5787; x_wconf 83' lang='grc' dir='ltr'><strong><em>ο</em></strong></span> <span class='ocrx_word' id='word_1_867' title='bbox 1542 5776 1556 5790; x_wconf 73' lang='grc'><strong>1</strong></span> <span class='ocrx_word' id='word_1_868' title='bbox 1721 5777 1734 5790; x_wconf 76' lang='grc' dir='ltr'>ι</span> <span class='ocrx_word' id='word_1_869' title='bbox 1890 5779 1903 5790; x_wconf 86' lang='grc'><em>.</em></span> <span class='ocrx_word' id='word_1_870' title='bbox 1990 5780 2000 5790; x_wconf 91' lang='grc'><em>.</em></span> <span class='ocrx_word' id='word_1_871' title='bbox 2093 5779 2103 5790; x_wconf 87' lang='grc'>.</span> <span class='ocrx_word' id='word_1_872' title='bbox 2551 5776 2650 5790; x_wconf 73' lang='lat' dir='ltr'><strong>nu.</strong></span> <span class='ocrx_word' id='word_1_873' title='bbox 2751 5778 2789 5790; x_wconf 71' lang='grc' dir='ltr'>η</span> <span class='ocrx_word' id='word_1_874' title='bbox 2931 5782 2949 5790; x_wconf 89' lang='grc'><strong>-</strong></span> <span class='ocrx_word' id='word_1_875' title='bbox 2999 5784 3038 5790; x_wconf 85' lang='grc'><strong>--</strong></span> <span class='ocrx_word' id='word_1_876' title='bbox 3084 5785 3095 5790; x_wconf 88' lang='grc'><strong>-</strong></span> 
     </span>
    </p>
   </div>
   <div class='ocr_carea' id='block_1_105' title="bbox 229 5749 3541 5854">
    <p class='ocr_par' dir='ltr' id='par_1_105' title="bbox 229 5749 3541 5854">
     <span class='ocr_line' id='line_1_107' title="bbox 229 5749 3541 5854; baseline 0.018 -62"><span class='ocrx_word' id='word_1_877' title='bbox 229 5749 367 5808; x_wconf 69' lang='lat' dir='ltr'><strong>wine</strong></span> <span class='ocrx_word' id='word_1_878' title='bbox 401 5749 696 5827; x_wconf 76' lang='lat' dir='ltr'><strong>Trinitatis</strong></span> <span class='ocrx_word' id='word_1_879' title='bbox 728 5749 1040 5845; x_wconf 70' lang='lat' dir='ltr'><strong>intelligat.</strong></span> <span class='ocrx_word' id='word_1_880' title='bbox 1075 5771 1324 5829; x_wconf 90' lang='lat' dir='ltr'><strong>Proinde</strong></span> <span class='ocrx_word' id='word_1_881' title='bbox 1356 5773 1685 5845; x_wconf 86' lang='lat' dir='ltr'><strong>considera,</strong></span> <span class='ocrx_word' id='word_1_882' title='bbox 1717 5777 1779 5834; x_wconf 90' lang='lat' dir='ltr'><strong>in</strong></span> <span class='ocrx_word' id='word_1_883' title='bbox 1888 5749 1948 5835; x_wconf 82' lang='lat' dir='ltr'><strong>in</strong></span> <span class='ocrx_word' id='word_1_884' title='bbox 1985 5779 2216 5832; x_wconf 85' lang='lat' dir='ltr'><strong>tantum</strong></span> <span class='ocrx_word' id='word_1_885' title='bbox 2246 5749 2361 5832; x_wconf 75' lang='lat' dir='ltr'><strong>non</strong></span> <span class='ocrx_word' id='word_1_886' title='bbox 2384 5793 2514 5836; x_wconf 88' lang='lat' dir='ltr'><strong>esse</strong></span> <span class='ocrx_word' id='word_1_887' title='bbox 2549 5776 2691 5834; x_wconf 91' lang='lat' dir='ltr'><strong>Filio</strong></span> <span class='ocrx_word' id='word_1_888' title='bbox 2715 5749 2953 5854; x_wconf 72' lang='lat' dir='ltr'><strong>aliquod</strong></span> <span class='ocrx_word' id='word_1_889' title='bbox 2982 5749 3541 5852; x_wconf 45' lang='lat' dir='ltr'><strong>animisanimi};</strong></span> 
     </span>
    </p>
   </div>
   <div class='ocr_carea' id='block_1_106' title="bbox 431 5876 3264 5966">
    <p class='ocr_par' dir='ltr' id='par_1_106' title="bbox 431 5876 3264 5966">
     <span class='ocr_line' id='line_1_108' title="bbox 431 5876 3264 5966; baseline 0.006 -18"><span class='ocrx_word' id='word_1_890' title='bbox 431 5876 695 5955; x_wconf 69' lang='lat' dir='ltr'><strong>pA&#39;l&#39;BOL.</strong></span> <span class='ocrx_word' id='word_1_891' title='bbox 738 5888 918 5953; x_wconf 78' lang='lat' dir='ltr'><strong>LXV.</strong></span> <span class='ocrx_word' id='word_1_892' title='bbox 3180 5904 3264 5966; x_wconf 73' lang='lat' dir='ltr'><strong>se</strong></span> 
     </span>
    </p>
   </div>
  </div>
