3918 6222
450 295 568 359 779

451 424 711 493 initium,
736 425 801 478 ut
823 421 1161 491 ubicunque
1178 418 1373 474 divina
1396 417 1667 473 nntivilas
1685 416 1811 486 ejus
1840 412 2094 484 ponitur,
2128 414 2178 479 Α

453 520 589 571 ante
620 528 852 583 semper
874 509 1293 565 dicatur.Sicut
1324 507 1381 562 in
1404 506 1637 562 Psalmo
1665 505 1950 575 scriptum
1971 510 2096 556 est:

448 606 588 661 Ante
644 602 945 671 luciferum
1001 599 1171 668 genui
1226 602 1279 652 te
1326 598 1642 669 (Psal.c1x,
1675 596 1749 661 3).
1784 593 1891 649 Ubi
1924 592 2095 648 etiam

456 696 627 751 Pater
658 709 719 747 se
752 706 1048 761 suumque
1084 689 1288 743 Filium
1334 703 1517 742 unum
1552 685 1693 741 dicit
1717 700 1845 740 esse
1881 684 2098 755 princi-

455 785 646 857 pium,
680 781 958 853 quoniam
1014 779 1123 834 hoc
1180 783 1271 834 est
1296 794 1496 833 verum
1530 777 1908 849 principium,
1943 776 2097 846 quod

454 873 583 929 sine
616 870 780 926 initio
816 868 1162 925 naturaliter
1190 867 1485 921 invenitur
1512 872 1815 921 aeternum.
1851 864 1913 920 In
1948 865 2098 919 libro

455 977 689 1035 quoque
715 959 1094 1014 Proverbioru
1109 974 1160 1011 m
1182 959 1310 1027 ipsa
1330 954 1628 1026 Sapientia
1648 954 1873 1008 dicitde
1895 958 2097 1008 Patre:

453 1050 787 1122 Priusquam
812 1054 1019 1103 terram
1033 1050 1242 1114 facere!
1251 1090 1264 1115 ,
1271 1047 1595 1116 priusquam
1607 1043 1954 1116 procederent
1984 1045 2104 1112 [on-

450 1145 530 1195 ιω
558 1155 853 1211 aquarum,
878 1147 1002 1192 ante
1028 1153 1215 1192 omnes
1231 1140 1413 1191 autem
1435 1136 1594 1191 colles
1606 1134 1794 1205 genuit
1814 1139 2097 1201 me(Prov.

452 1246 577 1295 νιιι,
609 1231 699 1297 23,
729 1228 820 1295 24,
852 1227 963 1297 25).
1006 1227 1092 1280 Tu
1125 1225 1271 1280 dicis
1294 1224 1654 1279 nativitatem
1688 1222 1942 1278 divinam
1969 1222 2104 1278 Uni-

456 1317 637 1388 geniti
662 1316 761 1371 Dei
786 1333 901 1371 non
927 1330 1095 1387 posse
1115 1313 1272 1380 sciri;
1291 1313 1430 1383 quia
1452 1330 1563 1368 non
1591 1316 1777 1382 potest
1798 1313 2057 1368 enarrari
2083 1337 2098 1380 ;

454 1421 587 1459 cum
624 1406 827 1475 utique
857 1404 907 1457 si
968 1402 1229 1459 enarrari
1276 1407 1494 1473 posset,
1527 1401 1723 1456 divina
1754 1419 1867 1457 non
1902 1407 2051 1457 esset
2082 1418 2096 1457 :

455 1493 890 1565 quocircaquia
910 1492 1233 1557 divinaest,
1275 1508 1406 1545 vera
1451 1496 1570 1558 est;
1597 1490 1734 1562 quia
1776 1491 2098 1557 divinaest,

454 1585 678 1637 aeterna
700 1586 827 1647 est;
863 1580 1003 1652 quia
1029 1581 1225 1636 divina
1258 1586 1366 1649 est,
1400 1580 1810 1636 inenarrabilis
1834 1579 2102 1636 est.Illud

455 1671 639 1742 igitur
661 1672 818 1743 quod
842 1676 904 1726 tu
929 1670 1035 1726 tibi
1057 1670 1310 1726 inaniter
1339 1670 1716 1743 respondisti,
1742 1673 1996 1742 quianec
2020 1671 2102 1725 Fi-

452 1758 572 1815 lius
594 1774 723 1815 esse
747 1760 939 1832 potuit
965 1764 1281 1831 antequam
1308 1763 1666 1827 nasceretur,
1700 1764 1756 1814 et
1786 1760 1955 1814 Pater
1970 1759 2095 1814 sine
2127 1765 2175 1831 Β

457 1848 638 1905 dubio
660 1848 881 1904 exstitit
909 1854 1222 1920 antequam
1249 1850 1533 1921 gigneret,
1555 1848 1935 1921 cogitationes
1958 1854 2100 1904 sunt

453 1938 652 1994 carnis
673 1948 731 1994 et
762 1938 1095 2011 sanguinis,
1122 1954 1249 2009 qua
1266 1954 1509 2009 regnum
1535 1938 1631 1993 Dei
1664 1938 1964 2009 possidere
1981 1955 2094 1992 non

453 2033 710 2100 possunt
733 2028 778 2099 (Ι
803 2028 921 2085 Cor.
947 2044 1039 2095 xv,
1075 2028 1202 2099 50):
1234 2027 1344 2081 hoc
1366 2027 1525 2081 enim
1558 2028 1629 2081 de
1650 2027 1951 2081 divinitate
1975 2043 2103 2081 sen-

452 2116 534 2172 tis
556 2117 710 2189 quod
735 2117 795 2171 in
829 2115 1171 2172 hominibus
1201 2115 1530 2171 cernis.Sed
1551 2132 1665 2170 non
1698 2115 1781 2170 ita
1802 2117 2094 2171 estJEter-

454 2223 568 2261 nus
598 2207 755 2262 enim
784 2204 1092 2260 sineinitio
1114 2204 1271 2260 Deus
1293 2206 1463 2259 Pater
1490 2212 1761 2259 aeternam
1796 2204 1974 2259 habet
2004 2221 2094 2271 ge-

453 2292 1570 2365 nerationem,quagenuitUnigenitum
1590 2309 1763 2347 suum
1782 2313 1795 2360 ;
1815 2309 1928 2347 non
1946 2293 2098 2348 sicut

453 2383 525 2436 de
554 2398 729 2436 carne
764 2388 1078 2453 generatur
1124 2398 1277 2447 caro,
1311 2383 1409 2437 sed
1438 2382 1593 2437 sicut
1622 2387 1712 2436 est
1743 2388 1917 2437 natus
1943 2383 2098 2439 Deus

453 2470 525 2524 de
555 2468 693 2537 Deo,
728 2486 883 2524 unus
914 2471 986 2525 de
1016 2486 1153 2539 uno,
1185 2486 1354 2524 verus
1387 2470 1457 2525 de
1488 2486 1643 2535 vero,
1676 2475 1999 2525 coaeternus
2026 2473 2096 2527 de

451 2562 665 2613 aeterno
697 2575 710 2623 ;
737 2559 883 2612 alter
913 2558 970 2612 in
1006 2573 1277 2630 persona,
1306 2574 1420 2613 non
1456 2557 1614 2614 aliud
1648 2560 1706 2613 in
1741 2564 1988 2628 natura;
2025 2563 2095 2617 de

450 2650 566 2700 Deo
590 2646 760 2701 Patre
788 2650 963 2700 natus
995 2647 1167 2714 Deus,
1200 2651 1406 2702 etcum
1424 2651 1534 2702 Deo
1568 2647 1735 2704 Patre
1754 2649 2097 2706 naturaliter

450 2748 631 2803 unus,
663 2740 937 2802 aeternus,
987 2733 1353 2803 immortalis,
1386 2741 1562 2806 atque
1595 2737 2095 2795 incommutabilis

1448 283 1511 347 Β.
1557 280 1991 347 FULGENTiI
2032 280 2398 346 EPISCOPI
2443 287 2872 353 RUSPENSIS

3732 294 3832 354 180

2211 413 2386 472 Deus.
2421 421 2728 476 Fateamur
2779 422 2978 495 itaque
3008 421 3220 499 Filium
3253 436 3381 478 esse
3409 421 3654 479 Initium
3682 429 3829 496 atque

2206 503 2589 576 Principium,
2617 510 2755 580 quia
2782 512 3071 582 scriptum
3100 516 3185 566 est
3209 527 3222 565 :
3242 512 3617 581 Principium,
3645 515 3831 584 etquod

2212 590 2408 665 loquor
2464 598 2617 652 vobis
2675 602 2856 669 (Joan.
2911 616 3035 667 vni,
3070 601 3161 657 ‘25)
3188 619 3202 667 ;
3235 606 3291 654 et
3323 601 3534 655 iterum
3565 618 3579 655 :
3607 603 3709 671 Ego
3732 619 3830 657 sum

2209 700 2241 733 α
2270 689 2322 737 et
2353 703 2418 749 ω,
2452 685 2679 741 initium
2705 695 2757 743 et
2787 690 2917 758 ﬁnis
2948 689 3143 759 (Apoc.
3185 707 3220 755 r,
3254 688 3310 757 8)
3344 705 3357 743 :
3385 689 3495 743 sed
3530 689 3667 744 illud
3699 694 3829 762 prin-

2208 770 2423 841 cipium
2487 777 2637 844 quod
2675 792 2806 833 cum
2842 776 3007 832 Patre
3042 794 3227 833 unum
3262 783 3350 832 est
3380 778 3765 849 principium;
3789 785 3832 835 et

2208 859 2335 914 ideo
2362 879 2559 918 verum
2582 866 2957 937 principium,
2978 866 3117 937 quia
3136 871 3269 921 ante
3295 882 3469 920 omne
3488 869 3829 938 principium.

2207 949 2366 1003 Sicut
2392 952 2546 1007 enim
2582 955 2709 1009 ideo
2741 962 2829 1009 est
2858 972 3034 1009 verus
3061 954 3236 1022 Deus,
3267 955 3409 1026 quia
3432 956 3506 1011 de
3538 961 3735 1011 natura
3750 957 3827 1012 Pa-

2208 1039 2318 1094 tris
2348 1046 2522 1097 natus
2539 1047 2628 1097 est
2664 1045 2835 1107 Deus,
2860 1046 2944 1099 sic
2967 1045 3094 1099 ideo
3126 1050 3215 1098 est
3249 1061 3451 1099 verum
3485 1046 3826 1117 principium,

2209 1128 2348 1199 quia
2369 1130 2439 1184 de
2458 1130 2556 1186 illo
2576 1135 2740 1186 Patre
2757 1132 2882 1187 sine
2911 1133 3077 1187 initio
3102 1139 3278 1187 natus
3300 1139 3386 1189 est
3413 1133 3522 1205 qui
3551 1139 3639 1189 est
3656 1150 3826 1190 verum

2209 1218 2583 1289 principium.
2619 1220 2713 1275 Sic
2733 1221 2928 1292 itaque
2949 1220 3126 1275 Filius
3152 1222 3511 1293 principium
3538 1239 3652 1277 non
3685 1223 3827 1277 habet

2209 1307 2669 1372 nascendi,sicut
2687 1310 2850 1364 Pater
2866 1326 2978 1365 non
2996 1311 3162 1365 habet
3180 1310 3539 1382 principium
3553 1312 3823 1365 existendi.

2207 1397 2270 1450 In
2304 1396 2587 1468 principio
2619 1398 2799 1469 igitur
2856 1416 2991 1454 cum
3050 1398 3218 1455 Patre
3267 1399 3472 1465 Filius,
3501 1402 3640 1472 quia
3668 1417 3833 1456 unum.

2209 1485 2563 1557 principium
2604 1492 2775 1542 Pater
2804 1493 2862 1543 et
2895 1488 3076 1543 Filius
3113 1505 3126 1542 :
3164 1489 3487 1561 ipsumque
3537 1506 3710 1545 unum
3748 1504 3822 1543 νος

2211 1591 2461 1648 rumque
2476 1578 3029 1651 principium,cujus
3047 1579 3271 1635 nullum
3296 1592 3385 1636 est
3399 1581 3681 1637 existendi
3698 1582 3822 1653 prin-

2209 1664 2449 1734 cipium.
2467 1668 2761 1739 Antiquos
2779 1668 3004 1724 dierum
3032 1668 3205 1724 simul
3224 1669 3396 1725 Pater
3412 1675 3471 1726 et
3488 1670 3686 1725 Filius:
3710 1669 3821 1740 quia

2209 1753 2312 1811 illa
2342 1764 2430 1810 est
2449 1772 2583 1811 vera
2613 1757 2963 1813 naturaliter
2991 1758 3339 1829 antiquitas,
3372 1776 3503 1830 quis
3532 1759 3655 1816 sine
3682 1759 3816 1814 initio

2208 1850 2298 1901 est
2328 1844 2615 1900 naturalis
2645 1846 2958 1901 aeternitas.
2979 1844 3123 1901 Nam
3148 1846 3303 1902 sicut
3328 1846 3432 1903 illa
3463 1848 3747 1921 longitudo
3764 1847 3817 1901 de

2210 1952 2327 2006 qua
2389 1936 2537 1989 Deus
2596 1934 2739 1990 dicit
2772 1950 2786 1990 :
2829 1935 3192 2007 Longitudine
3232 1935 3457 1993 dierum
3485 1938 3689 2010 replebo
3712 1952 3815 1992 eum

2208 2023 2381 2094 (Psal.
2407 2040 2496 2091 xc,
2529 2023 2616 2094 16)
2644 2040 2666 2086 ;
2715 2029 2772 2079 et
2821 2023 3107 2095 propheta
3135 2042 3148 2080 :
3188 2026 3251 2082 Ut
3278 2026 3579 2083 inhabilem
3609 2030 3663 2082 in
3687 2027 3813 2081 domo

2209 2112 2433 2168 Domini
2488 2113 2549 2167 in
2609 2113 2949 2183 longitudine
2994 2113 3212 2168 dierum
3239 2117 3417 2186 (Psal.
3449 2133 3579 2185 χιιι,
3608 2116 3679 2187 6),
3706 2116 3810 2170 ideo

2206 2218 2341 2256 vera
2370 2201 2677 2273 longitudo
2699 2206 2806 2272 est,
2830 2201 2966 2275 quia
2984 2202 3147 2257 nullo
3168 2208 3258 2259 est
3280 2205 3534 2261 termino
3558 2204 3806 2269 ﬁnienda;

2206 2291 2289 2346 sic
2322 2291 2646 2361 antiquitas
2678 2290 2779 2346 illa
2807 2296 2897 2347 est
2915 2307 3067 2353 vera,
3105 2309 3234 2363 quas
3267 2293 3606 2349 nulloinitio
3624 2308 3810 2363 cogno-

2207 2390 2403 2436 scatur
2415 2380 2684 2437 inchoata
2701 2381 2928 2452 ;itaque
2941 2384 3261 2451 antiquitas
3284 2385 3372 2440 sic
3396 2386 3610 2440 initium
3626 2386 3805 2449 nescit,

2205 2471 2360 2525 sicut
2390 2470 2566 2525 tinem
2599 2470 3038 2542 istalongitudo
3060 2489 3179 2527 non
3213 2475 3455 2545 recepit.
3486 2470 3806 2530 Proindeille

2205 2559 2305 2631 qui
2330 2574 2391 2614 se
2409 2560 2556 2614 dixit
2583 2578 2617 2611 α
2646 2563 2703 2614 et
2732 2580 2798 2624 ω,
2821 2576 2924 2615 nec
2946 2561 3121 2632 cmpit
3141 2578 3272 2618 esse
3304 2579 3417 2619 nec
3447 2563 3643 2620 desinit
3664 2559 3801 2633 :quia

2207 2652 2360 2706 sicut
2381 2650 2441 2705 in
2477 2667 2538 2705 se
2563 2668 2679 2706 non
2703 2650 2879 2707 habet
2904 2652 3219 2724 aliquando
3241 2670 3419 2725 posse
3445 2672 3553 2711 non
3578 2671 3708 2723 esse,
3733 2651 3797 2707 sic

2207 2742 2264 2795 in
2297 2756 2359 2795 se
2394 2739 2742 2795 naturaliter
2775 2756 2891 2795 non
2924 2741 3099 2797 habet
3130 2759 3244 2798 non
3270 2744 3480 2800 fuisse.

444 2939 567 2999 Bx
602 2940 873 2999 LIBRO
913 2942 1070 2998 VII.
1112 2944 1228 3000 DE
1265 2945 1865 3004 EQUALITATE
1902 2949 2015 3004 ET
2052 2946 2449 3006 UNITATE
2489 2946 2909 3004 BPIRITUS
2952 2946 3289 3005 SANCTI
3329 2952 3525 3008 CUM
3561 2946 3803 3007 PATRE

1941 3021 2055 3076 ET
2096 3019 2358 3077 PILIO.

837 3140 989 3197 609
1012 3140 1509 3198 FRAGMENTUM
1534 3143 1699 3198 XXV.
2123 3145 2166 3212 C
2204 3143 2332 3201 sine
2351 3142 2521 3209 cujus
2535 3141 2773 3198 nomine
2791 3160 2906 3198 non
2928 3148 3123 3215 potest
3135 3152 3573 3203 sacramentum
3589 3148 3801 3201 constare

445 3226 687 3299 Spiritus
713 3233 933 3285 sanctus
961 3247 1061 3287 nec
1078 3232 1263 3287 minor
1281 3240 1361 3289 est
1384 3233 1554 3288 Patre
1582 3231 1676 3289 vel
1694 3232 1855 3302 Filio,
1887 3249 1987 3290 nec
2014 3236 2091 3291 eis
2205 3232 2600 3304 baptismatis.
2639 3232 2751 3286 [loc
2784 3248 2923 3304 ergo
2953 3232 3222 3289 Christus
3254 3235 3415 3303 fecit,
3452 3253 3559 3291 non
3582 3233 3697 3304 quia
3715 3229 3797 3285 mi-

1119 3321 1411 3393 subjectus.
2206 3338 2319 3376 nus
2344 3324 2573 3392 poterat
2590 3320 2728 3375 dare
2759 3337 2935 3392 quam
2956 3322 3115 3392 quod
3136 3323 3299 3378 dedit
3319 3325 3574 3397 Spiritus
3603 3324 3794 3378 sanctus

518 3408 807 3463 Adversus
826 3424 892 3463 ea
915 3424 1042 3480 quas
1075 3411 1143 3465 de
1171 3411 1511 3467 nominibus
1533 3417 1704 3484 atque
1727 3414 1936 3470 ofﬁciis
1953 3430 2086 3486 pro-

448 3495 719 3567 posuisti,
743 3502 1028 3567 quantum
1045 3515 1137 3555 res
1151 3499 1474 3572 ﬂagitabat,
1502 3502 1772 3558 dedimus
1793 3504 1897 3559 tibi
1924 3521 2095 3577 supe-

441 3584 590 3650 rius,
624 3586 870 3641 Domino
929 3588 1272 3659 adjuvante,
1307 3606 1656 3662 responsum
1690 3593 2088 3661 ostendentes,

443 3688 559 3727 non
581 3672 783 3731 exillis
808 3676 1146 3732 numinibus
1161 3681 1262 3732 aut
1282 3678 1493 3735 ofﬁciis
1518 3685 1783 3735 sanctum
1805 3681 2088 3753 Spiritum

450 3761 781 3831 subjectum
814 3763 871 3816 in
906 3763 1103 3834 aliquo
1125 3766 1973 3838 ethumilem,sicutszstimas,
1997 3771 2088 3824 in-

448 3849 655 3903 veniri.
683 3853 747 3904 In
783 3850 884 3905 illo
914 3857 1111 3906 autem
1145 3853 1271 3909 loco
1294 3855 1611 3928 Evangelii,
1633 3858 1728 3913 ubi
1758 3874 1888 3914 eum
1916 3864 2090 3931 putas

451 3936 740 3993 minorem
793 3940 1249 4013 subjectumque
1277 3948 1609 4015 monstrari,
1644 3947 1721 4002 ibi
1756 3949 2091 4019 agnoscitur

444 4024 701 4096 Spiritus
734 4032 976 4083 sanctus
1008 4029 1083 4084 ab
1105 4031 1326 4087 unitate
1357 4033 1546 4089 Patris
1575 4040 1630 4090 et
1662 4035 1790 4091 Filii
1824 4054 1935 4092 non
1961 4056 2089 4096 esse

446 4115 797 4171 naturaliter
825 4116 1074 4174 alienus.
1113 4120 1248 4175 Vide
1269 4123 1419 4177 enim
1444 4124 1584 4194 quid
1607 4125 1754 4180 dicat
1780 4127 2043 4182 Christus
2070 4146 2083 4183 :

441 4203 629 4260 Adhuc
658 4206 839 4262 multa
873 4207 1049 4264 habeo
1078 4210 1231 4265 vobis
1259 4210 1466 4280 dicere,
1494 4213 1585 4268 sed
1609 4230 1717 4269 non
1735 4215 1957 4286 potestis
1977 4234 2090 4271 mo-

441 4292 508 4350 do
519 4297 741 4366 portare
767 4316 781 4366 ;
816 4313 939 4353 cum
970 4308 1153 4355 autem
1182 4304 1389 4358 venerit
1419 4302 1516 4358 ille
1539 4303 1789 4377 Spiritus
1812 4308 2083 4375 veritatis,

441 4382 656 4439 docebit
712 4403 801 4441 vos
832 4388 892 4441 in
936 4404 1152 4445 omnem
1184 4393 1459 4447 veritatem
1489 4394 1670 4463 (Joan.
1704 4410 1816 4465 xvr,
1850 4395 1938 4463 12,
1974 4396 2079 4461 13).

440 4471 545 4573 llic
574 4473 832 4573 primum
849 4477 1125 4534 virtutem
1141 4480 1394 4573 Spiritus
1408 4482 1874 4573 sanctiSalvator
1888 4493 2083 4541 noster
2114 4508 2159 4573 Β

439 4560 721 4631 dignatus
740 4569 827 4620 est
849 4570 1279 4638 commendare,
1306 4571 1541 4642 quando
1572 4589 1639 4627 ea
1669 4589 1817 4644 quae,
1851 4573 2077 4645 ipsese-

437 4649 697 4704 cundum
730 4668 965 4709 carnem
1001 4662 1286 4725 praesente
1316 4664 1488 4730 atque
1516 4662 1778 4727 docente,
1804 4662 2079 4733 discipuli

436 4739 670 4805 portare
705 4753 819 4792 non
854 4745 1147 4810 poterant,
1182 4746 1367 4800 sancti
1400 4747 1649 4817 Spiritus
1678 4765 1919 4804 munere
1951 4765 2079 4805 con-

433 4821 651 4892 fortati,
675 4834 875 4882 essent
899 4830 1027 4885 sine
1056 4832 1234 4887 dubio
1258 4835 1560 4905 portaturi.
1594 4835 1701 4891 Ubi
1735 4839 1939 4910 utique
1962 4856 2076 4894 non

431 4913 712 4981 majorem
731 4915 999 4973 virtutem
1018 4920 1269 4989 Spiritus
1284 4924 1466 4977 sancti
1483 4926 1881 4982 ostenditesse
1900 4945 2075 4999 quam

430 5018 598 5059 suam
627 5021 640 5071 ;
666 5006 763 5060 sed
799 5024 974 5062 unam
1000 5009 1270 5065 virtutem
1316 5027 1443 5065 esse
1475 5013 1731 5083 Spiritus
1764 5018 1943 5071 sancti
1977 5019 2075 5073 de-

427 5096 802 5163 monstravit,
836 5103 894 5152 et
925 5114 1094 5153 suam
1124 5115 1137 5153 :
1171 5104 1238 5153 ut
1279 5098 1373 5154 ille
1396 5099 1478 5155 eis
1502 5101 1733 5157 virtutis
1756 5103 2071 5174 plenitudi-

425 5197 555 5236 nem
590 5184 961 5251 contulisset,
996 5187 1099 5259 qui
1132 5188 1326 5243 minor
1357 5188 1567 5245 virtute
1599 5206 1710 5244 non
1745 5198 1915 5247 esset.
1951 5193 2069 5250 Hoc

422 5276 617 5326 autem
644 5275 1044 5331 necessarium
1073 5275 1180 5330 fuit
1198 5284 1433 5348 propter
1455 5293 1835 5348 personarum
1861 5282 2072 5339 discre-

420 5358 663 5431 tionem,
684 5379 797 5419 non
826 5369 1060 5436 propter
1080 5380 1322 5437 operum
1348 5366 1599 5439 aliquam
1627 5369 2018 5428 diversitatem
2052 5393 2066 5441 ;

419 5449 519 5501 sed
552 5449 780 5505 ordinis
810 5458 957 5519 erat,
991 5458 1053 5506 ut
1085 5454 1245 5510 illius
1294 5455 1501 5511 intima
1549 5457 1980 5516 illuminatione
2012 5468 2068 5518 et

419 5534 1270 5618 conﬁrmatione,perﬁceretur
1288 5545 1640 5618 inapostolis
1655 5548 1875 5603 donum
1898 5550 2071 5607 intel-

422 5614 676 5688 ligentiae
707 5626 992 5696 spiritalis
1016 5638 1070 5685 et
1094 5614 1513 5705 insuperabilis
1544 5637 1784 5693 omnino
1809 5638 2065 5711 virtutis,

2205 3410 2359 3481 (cum
2382 3409 2438 3464 in
2455 3407 2612 3464 omni
2637 3424 2878 3463 munere
2901 3409 2981 3464 ita
3001 3409 3075 3465 sit
3098 3426 3279 3466 unum
3308 3417 3526 3469 sancta-
3547 3405 3792 3467 Trinitatis

2202 3498 2441 3566 donum,
2474 3496 2628 3553 sicut
2648 3497 2705 3552 in
2735 3497 3086 3570 omniopere
3104 3516 3286 3554 unum
3310 3510 3403 3557 est
3427 3495 3790 3559 sanctteTrini-

2205 3587 2340 3644 tatis
2360 3586 2644 3657 ofﬁcium)
2670 3603 2683 3652 ;
2717 3587 2820 3642 sed
2841 3588 2948 3644 hoc
2984 3589 3117 3643 l'ecit
3151 3594 3299 3645 Deus
3330 3590 3539 3658 Filius,
3562 3590 3623 3646 ad
3646 3592 3791 3643 osten-

2201 3676 2453 3730 dendam
2480 3680 2697 3732 sancta
2717 3676 3025 3732 Trinitatis
3046 3695 3222 3733 unam
3238 3685 3532 3747 naturam,
3548 3687 3787 3746 unamque

2200 3764 2472 3819 virtutem
2501 3782 2515 3832 ;
2542 3770 2752 3819 uteum
2782 3782 2815 3819 a
2840 3783 2951 3836 quo
2976 3766 3164 3823 doceri
3193 3771 3491 3841 apostolos
3522 3771 3574 3823 in
3603 3777 3789 3823 omnem

2199 3854 2525 3923 veritatem,
2549 3853 2677 3926 ipso
2703 3854 3055 3924 praedicante
3080 3856 3401 3929 Salvatore,
3428 3862 3787 3919 constaret,ne-

2200 3958 2295 3998 mo
2329 3942 2613 3998 minorem
2647 3942 2814 3997 Patre
2844 3949 2902 3998 et
2931 3944 3076 4000 Filio
3108 3945 3485 4019 aliquatenus
3507 3944 3785 4002 aestimaret.

2197 4033 2322 4086 Non
2340 4036 2429 4087 est
2452 4031 2542 4087 hic
2560 4031 2741 4103 igitur
2762 4032 2998 4104 aliquod
3013 4034 3295 4090 indicium
3313 4034 3695 4108 subjectionis,
3714 4025 3784 4083 ubi

2198 4121 2618 4179 manifestatur
2639 4121 2836 4176 unitas
2861 4122 3148 4179 naturalis
3173 4127 3303 4191 ;sed
3338 4120 3785 4191 Christus,quiesl

2193 4229 2331 4268 vera
2361 4209 2685 4281 Sapientia,
2714 4208 2875 4265 illius
2906 4212 3183 4266 adventui
3210 4213 3444 4285 plenam
3468 4209 3699 4269 veritatis
3719 4208 3782 4259 in-

2194 4301 2425 4356 venitur
2439 4314 2769 4354 reservasse
2793 4300 3145 4368 doctrinam,
3170 4303 3343 4373 cujus
3371 4319 3538 4359 unam
3555 4312 3723 4356 secum
3743 4294 3783 4345 et

2192 4406 2324 4444 cum
2351 4387 2517 4443 Patre
2536 4387 2765 4441 volebat
2795 4388 3200 4445 demonstrare
3232 4392 3632 4447 substantiam.
3656 4378 3782 4450 Quod

2191 4476 2695 4549 subsequentibus
2725 4476 2915 4531 verbis
2950 4480 3225 4545 ostendit,
3261 4480 3463 4536 dicens
3493 4498 3511 4534 :
3538 4480 3639 4534 Non
3667 4472 3779 4529 enim

2195 4569 2444 4639 loquetur
2471 4582 2505 4619 a
2532 4566 2841 4636 semetipso,
2872 4566 2967 4620 sed
2983 4584 3320 4641 quacunque
3347 4571 3535 4625 audiet
3552 4567 3776 4636 loquetuf,

2189 4662 2239 4713 et
2267 4670 2392 4728 quae
2411 4663 2648 4710 ventura
2663 4663 2792 4710 sunt
2810 4656 3169 4712 annuntiabit
3186 4659 3354 4715 vobis.
3386 4656 3490 4715 Ille
3516 4671 3595 4710 me
3619 4647 3779 4715 clariﬁ-

2188 4746 2355 4811 cabit,
2376 4744 2509 4815 quia
2525 4742 2591 4797 de
2612 4758 2729 4798 meo
2750 4745 2999 4814 accipiet,
3025 4749 3077 4800 et
3095 4747 3459 4803 annuntiabit
3476 4744 3616 4801 vobis
3632 4740 3773 4809 (toan.

2187 4831 2534 4902 xv1,43,14).
2552 4831 2691 4887 Ecce
2710 4832 2965 4903 primum
2988 4835 3244 4889 ostendit
3259 4854 3371 4891 non
3388 4822 3773 4899 essealiaSpiri-

2188 4928 2286 4980 tus
2344 4919 2531 4977 sancti
2584 4936 2757 4992 quam
2820 4938 2947 4992 qua:
2981 4927 3121 4977 sunt
3152 4924 3309 4979 610
3342 4923 3481 4979 Filii.
3515 4916 3699 4977 Deinde
3724 4912 3771 4964 ut

2188 5012 2521 5069 ostenderet
2552 5009 2751 5064 omnia
2773 5026 2880 5064 sua
2911 5027 3040 5066 esse
3071 5028 3203 5084 quae
3234 5012 3416 5069 Patris
3446 4999 3769 5074 sunt,adjecit

2187 5104 2256 5173 (υ.
2294 5100 2381 5170 15)
2408 5117 2421 5153 :
2472 5096 2669 5153 Omnia
2719 5112 3062 5170 quemque
3093 5102 3257 5156 habet
3287 5103 3468 5171 Pater,
3500 5112 3606 5153 mea
3630 5092 3766 5147 sunt:

2181 5193 2476 5261 prapterea
2498 5186 2622 5240 dixi
2641 5185 2775 5257 quia
2796 5187 2862 5243 de
2884 5203 3004 5241 meo
3028 5192 3335 5255 accipiet,et
3356 5183 3765 5244 annuntiabitvo-
3824 5236 3825 5261 ἢ

2185 5280 2283 5335 bis.
2308 5275 2454 5331 Illud
2483 5275 2664 5346 igitur
2682 5275 2959 5346 primitus
2983 5276 3534 5350 attendamus,quod
3556 5272 3629 5329 ait
3648 5266 3763 5323 :Non

2181 5370 2329 5426 enim
2362 5367 2617 5436 loquetur
2646 5381 2680 5419 a
2710 5368 3017 5436 semetipso,
3045 5367 3137 5422 sed
3164 5381 3493 5440 quacunque
3518 5359 3679 5418 audiet
3702 5353 3760 5405 ιο·
3822 5370 3823 5437 γ

2181 5453 2547 5533 quetur.Quis
2561 5460 2752 5508 autem
2768 5455 3204 5527 comprehendit
3221 5457 3408 5529 qualis
3422 5457 3493 5511 sit
3506 5444 3761 5533 illiussimf

2181 5532 2347 5623 plicis
2391 5552 2611 5599 natura
2653 5542 2891 5609 locutio,
2921 5544 3007 5599 vel
3028 5545 3217 5615 qualis
3248 5540 3614 5605 audito?Ubi,
3641 5532 3758 5590 sicut

2179 5654 2294 5696 non
2327 5639 2417 5691 est
2447 5630 2606 5689 aliud
2638 5648 2864 5704 sapere,
2886 5631 2971 5688 vel
3005 5632 3173 5702 scire,
3209 5650 3380 5708 quam
3411 5648 3550 5700 esse,
3576 5629 3643 5683 ita
3667 5631 3753 5677 non

3814 5774 3817 5905 Ι
