3918 6222
457 315 579 378 783

1460 317 1527 377 S.
1575 307 1994 379 FULGENTII
2043 305 2399 378 EPISCOPI
2445 318 2873 382 llUSPENSIS
3692 327 3775 386 ’184

454 447 650 506 lorum
682 449 752 504 de
784 448 1161 505 credentibus
1191 449 1414 504 dictum
1449 452 1560 520 est,
1593 447 1732 520 quia
1760 444 2109 516 repletisunl
2137 443 2188 508 Α
2225 446 2568 521 Unigenitus
2583 453 2882 521 dicitur,in
2899 453 3020 509 solo
3035 453 3773 527 naturalisgeneraliodemon—

456 558 641 598 omnes
672 541 885 612 Spiritu
914 545 1102 596 sancto
1152 540 1514 612 loquebantur
1569 539 1792 595 verbum
1832 536 1930 592 Dei
1975 550 2100 590 cum

455 630 660 702 ﬁducia
690 631 828 700 (Act.
862 647 938 696 ιν,
970 631 1081 700 31).
1131 630 1278 694 Quia
1308 647 1442 686 vero
1493 635 1660 684 Pater
1691 631 1780 683 est
1811 624 2100 681 naturalis

453 721 614 789 origo
645 720 772 776 Filii
794 724 852 776 et
880 720 1134 791 Spiritus
1155 721 1361 790 sancti,
1388 722 1515 777 ideo
1537 717 1902 788 totumPatri
1919 715 2100 770 Filius

453 810 894 882 assignans,ait:
927 809 1123 865 Omnia
1145 824 1270 882 qum
1290 811 1449 865 habet
1467 811 1636 865 Pater
1655 825 1778 862 mea
1798 815 1925 861 sunt
1952 819 2100 876 ;pro-

449 907 640 969 pterea
655 901 772 955 diei
792 901 924 970 quia
941 898 1010 954 de
1037 915 1153 956 meo
1175 901 1412 970 accipiet
1441 901 1622 970 (Joan.
1641 913 1756 964 xv1,
1783 897 1891 964 15).
1912 897 2095 959 Quam

449 989 596 1046 bene
627 989 928 1044 veritatem
961 988 1237 1044 doctrina:
1268 1005 1389 1044 suae
1426 989 1647 1044 Veritas
1678 987 1807 1058 ipsa
1826 982 2095 1041 servavit:

447 1077 506 1134 Si
538 1078 694 1134 enim
725 1077 836 1133 hoc
862 1094 976 1134 non
1011 1077 1275 1142 dixisset,
1309 1077 1480 1148 quasi
1513 1092 1688 1132 suum
1719 1091 1847 1131 esse
1871 1077 2095 1128 tantum

444 1168 726 1241 Spiritum
759 1168 1136 1236 ostendisset;
1173 1169 1274 1224 sed
1311 1169 1537 1236 dicens,
1561 1169 1748 1224 omnia
1777 1180 1902 1237 quae
1936 1164 2098 1219 habet

443 1260 608 1314 Pater
637 1274 760 1313 mea
780 1262 910 1312 sunt
941 1277 955 1326 ;
987 1261 1278 1328 propterea
1305 1257 1431 1312 dixi
1451 1273 1583 1328 quia
1606 1257 1677 1310 de
1697 1270 1816 1310 meo
1845 1256 2095 1325 accipiet;

444 1347 643 1420 ipsum
661 1347 945 1419 Spiritum
970 1353 1264 1415 sanctum,
1300 1363 1482 1403 unum
1502 1345 1969 1402 esseostenditet
1991 1345 2096 1399 Pa-

445 1435 554 1492 tris
583 1442 638 1491 et
671 1452 864 1490 suum.
887 1436 1069 1505 Cujus
1093 1435 1502 1509 intelligentiae
1524 1440 1783 1490 tenorem
1811 1434 1934 1488 loco
1958 1450 2098 1505 quo-

444 1541 558 1595 que
606 1525 910 1595 superiore
949 1524 1217 1594 servavit,
1262 1524 1504 1581 dicens:
1547 1524 1864 1579 Paracletus
1910 1527 2094 1578 autem

445 1614 687 1685 Spiritus
708 1617 928 1670 sanctus
951 1629 1109 1684 quem
1137 1615 1492 1668 mittetPater
1513 1615 1568 1667 in
1589 1615 1812 1668 nomine
1837 1627 1975 1678 meo,
2000 1612 2096 1667 ille

442 1719 534 1759 vos
555 1703 772 1759 docebit
794 1705 981 1758 omnia
1009 1717 1348 1775 quaecunque
1363 1703 1486 1758 dixe
1497 1720 1560 1757 ro
1591 1701 1742 1758 vobis
1764 1703 1943 1774 (Joan.
1974 1719 2092 1768 xxv,

2209 542 2334 594 retu
2409 557 2456 605 r,
2487 545 2683 596 tamen
2708 548 2943 614 propter
2958 543 3202 614 gratiam
3223 544 3535 616 adoptionis
3558 563 3648 601 nos
3666 565 3768 619 quo-

2210 643 2321 699 que
2352 628 2506 686 Deus
2535 631 2704 686 Pater
2732 633 3046 688 voluntarie
3062 631 3252 703 genuit
3271 633 3421 690 verbo
3442 635 3656 690 veritatis
3671 639 3768 707 (lac.

2210 733 2250 785 ι,
2283 718 2391 789 t8).
2422 718 2775 789 Unigenitus
2799 721 2998 793 igitur,
3024 739 3176 777 unus
3193 729 3252 777 et
3275 722 3520 779 solusest
3537 725 3771 782 de~Patris

2207 807 2464 863 essentia
2497 809 2679 866 Filius
2713 815 2906 866 natus:
2933 813 3030 866 sed
3059 816 3112 865 et
3143 828 3248 866 nos
3270 828 3370 884 per
3398 811 3717 884 adeptionem
3734 820 3773 870 et

2213 896 2338 952 Filii
2360 897 2459 953 Dei
2477 899 2508 952 d
2522 899 2884 954 icimuretde
2902 899 3018 955 Deo
3035 900 3175 971 nati,
3199 900 3364 955 beato
3383 901 3775 972 Evangelistadi-

2209 988 2677 1060 cente:Quotquot
2704 993 2892 1045 autem
2922 1003 3243 1061 receperunt
3281 990 3558 1056 eum,dedit
3584 993 3649 1047 eis
3663 996 3770 1062 pote-

2207 1083 2408 1132 statem
2431 1077 2577 1148 ﬁlios
2605 1080 2708 1134 Dei
2728 1077 2878 1146 ﬁeri,
2905 1077 2994 1134 his
3014 1080 3113 1151 qui
3130 1079 3360 1135 credunt
3382 1083 3439 1134 in
3460 1082 3653 1136 nomine
3667 1081 3769 1151 ejus,

2206 1167 2304 1238 qui
2330 1183 2438 1222 non
2469 1183 2542 1222 ea:
2568 1167 2958 1238 sanguinibus,
2993 1185 3166 1240 neque
3211 1185 3280 1224 ea:
3323 1169 3577 1226 voluntate
3613 1169 3772 1234 carnis,

2206 1273 2382 1330 neque
2407 1273 2478 1313 ea:
2506 1257 2797 1314 voluntate
2824 1261 2936 1314 viri
2955 1263 3053 1314 sed
3071 1275 3143 1314 ea:
3167 1261 3268 1316 Deo
3293 1261 3409 1315 nati
3432 1269 3548 1315 sunt
3575 1261 3717 1330 (toan.
3741 1275 3770 1327 ι,

2207 1350 2296 1416 12,
2327 1348 2432 1416 13).
2463 1347 2606 1404 Cum
2626 1363 2762 1421 ergo
2795 1365 2902 1404 nos
2921 1354 2978 1403 et
3001 1349 3100 1405 Dei
3120 1349 3440 1416 ﬁlios,etde
3455 1343 3554 1405 Deo
3573 1350 3768 1422 genitos,

2205 1439 2342 1492 etde
2377 1439 2486 1493 Deo
2514 1443 2706 1506 natos,
2723 1437 2940 1494 divinis
2954 1440 3299 1495 ostendatur
3317 1439 3567 1512 eloquiis,
3589 1454 3768 1512 proces-

2205 1524 2390 1581 sionis
2417 1532 2607 1582 tamen
2643 1527 2714 1581 de
2749 1531 2862 1583 Deo
2888 1527 3238 1584 vocabulum
3259 1545 3424 1584 nemo
3455 1532 3624 1600 potest
3645 1542 3768 1582 crea-

2206 1621 2345 1668 turae
2370 1615 2641 1686 cuiquam
2669 1615 2876 1672 docere
2899 1632 3267 1672 concessum.
3293 1613 3771 1681 BIBQuiditamisi

2205 1700 2343 1772 quia
2361 1702 2725 1772 unigenitum
2743 1702 2951 1758 Filium
2970 1708 3162 1775 potest
3179 1704 3455 1759 naturalis
3471 1702 3772 1758 nativitasve—

440 1793 554 1864 26).
591 1797 752 1847 Pater
774 1792 974 1859 mittit,
1001 1791 1104 1847 sed
1126 1792 1184 1847 in
1213 1792 1450 1847 nomine
1473 1791 1600 1848 Filii
1624 1792 1824 1859 mittit;
1845 1791 2096 1863 Spiritus
2127 1796 2173 1860 Β
2205 1807 2335 1845 rnm
2371 1791 2555 1846 Deum
2588 1793 2917 1858 ostendere;
2941 1809 3197 1865 eumque
3231 1811 3339 1848 non
3369 1793 3766 1865 adoptivum,nec

443 1884 664 1938 missus
686 1901 714 1936 a
737 1886 904 1938 Patre
931 1882 1120 1950 docet,
1137 1882 1236 1937 sed
1268 1883 1449 1937 Filius
1465 1882 1609 1938 dicit
1635 1883 1779 1936 :Hoc
1809 1882 1984 1937 etiam
2005 1881 2104 1937 illo

446 1973 891 2028 demonstratur
907 1971 1033 2028 loco
1057 1971 1139 2026 ibi
1165 1971 1451 2027 Dominus
1469 1972 1634 2027 dicit:
1670 1973 1806 2027 Cum
1821 1981 2006 2027 autem
2021 1987 2104 2026 ve-

444 2063 593 2118 nerit
623 2062 943 2117 Paracletus
963 2077 1122 2133 quem
1142 2077 1246 2134 ego
1267 2061 1484 2116 mittam
1507 2063 1564 2115 in
1586 2077 1676 2116 vos
1695 2078 1729 2114 a
1763 2067 1952 2125 Patre,
1986 2053 2108 2130 Sps!

449 2152 621 2207 ritum
652 2150 924 2219 veritatis,
970 2152 1070 2222 qui
1114 2167 1148 2206 a
1176 2151 1342 2206 Patre
1371 2150 1610 2220 procedit
1660 2150 1836 2220 (Joan.
1871 2165 1960 2216 xv,
1987 2149 2099 2220 26).

450 2241 594 2298 Ecce
625 2239 720 2294 hic
753 2237 1117 2294 Paracletum
1149 2255 1322 2310 quem
1354 2237 1536 2293 mittit
1573 2242 1742 2294 Pater
1768 2237 1829 2292 in
1864 2238 2102 2293 nomine

454 2327 608 2394 Filii,
637 2327 832 2399 ipsum
861 2326 1040 2381 mittit
1065 2327 1243 2382 Filius
1267 2327 1480 2382 aPatre
1505 2344 1518 2382 :
1540 2327 1716 2381 mittit
1735 2332 1928 2382 autem
1953 2345 1982 2380 a
2001 2331 2103 2382 Pa-

457 2419 547 2471 tre
577 2416 862 2488 Spiritum
884 2415 1181 2472 veritatis:
1209 2415 1388 2470 mittit
1408 2431 1544 2486 ergo
1567 2432 1600 2470 a
1631 2415 2099 2487 PatreﬁSpiritum

461 2520 660 2574 suum,
691 2505 829 2576 quia
860 2505 983 2576 ipse
1001 2509 1091 2560 est
1113 2504 1355 2559 Veritas.
1385 2503 1554 2558 Mittit
1573 2521 1706 2559 eum
1731 2503 1901 2559 Pater
1922 2505 1978 2560 in
2004 2523 2103 2561 no-

460 2593 618 2649 mine
634 2592 932 2664 Filii,quia
945 2609 1099 2648 unus
1113 2592 1362 2663 Spiritus
1384 2598 1472 2648 est
1486 2593 1673 2649 Patris
1689 2599 1745 2648 et
1765 2593 2100 2650 Filiizmittit

455 2697 591 2738 eum
609 2681 791 2738 Filius
813 2699 845 2738 a
868 2681 1205 2752 Patre,quia
1221 2682 1304 2736 sic
1319 2682 1580 2754 procedit
1599 2700 1632 2737 a
1655 2682 1795 2738 Filio
1810 2683 1959 2739 sicut
1976 2701 2101 2755 pro-

453 2771 609 2827 cedit
637 2787 671 2826 a
706 2770 891 2826 Patre:
922 2771 1074 2825 idem
1099 2787 1328 2843 quoque
1353 2771 1608 2842 Spiritus
1626 2774 1834 2840 Patris,
1859 2773 1958 2844 qui
1976 2773 2098 2844 Spi-

452 2861 604 2916 ritus
624 2864 714 2916 est
745 2851 1046 2916 Veritatis.
1080 2859 1160 2915 De
1193 2860 1338 2916 Filio
1369 2861 1465 2930 (al.
1492 2860 1571 2915 De
1595 2861 1747 2932 Filii)
1769 2879 1904 2934 ergo
1931 2879 2088 2918 acce-

446 2949 552 3022 pit,
567 2948 831 3005 etomnia
846 2965 973 3021 quae
992 2948 1168 3004 habet
1187 2948 1354 3004 Pater
1375 2949 1500 3004 Filii
1521 2958 1679 3016 sunt,
1700 2967 1826 3022 quas
1843 2951 2092 3023 Spiritus

441 3043 686 3096 sanctus
717 3038 960 3110 accepit;
984 3037 1124 3110 quia
1146 3055 1261 3094 non
1285 3038 1356 3093 de
1376 3037 1500 3094 solo
1523 3040 1714 3104 Patre,
1742 3056 1844 3094 nec
1874 3041 1943 3095 de
1965 3041 2089 3097 solo

2211 1880 2456 1935 diversae
2471 1885 2606 1934 natu
2617 1882 2816 1948 rm,sed
2841 1881 3398 1937 consubstantialem
3418 1883 3550 1936 Patri
3568 1880 3670 1936 sine
3688 1879 3769 1934 du-

2213 1968 2495 2024 bitatione
2529 1970 2886 2025 monstrare?
2916 1971 3230 2026 Procedere
3261 1977 3446 2026 autem
3477 1971 3540 2026 de
3562 1970 3657 2025 Deo
3675 1969 3769 2023 ideo

2212 2057 2375 2111 nulla
2405 2063 2673 2113 creatura
2701 2058 2936 2127 dicitur,
2966 2065 3029 2113 ut
3059 2059 3157 2114 ille
3181 2060 3278 2132 qui
3311 2059 3627 2132 proceditde
3645 2057 3771 2112 Patre

2211 2151 2268 2201 et
2299 2147 2442 2202 Filio
2459 2147 2542 2202 sic
2563 2163 2690 2203 esse
2713 2149 2987 2202 credatur
3003 2148 3186 2216 Dens,
3210 2149 3358 2205 sicut
3378 2154 3459 2205 est
3478 2147 3624 2202 Pater
3637 2152 3682 2200 et
3701 2145 3770 2200 Fi-

2206 2234 2542 2293 lius.Solius
2573 2241 2660 2292 est
2689 2237 2843 2292 enim
2877 2236 3130 2308 Spiritus
3146 2239 3412 2295 sanctide
3439 2238 3581 2293 Patre
3599 2241 3645 2290 et
3661 2232 3770 2287 Filio

2210 2325 2534 2396 proprietas
2558 2326 2671 2381 ista
2693 2326 3108 2398 processionis,
3142 2329 3315 2399 cujus
3342 2330 3425 2383 est
3447 2342 3559 2382 cum
3583 2325 3717 2380 Patre
3731 2324 3772 2375 et

2209 2415 2350 2470 Filio
2383 2421 2595 2470 natura
2623 2414 2975 2470 communis.
3013 2417 3088 2471 De
3139 2417 3302 2472 Patre
3353 2418 3541 2488 quippe
3577 2429 3632 2468 ac
3658 2409 3770 2467 Filio

2209 2505 2485 2577 procedit,
2519 2505 2619 2559 sed
2655 2521 2768 2559 non
2801 2505 3040 2560 recedit:
3084 2522 3194 2561 nec
3225 2510 3312 2562 est
3339 2505 3394 2560 in
3424 2504 3590 2573 aliquo
3625 2500 3770 2557 minor

2207 2599 2311 2648 aut
2342 2593 2638 2660 subditus,
2659 2593 2759 2664 qui
2785 2597 2853 2648 de
2886 2594 3181 2651 immenso
3205 2600 3368 2650 Patre
3386 2611 3447 2649 ac
3467 2591 3767 2646 deimmenso

2205 2682 2346 2738 Filio
2377 2682 2847 2755 inseparabiliter
2875 2687 2932 2738 et
2981 2700 3138 2740 unus
3171 2683 3423 2758 procedit
3448 2686 3500 2738 et
3524 2685 3672 2736 totus.
3697 2675 3765 2732 Sic

2205 2770 2384 2842 igitur
2413 2771 2464 2824 ei
2490 2788 2603 2825 non
2629 2776 2820 2843 potest
2842 2771 3119 2844 imperari
3149 2773 3308 2844 quod
3331 2771 3582 2844 loquitur,
3600 2763 3764 2821 sicutei

2205 2877 2317 2916 non
2337 2864 2524 2932 potest
2537 2860 2810 2932 imperari
2825 2861 2980 2932 quod
2997 2862 3143 2916 mira
3155 2862 3341 2918 biliter
3353 2863 3567 2933 Operatu
3577 2874 3612 2911 r.
3621 2854 3766 2912 Omnia

2201 2950 2357 3005 enim
2389 2957 2648 3021 operatur
2668 2965 2812 3005 unus
2831 2958 2992 3021 atque
3017 2949 3164 3006 idem
3182 2953 3416 3022 Spiritus
3433 2948 3652 3003 dividens
3676 2942 3764 2997 sin-

2199 3040 2345 3110 gulis
2372 3043 2535 3110 prout
2556 3040 2674 3094 vult
2703 3040 2752 3110 (l
2771 3039 2892 3094 Cor.
2925 3055 3026 3109 xu,
3061 3040 3173 3110 11).
3200 3045 3319 3096 Non
3343 3039 3523 3110 itaque
3543 3029 3762 3101 lacitSpi-

439 3129 606 3196 Filio,
639 3129 740 3184 sed
765 3128 943 3184 simul
967 3127 1038 3182 de
1063 3132 1310 3199 utroque
1333 3129 1610 3200 procedit.
1635 3134 1754 3184 Hoc
1775 3133 1969 3185 autem
1995 3148 2085 3187 νο·
2112 3156 2162 3228 c
2201 3129 2350 3184 ritus
2364 3133 2604 3184 sanctus
2619 3129 2836 3200 aliquid
2853 3129 3096 3184 alterius
3139 3115 3762 3228 potestatisimperiozsed

439 3219 712 3275 sabulum
745 3217 1137 3290 processionis
1166 3219 1238 3274 de
1253 3217 1440 3283 Patre.
1465 3219 1610 3274 nulli
1635 3221 2087 3277 creaturaeinve—

440 3304 1014 3375 niturindultum;ut
1029 3305 1352 3378 proprietas
1372 3307 1484 3364 ista
1499 3308 1885 3380 processionis
1904 3309 2087 3368 solius

439 3397 1295 3454 essedemonstreturessentie
1311 3397 1616 3454 naturalis.
1642 3397 1907 3470 Legimus
1929 3401 2085 3457 enim

439 3485 650 3542 Filium
683 3485 755 3540 de
788 3484 953 3540 Patre
983 3484 1271 3557 genitum,
1303 3491 1362 3542 et
1400 3487 1674 3559 quamvis
1722 3487 1780 3542 in
1831 3504 1898 3544 eo
1929 3491 2086 3562 quod

2167 3215 2386 3272 lomnla
2401 3234 2518 3272 suae
2533 3222 2769 3288 operatu
2781 3213 3759 3273 rarbitriovoluntatis.Unaestautem

2196 3313 2410 3363 sanctae
2443 3307 2750 3364 Trinitatis
2780 3307 3068 3377 voluntas,
3100 3325 3334 3381 unaque
3360 3309 3606 3378 potestas,
3626 3297 3754 3369 cujus

2199 3412 2315 3452 una
2344 3401 2434 3452 est
2458 3396 2800 3453 naturaliter
2827 3395 3128 3454 divinitas.

3325 3612 3736 3637 ,Μ

871 3695 992 3751 EX
1028 3695 1299 3752 LIBRO
1341 3693 1534 3751 VIII.
1575 3697 1685 3752 DE
1725 3697 2161 3754 MISSIONB
2199 3697 2409 3754 PILII
2445 3697 2556 3754 ET
2597 3696 3011 3753 SPIRI'I‘US
3055 3698 3404 3755 SANC'I‘I.

866 3817 1366 3874 FRAGMENTUM
1404 3818 1650 3874 XXVIII.

437 3907 617 3964 Unam
630 3904 792 3960 habet
819 3907 1060 3961 Trinitas
1087 3911 1142 3961 et
1160 3906 1489 3961 locutionem
1511 3906 1566 3962 ei
1585 3908 1941 3964 voluntatem.
1967 3909 2084 3964 Non

501 3976 754 4050 mittitur
781 3977 1018 4050 Spiritus
1055 3983 1276 4050 sanctus
1303 3979 1659 4050 swutangeli
1691 3998 1703 4036 :
1735 3997 1880 4035 unus
1902 3986 2002 4044 est,
2030 3988 2084 4036 et

503 4048 828 4122 immensus.
859 4051 1032 4122 Datur
1065 4048 1337 4122 baptisma
1385 4048 1560 4104 etiam
1603 4054 1662 4106 in
1690 4052 1807 4122 ejus
1836 4053 2080 4110 nomine.

505 4121 622 4176 Non
652 4121 856 4178 recedit
885 4121 953 4176 ab
978 4120 1052 4192 iis
1099 4119 1198 4192 qui
1235 4137 1360 4176 eum
1385 4122 1672 4190 postulant
1713 4119 1791 4176 art
1820 4140 1877 4179 se
1903 4124 2080 4180 mitti.

505 4192 644 4262 Quid
669 4195 806 4263 petit
835 4191 1078 4248 Ecclesia
1107 4191 1232 4248 cum
1264 4195 1538 4264 Spiritum
1566 4203 1816 4249 sanctum
1845 4197 1999 4264 petit.

505 4281 620 4340 Nec
652 4281 778 4338 ideo
811 4281 1066 4353 Spiritus
1091 4279 1352 4354 proditor
1371 4287 1460 4337 est
1483 4283 1687 4338 secreti
1711 4282 1918 4352 divini,
1941 4283 2081 4355 quia

434 4387 562 4443 quas
590 4371 752 4440 dicit,
786 4371 1020 4444 propria
1041 4370 1340 4426 voluntate
1363 4371 1522 4426 dicit.
1550 4371 1674 4427 Una
1694 4372 1849 4428 enim
1874 4377 2080 4429 sancta

429 4459 685 4518 Trinitas
701 4476 878 4516 unam
894 4476 1127 4532 semper
1139 4459 1318 4515 habet
1334 4459 1878 4530 locutionem,sicut
1900 4479 2078 4519 unam

431 4549 603 4604 habet
634 4565 736 4620 per
754 4549 956 4604 omnia
976 4527 1338 4604 voluntatem
1363 4566 1376 4605 :
1405 4557 1460 4606 et
1488 4550 1546 4604 in
1574 4566 1640 4606 eo
1672 4527 1827 4622 quod
1856 4568 1889 4606 a
1908 4551 2064 4609 Patre

2200 4543 2468 4597 "ationum
2495 4549 2644 4607 sunt,
2672 4541 2814 4596 idem
2835 4557 2965 4597 vero
2985 4541 3145 4606 Deus,
3174 4542 3271 4614 qui
3292 4547 3540 4613 operatur
3557 4527 3710 4640 omniq

2343 4630 2373 4640 ..
2487 4628 2598 4640 .....
2849 4630 2862 4640 .
2941 4631 3177 4640 ..-._
3345 4629 3358 4640 .
3527 4620 3678 4640 η--.

427 4653 493 4690 ac
523 4635 666 4690 Filio
688 4637 842 4704 quod
873 4636 1134 4707 loquitur
1149 4637 1314 4693 audit
1333 4637 1582 4710 Spiritus
1605 4645 1866 4709 sanctus,
1891 4639 2076 4697 solius

425 4727 516 4780 est
546 4722 816 4796 originis,
847 4740 962 4778 non
988 4725 1308 4796 cujuslibet
1331 4727 1744 4800 inaequalitatis
1769 4728 2074 4786 indicium.

423 4813 548 4880 Quo
566 4811 771 4885 utique
796 4829 908 4868 non
933 4812 1262 4870 ostenditur
1285 4815 1374 4871 cui
1403 4817 2074 4889 obtemperetsubditus,

422 4903 524 4958 sed
547 4901 702 4959 unde
720 4901 996 4974 procedat
1017 4901 1302 4960 excelsus.
1328 4907 1374 4957 Μ
1385 4904 1658 4960 issionem
1682 4921 1814 4962 vero
1827 4906 2076 4977 Spiritus

422 4991 607 5050 sancti
625 4991 882 5048 nullaten
896 5008 963 5047 us
977 4990 1233 5048 similem
1250 4992 1964 5051 missionibusaestimares
1978 5012 2076 5052 an-

2195 3825 2337 3877 turze
2364 3836 2704 3892 congruere:
2743 3824 2804 3875 ut
2855 3836 2924 3875 ex
2954 3819 3048 3877 his
3097 3823 3371 3877 omnibus
3417 3821 3558 3875 recta
3607 3807 3762 3868 tibide

2193 3910 2472 3965 missione
2502 3909 2757 3981 Spiritus
2789 3908 2975 3965 sancti
3003 3916 3202 3981 posset
3225 3906 3580 3981 intelligentia
3599 3899 3762 3958 suifra-

2191 3999 2335 4071 gari.
2358 3999 2477 4069 ltaq
2489 4016 2557 4053 ue
2577 4015 2692 4052 non
2715 4001 2770 4052 te
2791 3999 2963 4053 credo
2990 3998 3365 4070 aliquatenus
3381 3982 3763 4058 dubitare,qn0d

2193 4088 2344 4143 sicut
2376 4103 2529 4142 unus
2565 4090 2756 4154 Pater,
2790 4090 2846 4142 et
2875 4103 3030 4141 unus
3061 4087 3267 4158 Filius,
3295 4089 3377 4144 sic
3407 4092 3461 4141 et
3489 4097 3622 4139 unus
3646 4073 3763 4132 BH

2190 4175 2443 4248 Spiritus
2459 4181 2701 4232 sanctus
2714 4176 2928 4232 divinis
2941 4177 3160 4248 ubique
3209 4163 3760 4250 predicetureloquiist

2191 4264 2416 4319 dicente
2449 4266 2614 4319 beato
2645 4264 2920 4336 Apostols
2951 4281 2966 4319 :
3006 4267 3313 4322 Divisiones
3355 4279 3471 4321 vero
3516 4258 3765 4342 gratiarum

2188 4362 2336 4422 sunt,
2369 4355 2520 4410 idem
2550 4361 2734 4410 autem
2765 4354 3008 4425 Spiritus
3037 4364 3089 4410 et
3120 4357 3420 4411 diresiones
3458 4342 3764 4405 ministratio-

2186 4468 2320 4506 num
2349 4439 2478 4507 sunt
2508 4450 2674 4517 idem,
2709 4462 2893 4507 autem
2928 4453 3200 4510 Dominus
3231 4471 3245 4511 :
3279 4462 3332 4509 et
3381 4446 3648 4506 divisiones
3671 4449 3766 4534 ᾳρς-

3723 4535 3765 4576 ιιι

2198 4630 2454 4685 omnibus
2483 4630 2529 4697 (Ι
2551 4628 2672 4684 Cor;
2704 4645 2805 4694 xu,
2838 4630 2889 4698 4,
2939 4631 2994 4698 5,
3025 4631 3100 4702 6).
3134 4611 3198 4687 Et
3230 4611 3397 4701 paulo
3427 4627 3546 4698 post
3568 4624 3632 4692 (υ.
3664 4611 3762 4681 “li

2184 4720 2311 4776 Haec
2337 4727 2520 4774 autem
2543 4718 2729 4774 omnia
2746 4727 3007 4790 operatur
3033 4736 3181 4775 unus
3209 4729 3367 4792 atque
3385 4719 3523 4772 idem
3550 4706 3762 4799 Spiritlf.

2183 4808 2438 4864 dividens
2464 4808 2708 4877 singulis
2731 4813 2898 4880 prout
2911 4809 3048 4863 vult.
3068 4807 3150 4866 Ne
3168 4825 3302 4864 vero
3323 4807 3414 4862 bio
3431 4793 3762 4873 singuladivi-

2184 4897 2418 4952 dentem
2448 4895 2733 4967 Spiritum
2765 4903 3031 4953 sanctum
3067 4899 3327 4969 accipere
3357 4893 3518 4957 nolis,
3540 4893 3592 4945 et
3618 4881 3759 4969 aliaat

2181 4985 2287 5041 tibi
2317 4962 2600 5056 Spiritum
2635 4985 2974 5055 susciperis,
3027 4987 3162 5042 audi
3193 4962 3330 5058 quid
3363 4985 3418 5039 in
3465 4970 3683 5051 Epistola
3704 4962 3756 5020 ad

421 5081 646 5156 gelicls,
681 5082 732 5138 si
758 5081 968 5137 humili
997 5081 1171 5138 corde
1196 5083 1307 5138 ista
1330 5097 1642 5153 quaereres,
1660 5087 1716 5138 et
1739 5100 1850 5138 non
1874 5101 2076 5155 super-
2185 5084 2449 5140 Hebrteos
2481 5083 2713 5139 dicatur
2736 5101 2748 5140 :
2769 5084 3119 5142 Contestante
3141 5083 3427 5152 Deosignis
3440 5085 3488 5135 et
3519 5064 3754 5149 portentis.

423 5155 535 5228 bus
568 5172 627 5228 in
659 5169 1075 5227 contumeliam
1107 5171 1296 5226 sancti
1320 5169 1575 5242 Spiritus
1599 5171 1919 5244 prosilires.
1953 5173 2072 5232 Hoc
2179 5182 2230 5230 et
2259 5172 2432 5228 variis
2460 5173 2782 5242 virtutibus,
2811 5155 3753 5245 etSpiritussanctidistributionibus,

417 5261 575 5316 enim
606 5260 851 5334 cupiens
873 5275 1152 5334 qurerere,
1177 5259 1433 5316 debuisti
1455 5258 1736 5331 quidnam
1771 5260 2071 5334 Scriptura
2177 5262 2475 5320 secundum
2504 5278 2663 5317 suam
2698 5263 3030 5319 voluntatem
3081 5263 3261 5338 (Hebr.
3313 5276 3374 5328 η,
3405 5258 3474 5328 4).
3504 5249 3614 5310 ΑΙῖο
3641 5256 3753 5317 (1⁸0⁸

415 5348 613 5405 divina
645 5348 718 5406 de
748 5353 952 5405 sancto
972 5348 1190 5419 Spiritu
1215 5347 1443 5418 dixerit,
1465 5348 1750 5418 vestigare
1781 5354 1858 5406 :et
1879 5350 2068 5423 primo
2179 5369 2291 5422 que
2323 5350 2447 5406 loco
2481 5351 2634 5406 idem
2668 5351 2872 5407 beatus
2906 5351 3217 5423 Apostolus
3249 5350 3347 5405 ait:
3389 5349 3551 5405 Unum
3575 5342 3750 5427 corrui:

419 5441 616 5492 utrum
653 5437 873 5495 multos
901 5445 1206 5504 assereret,
1241 5455 1314 5494 an
1348 5455 1530 5495 unum
1562 5457 1574 5496 :
1627 5440 1838 5496 deinde
1869 5446 2064 5498 utrum
2175 5447 2228 5499 et
2257 5457 2403 5495 unus
2429 5439 2700 5511 Spiritus,
2715 5442 2857 5496 sicut
2873 5441 3054 5497 vocati
3069 5451 3269 5498 esttstn
3286 5454 3395 5493 una
3409 5448 3496 5506 spe
3510 5423 3752 5516 vocatitvtf3

407 5524 649 5583 localem
681 5527 912 5595 dixerit,
936 5545 1010 5584 an
1043 5527 1765 5601 immensumszostremo,
1791 5531 2064 5588 conside-
2173 5535 2368 5589 vestrm
2400 5529 2616 5602 (Ephes.
2653 5546 2729 5597 IV,
2767 5531 2816 5601 4)
2871 5529 2979 5586 Ubi
3014 5527 3579 5602 uniSpiritui,unum
3601 5511 3748 5569 conti-

409 5627 549 5668 rans
581 5631 759 5687 opera
777 5617 932 5686 ejus,
966 5634 1314 5688 cognoscere
1343 5619 1601 5676 debuisti
1631 5625 1830 5677 utrum
1855 5621 2064 5678 solidi-
2173 5638 2290 5677 nuo
2317 5621 2568 5686 Patrem,
2604 5635 2786 5676 unum
2805 5621 3104 5692 copulavit
3132 5623 3188 5674 et
3219 5606 3743 5678 Filium,adjun8°°"

403 5697 632 5756 vinitati
659 5708 1015 5776 competant,
1046 5721 1121 5761 an
1137 5707 1314 5763 etiam
1345 5707 1574 5780 possint
1589 5709 1869 5782 cuiquam
1892 5726 2060 5767 crea-
2173 5713 2321 5770 Unus
2352 5709 2642 5776 Dominus,
2675 5708 2975 5765 Christum
3021 5709 3241 5790 scilicet
3289 5701 3623 5777 signiﬁcans,
3659 5695 3744 5741 τινα
