3918 6222
397 272 517 332 807

397 405 512 460 bus
542 401 714 458 dicit:
730 399 1002 458 Attendite
1019 399 1171 454 vobis
1192 403 1245 454 et
1260 397 1513 452 universo
1538 410 1719 464 gregi,
1739 391 1797 447 in
1822 406 1925 464 quo
1950 405 2037 445 vos
2067 393 2121 458 Α

395 492 638 566 Spiritus
665 494 883 546 sanctus
912 488 1094 560 posuit
1114 489 1613 559 episcopos,regere
1636 482 1930 537 Ecclesium
1958 480 2062 541 Dei

401 599 568 656 quam
597 581 899 652 acquisivit
928 579 1206 650 sanguine
1220 592 1317 632 sua
1340 572 1717 647 (Act.xx,28);
1743 571 1946 642 utique
1973 568 2062 622 hic

404 678 585 729 Deum
609 686 722 726 non
751 669 1074 739 accipimus
1099 666 1210 721 nisi
1237 668 1428 737 ipsum
1454 662 1666 718 Filium
1689 660 1820 715 Dei:
1842 657 1943 729 qui
1972 662 2059 712 ta-

400 778 531 819 men
556 776 671 816 non
694 759 1016 815 secundum
1037 761 1310 812 aeternam
1327 759 1501 826 atque
1517 748 2059 807 incommutabilem

398 852 769 909 divinitatem
801 863 996 915 suam,
1030 860 1207 918 quam
1240 845 1417 899 habet
1446 836 1951 897 incommutabilis
1992 852 2061 891 ex

396 944 587 1009 Patre,
621 940 722 996 sed
754 937 1085 995 secundum
1121 935 1551 989 humanitatem
1585 946 1702 1002 qua
1732 930 1802 983 de
1827 924 2060 997 Virgine

380 1047 574 1100 .verus
602 1030 792 1086 factus
818 1033 907 1083 est
928 1026 1124 1093 homo,
1146 1022 1497 1094 intelligitur
1519 1021 1671 1075 idem
1702 1021 1849 1073 Deus
1872 1014 2061 1070 Eccle-

403 1122 548 1180 siam
571 1119 898 1193 aequisisse
922 1116 1210 1188 sanguine
1231 1130 1358 1170 suo.
1384 1113 1510 1168 Non
1533 1126 1669 1182 ergo
1691 1109 1943 1163 dicimus
1962 1107 2057 1161 Je-

404 1228 537 1269 sum
553 1210 848 1267 Christum
864 1222 993 1262 esse
1006 1203 1395 1261 humanitatis
1409 1206 1465 1256 et
1479 1201 1662 1256 solius
1681 1197 1938 1253 hominis
1961 1212 2059 1251 no-

401 1301 662 1361 men.sed
681 1311 863 1353 unum
887 1292 1090 1350 Jesum
1118 1292 1411 1348 Christum
1436 1292 1614 1345 Deum
1636 1287 2056 1357 hominemque

401 1391 680 1455 dicimus,
712 1386 771 1441 in
791 1401 905 1455 quo
929 1385 1014 1439 sic
1035 1387 1121 1437 est
1139 1383 1209 1437 de
1233 1386 1444 1436 natura
1466 1377 1668 1434 matris
1686 1392 1821 1431 vera
1843 1381 2055 1431 natura

400 1478 682 1544 hominis,
717 1476 869 1532 sicut
900 1474 970 1528 de
1004 1478 1213 1527 natura
1248 1470 1342 1526 Dei
1369 1469 1559 1524 Patris
1585 1483 1721 1523 vera
1753 1471 1807 1522 et
1838 1472 2055 1521 aeterna

400 1569 599 1623 manet
629 1563 964 1619 substantia
995 1560 1252 1616 deitatis.
1289 1561 1418 1630 Ipse
1463 1558 1620 1612 enim
1674 1556 1774 1626 qui
1828 1554 2052 1610 Veritas

401 1662 512 1726 est,
545 1671 717 1710 verus
742 1653 926 1707 Filius
950 1655 1040 1705 est
1060 1654 1118 1704 et
1141 1650 1330 1705 Patris
1356 1656 1403 1703 et
1434 1647 1655 1711 matris,
1679 1646 1749 1701 de
1771 1661 1887 1716 quo
1910 1643 2053 1699 dicit

402 1748 609 1803 beatus
630 1744 885 1799 Joannes
901 1739 1141 1797 :Scimus
1161 1740 1292 1810 quia
1313 1738 1487 1792 Filius
1510 1736 1606 1792 Dei
1630 1735 1801 1802 venit,
1832 1738 1883 1789 et
1904 1732 2050 1789 dedit

401 1836 559 1893 nobis
583 1834 921 1891 intellectum
950 1836 1010 1887 ut
1037 1843 1425 1903 cognoscamus
1452 1843 1660 1893 verum,
1689 1834 1740 1882 et
1768 1828 1941 1881 simus
1990 1826 2047 1879 in

399 1940 525 1982 vero
554 1925 694 1981 Filio
723 1925 840 1993 eius
868 1923 992 1979 Iesu
1024 1921 1237 1976 Christo
1266 1921 1322 1988 (Ι
1342 1921 1500 1975 Ιοαη.
1532 1934 1588 1984 v,
1635 1918 1747 1979 20).
1800 1917 1867 1970 Et
1898 1930 2047 1986 quo-

401 2018 557 2072 niam
576 2030 749 2070 verus
772 2012 869 2068 Dei
895 2011 1077 2067 Filius
1096 2008 1443 2065 naturaliter
1458 2012 1612 2064 Deus
1629 2022 1800 2061 verus
1818 2009 1926 2069 est,
1947 2002 2047 2075 qui

402 2120 507 2161 nec
533 2120 700 2160 verus
735 2107 881 2158 Deus
912 2100 1144 2166 esset,si
1164 2115 1336 2154 verus
1354 2097 1533 2152 Filius
1550 2113 1610 2152 se
1632 2094 1819 2151 Patris
1837 2097 2049 2149 natura

401 2211 515 2251 non
529 2193 1020 2263 esset,propterea
1037 2188 1233 2244 statim
1250 2186 1722 2242 beatuchannes
1747 2183 1838 2252 adj
1851 2181 2011 2236 unxit
2027 2196 2046 2235 :

401 2284 500 2340 Hic
521 2287 599 2338 est
624 2297 785 2337 verus
819 2280 978 2345 Deus,
1010 2286 1063 2333 et
1087 2278 1201 2332 vita
1228 2282 1437 2331 wierna
1466 2274 1735 2346 (Ibidem).
1779 2272 1925 2327 081
1982 2270 2043 2325 1n

402 2388 470 2428 eo
502 2386 633 2425 vero
664 2370 817 2441 quod
851 2367 1117 2421 Christus
1148 2366 1241 2420 Dei
1279 2365 1482 2431 Filius,
1516 2368 1690 2417 natus
1723 2363 1793 2415 de
1824 2359 2045 2431 Spiritu

403 2464 605 2517 sancto
636 2474 703 2512 ex
729 2457 966 2528 Virgine
987 2455 1165 2509 Maria
1186 2454 1420 2516 dicitur,
1444 2468 1559 2507 non
1586 2455 1675 2507 est
1699 2450 1849 2505 alius
1872 2448 2049 2520 Spiri-

401 2554 497 2605 tus
520 2551 755 2602 sanctus
787 2561 962 2616 quam
990 2542 1337 2615 paracletus,
1370 2541 1469 2613 qui
1496 2547 1585 2595 est
1606 2555 1761 2594 unus
1782 2538 1970 2594 Patris
1992 2541 2048 2593 et

400 2638 528 2695 Filii
547 2636 816 2709 Spiritus.
847 2636 1002 2689 idem
1024 2648 1275 2704 namque
1293 2636 1380 2688 est
1396 2630 1651 2702 Spiritus
1668 2628 1927 2684 veritatis
1944 2627 2047 2699 qui

402 2746 436 2784 a
469 2727 634 2783 Patre
666 2725 925 2797 procedit
952 2724 1129 2794 (Joan.
1164 2739 1253 2787 xv,
1276 2722 1387 2792 26),
1412 2720 1511 2791 qui
1536 2718 1684 2775 solet
1708 2719 1763 2774 in
1788 2719 2049 2789 Scriptu-

404 2817 485 2872 ris
501 2817 721 2872 sanctis
733 2813 985 2885 Spiritus
1000 2819 1237 2867 sanctus
1249 2809 1683 2865 eviilentissime
1698 2808 2045 2880 nuncupari.

403 2906 548 2962 Nam
578 2909 669 2961 est
694 2903 931 2975 quidem
964 2900 1302 2956 naturaliter
1330 2906 1387 2954 et
1408 2899 1577 2954 Pater
1596 2897 1859 2971 spiritus,
1888 2903 1944 2953 et
1964 2897 2050 2952 Fi-

402 2994 520 3051 lius
547 2994 812 3067 spiritus,
837 2997 894 3048 et
911 2996 1080 3047 Pater
1096 2994 1363 3057 sanctus,
1377 2994 1435 3045 et
1460 2987 1641 3044 Filius
1663 2992 1923 3057 sanctus;
1944 2987 2044 3042 sed

403 3090 600 3143 tamen
624 3101 737 3139 non
760 3082 1056 3138 invenitur
1075 3079 1237 3136 locus
1258 3080 1315 3134 in
1340 3079 1552 3134 divinis
1577 3077 1827 3149 eloquiis
1850 3077 1907 3132 in
1930 3091 2044 3149 quo

397 3175 569 3231 Pater
600 3178 702 3229 aut
738 3172 915 3227 Filius
947 3170 1232 3238 absolute,
1345 3130 2040 3239 adjectidne
2072 3130 2124 3211 (ί

393 3262 887 3335 dicaturSpiritus
905 3265 1164 3316 sanctus.
1186 3259 1480 3331 Scriptum
1502 3264 1591 3313 est
1608 3256 2037 3328 enim:Spiritus

392 3363 470 3409 est
500 3358 642 3409 Deus
671 3354 862 3423 (Joun.
894 3367 976 3415 IV,
997 3349 1118 3421 24);
1145 3349 1246 3404 sed
1271 3349 1536 3404 additum
1556 3346 1734 3401 estibi
1754 3347 1913 3413 Deus,
1936 3345 2036 3400 ubi

391 3443 518 3499 sine
539 3443 718 3498 dubio
746 3441 915 3497 Pater
935 3438 1272 3512 agnoscitur
1294 3438 1466 3493 Deus.
1488 3437 1637 3508 Ergo
1656 3451 1787 3490 cum
1812 3435 2036 3490 Patrem

394 3536 496 3588 aut
517 3531 727 3587 Filium
748 3534 952 3585 sancta
973 3529 1273 3600 Scriptura
1297 3524 1919 3598 signiﬁcat,consuevit
1940 3532 2037 3579 aut

395 3621 680 3692 Spiritum
711 3617 1144 3683 tantummodo,
1177 3621 1279 3672 aut
1306 3623 1572 3671 sanctum
1608 3615 1818 3680 dicere,
1852 3618 1909 3668 et
1938 3618 2041 3667 aut

397 3725 607 3765 nomen
642 3708 963 3778 adjungere
990 3722 1105 3777 quo
1125 3704 1211 3760 vel
1238 3708 1408 3758 Pater
1428 3703 1515 3758 vel
1540 3702 1720 3758 Filius
1744 3703 1927 3773 possit
1948 3702 2037 3757 in-

395 3798 594 3868 telligi,
628 3801 729 3852 aut
750 3796 798 3851 si
823 3810 1031 3849 nomen
1054 3810 1165 3847 non
1190 3793 1542 3864 adjunxerit,
1567 3808 1635 3846 ex
1659 3791 2036 3862 praecedenti-

393 3887 506 3941 bus
532 3885 619 3940 vel
649 3883 1153 3954 subsequentibus
1184 3886 1536 3951 agnoscatur
1560 3884 1756 3935 utrum
1782 3880 1881 3934 uni
1905 3896 2037 3951 per-

397 3989 651 4043 sonae,an
676 3971 852 4027 simul
871 3970 981 4042 ipsi
997 3969 1850 4037 sancteTrinitati,secundum
1868 3985 2037 4041 regu-

395 4064 512 4118 lam
545 4061 754 4116 debeat
783 4075 926 4115 veraa
960 4057 1091 4112 ﬁdei
1116 4057 1396 4128 coaptari.
1421 4058 1551 4128 Ipse
1572 4061 1659 4112 est
1680 4057 1862 4127 igitur
1882 4073 2040 4112 unus

393 4152 644 4222 Spiritus
662 4148 1003 4217 sanctus,de
1023 4163 1137 4218 quo
1156 4146 1413 4201 secunda
1427 4162 1477 4199 m
1502 4160 1737 4201 carnem
1761 4152 1933 4201 natus
1950 4150 2039 4201 est

390 4239 681 4307 Christus,
714 4253 783 4295 ex
812 4255 928 4310 quo
959 4236 1303 4310 spiritaliter
1322 4236 1514 4290 omnis
1538 4233 2040 4291 renascituerri-

392 4330 641 4387 stianus.
676 4329 754 4383 Ea
786 4328 1000 4400 quippe
1034 4326 1219 4383 sancti
1244 4325 1499 4397 Spiritus
1515 4324 1722 4396 gratia,
1744 4339 1861 4394 qua
1887 4327 2037 4378 Deus

391 4418 742 4490 Unigenitus
769 4416 1049 4487 dignatus
1070 4421 1160 4470 est
1193 4413 1377 4469 Filius
1410 4413 1666 4468 hominis
1689 4411 1835 4477 ﬁeri,
1870 4411 2037 4466 nobis

392 4510 672 4565 donatum
692 4512 779 4563 est
797 4507 853 4561 in
883 4507 977 4561 Dei
1002 4507 1151 4562 ﬁlios
1175 4504 1458 4576 adoptari.
1483 4504 1605 4559 Non
1633 4507 1825 4557 autem
1847 4502 2036 4558 Trini-
2068 4517 2115 4583 Ι)

390 4597 666 4663 tatis,sed
701 4596 883 4651 solius
917 4595 1023 4650 Dei
1044 4595 1231 4650 Patris
1249 4604 1330 4650 est
1357 4593 1538 4649 Filius
1554 4594 1729 4649 Jesus
1746 4592 2037 4647 Christus:

391 4685 489 4756 qui
526 4684 728 4756 utique
758 4684 932 4755 digne
954 4683 1167 4739 dicitur
1189 4689 1515 4739 coaeternus
1538 4683 1655 4737 Deo
1680 4681 2037 4748 Patri,etiam

389 4776 627 4842 accepta
658 4787 831 4826 carne
861 4788 991 4836 sua,
1024 4771 1162 4842 quia
1193 4788 1310 4826 una
1342 4776 1432 4825 est
1462 4771 1522 4826 in
1569 4771 1668 4825 illo
1717 4770 2039 4826 divinitatis

396 4861 710 4932 carnisque
725 4874 996 4932 persona:
1013 4864 1067 4913 et
1082 4858 1208 4929 ipse
1222 4860 1319 4915 Dei
1338 4860 1522 4914 Filius
1540 4860 1639 4931 qui
1656 4859 1711 4913 in
1728 4874 2038 4930 personam

397 4952 631 5008 deitatis
663 4967 780 5008 suae
813 4950 1035 5023 accepit
1064 4965 1323 5015 carnem,
1356 4950 1700 5004 naturaliter
1735 4950 1905 5003 habet
1924 4950 2040 5005 Deo

392 5043 551 5098 Patri
582 5045 926 5098 coteternam
960 5040 1086 5095 sine
1118 5038 1286 5093 initio
1317 5040 1612 5094 deitatem.
1646 5038 1759 5092 Nec
1789 5048 1868 5093 est
1896 5038 2043 5093 alter

384 5132 636 5203 Spiritus
653 5132 1131 5201 sanctusquemin
1146 5126 1733 5184 nostrisorationibus
1746 5143 1866 5182 cum
1878 5129 2043 5183 Patre

390 5227 447 5278 et
463 5222 602 5278 Filio
630 5222 1241 5293 nominemus,prseter
1262 5236 1443 5274 unum
1470 5217 1835 5273 Paracletum
1860 5218 2044 5290 Spiri-

387 5317 547 5369 tum:
584 5329 756 5385 quem
792 5313 877 5368 sic
909 5328 1091 5367 unum
1123 5310 1403 5382 Spiritum
1439 5308 1625 5364 Patris
1652 5313 1709 5363 et
1728 5308 1855 5364 Filii
1881 5308 2045 5363 novi-

389 5406 613 5467 mus,ut
626 5400 1187 5457 consubstantialem
1203 5405 1259 5455 et
1275 5404 1522 5456 coaetern
1534 5416 1565 5454 u
1577 5415 1630 5453 m
1656 5398 1806 5453 Patri
1831 5404 1886 5454 et
1900 5398 2043 5455 Filio

391 5492 717 5547 certissime
750 5493 1104 5547 noverimus.
1128 5493 1189 5546 ln
1211 5509 1277 5547 eo
1299 5497 1491 5547 autem
1518 5506 1701 5545 unum
1729 5490 1912 5547 Deum
1936 5508 2043 5546 nos

390 5578 577 5631 colere
591 5579 1236 5649 demonstramus,quia
1251 5597 1427 5635 unam
1442 5579 1748 5636 Trinitatis
1772 5582 2046 5635 substan-

387 5664 528 5719 tiam
543 5665 836 5719 credimus
852 5672 908 5719 et
921 5668 1313 5723 fatemur.Vos
1329 5676 1525 5725 autem
1545 5669 1882 5725 nullatenus
1896 5671 2043 5727 estis

1398 263 1462 324 8.
1506 256 1926 347 πῠιαευιτη
1972 252 2330 319 EPISCOPI
2376 257 2813 329 RUSPBNSIS

2150 389 2405 447 cultores
2433 394 2606 451 unius
2626 396 2853 469 Dei,qui
2875 397 3051 457 aliam
3077 405 3373 459 naturam
3398 404 3591 461 dicitis
3608 407 3778 474 Patris,

2179 479 2351 535 aliam
2371 482 2696 553 Filii,aliam
2712 488 2963 558 Spiritus
2976 492 3269 547 sancti:et
3288 509 3425 548 cum
3450 510 3622 550 unum
3638 501 3777 550 Deum

2172 585 2285 624 non
2319 571 2544 639 colatis,
2580 592 2685 630 nec
2716 585 2830 633 tres
2859 582 3051 635 tamen
3091 582 3243 637 deos
3276 582 3503 651 colitis;
3536 585 3626 640 sed
3655 586 3774 655 quod

2170 660 2339 730 pejus
2368 666 2475 728 est,
2502 663 2641 732 quia
2661 665 2856 722 dicitis
2877 684 2977 724 vos
3000 670 3201 726 colere
3224 673 3469 744 quidem
3494 673 3630 728 duos
3649 674 3771 741 deos,

2169 749 2227 803 id
2251 753 2339 804 est
2362 754 2587 807 Patrem
2612 753 2785 810 deum
2812 758 3189 827 majorem,et
3207 759 3428 816 Filium
3450 761 3611 816 deum
3627 763 3775 817 mino.

2168 854 2290 893 rem
2310 859 2324 908 ς
2347 845 2403 894 et
2432 857 2564 897 cum
2589 843 2674 898 eis
2693 846 2860 915 quasi
2886 848 3074 903 colere
3106 849 3407 920 Spiritum
3433 850 3777 915 sanctum,cui

2167 930 2405 985 omnino
2428 948 2637 987 nomen
2658 935 2758 989 Dei
2782 935 3063 1007 adimitis,
3090 943 3154 994 et
3183 955 3327 995 eum
3353 944 3667 995 creaturam
3684 940 3776 995 sine

2167 1018 2361 1090 aliqua
2394 1022 2713 1078 reverentia
2745 1025 3125 1096 nuncupatis.
3170 1027 3364 1095 Unde,
3388 1029 3526 1101 quia
3552 1035 3780 1084 creaturae

2167 1124 2268 1163 vos
2298 1124 2427 1165 esse
2456 1109 2713 1168 cultores
2742 1114 3074 1184 ostenditis,
3115 1118 3388 1188 profecto
3410 1116 3479 1188 (si
3510 1115 3778 1177 volueritis)

2168 1214 2280 1252 non
2314 1202 2435 1255 tres
2466 1205 2714 1270 tantum,
2740 1203 2845 1257 sed
2866 1204 3041 1260 etiam
3067 1206 3351 1277 quinque
3373 1206 3509 1262 deos
3526 1204 3690 1260 colere
3709 1210 3781 1274 po-

2164 1288 2374 1344 teritis.

2497 1380 2650 1435 688
2686 1380 3202 1440 FRAGMENTUM
3235 1384 3495 1441 XXXIV.

2162 1468 2285 1549 Non
2308 1468 2419 1549 soli
2448 1471 2611 1549 Patri
2638 1469 2917 1549 sacriﬁcat
2940 1472 3211 1549 Ecclesia,
3246 1483 3351 1529 aut
3384 1473 3489 1529 soli
3528 1471 3673 1549 Patri
3704 1468 3775 1523 dat

2229 1540 2491 1611 gloriam,
2521 1542 2611 1596 sed
2635 1545 2743 1616 toti
2765 1542 3320 1616 Trinitati.Christus
3340 1561 3439 1616 pro
3460 1546 3607 1600 nobis
3617 1554 3774 1616 corpus

2230 1628 2397 1693 shuum
2409 1614 2741 1693 et_te_m_plum
2762 1618 2813 1693 e_t
2834 1614 3188 1693 sacriﬁcium
3203 1614 3592 1693 fecithratiaf
3602 1615 3774 1693 prima!

2233 1684 2397 1759 Patri
2420 1687 2468 1738 et
2500 1684 2731 1759 Filio_ui
2763 1687 2885 1746 Deo.
2920 1684 3081 1742 Patri
3120 1684 3321 1744 autem
3366 1705 3471 1759 per
3513 1687 3692 1759 Filium
3729 1687 3772 1734 ut

2231 1754 2530 1882 hominesz
2562 1756 2807 1827 Spiritus
2834 1763 3055 1813 sanctus
3088 1760 3279 1816 locum
3328 1754 3436 1816 non
3480 1758 3623 1813 habet
3662 1754 3771 1809 inter

2231 1842 2403 1882 onera
2477 1844 2549 1882 ei.

2228 1842 2403 1897 opera
2432 1842 2549 1882 νει.

2229 1915 2467 1989 Oportet
2479 1922 2674 1973 autem
2692 1922 2859 1973 tuum
2875 1936 2979 1975 con
2990 1935 3094 1992 seq
3106 1925 3323 1976 uenter
3334 1918 3562 1977 refutari
3577 1914 3766 1971 menda-

2157 2004 2336 2072 cium,
2370 2006 2427 2061 in
2456 2022 2522 2061 eo
2545 2008 2699 2077 quod
2722 2007 2890 2076 dicis,
2916 2024 3157 2080 semper
3182 2027 3277 2065 me
3304 2004 3677 2073 firmasse,soli
3696 2000 3764 2057 of-

2156 2094 2846 2152 ferriomnesacriﬁoium
2874 2098 3222 2170 Patri:quod
3248 2116 3358 2171 ego
3377 2115 3480 2155 nec
3500 2090 3759 2166 aliquando

2157 2184 2295 2253 dixi,
2325 2200 2427 2239 nec
2459 2185 2606 2240 dico.
2639 2188 2851 2241 Sancta
2879 2188 3036 2242 enim
3069 2188 3344 2245 Ecclesia
3375 2185 3637 2243 catholica
3662 2193 3752 2234 non

2156 2272 2261 2328 soli
2293 2273 2475 2341 Patri,
2508 2274 2609 2329 sed
2641 2274 2816 2329 simul
2851 2283 3064 2331 sanctae
3099 2276 3401 2333 sacrificat
3429 2271 3689 2337 Trinitati;
3710 2272 3753 2321 et

2154 2363 2308 2419 sicut
2323 2365 2395 2418 ad
2419 2364 2606 2419 solius
2624 2365 2812 2420 Patris
2836 2382 3151 2437 personam
3181 2368 3444 2437 dirigens
3460 2362 3751 2423 orationem,

2153 2457 2336 2508 totam
2369 2452 2547 2508 simul
2569 2453 2799 2509 invocat
2819 2454 3171 2511 Trinitatem
3192 2482 3207 2525 ;
3232 2456 3315 2512 ita
3338 2455 3485 2526 quod
3508 2449 3642 2508 Patri
3664 2454 3750 2503 Deo

2155 2542 2621 2610 immolat,simul
2639 2543 2909 2599 Trinitati
2935 2544 3396 2602 sacriﬁcat.Sive
3416 2545 3559 2598 enim
3583 2540 3630 2593 in
3651 2552 3750 2593 ora-

2154 2632 2332 2699 tione,
2351 2631 2472 2687 sive
2486 2633 2542 2686 in
2559 2632 2869 2703 sacriﬁcio,
2885 2632 3430 2690 nullamfacitﬂdes
3442 2628 3749 2685 veradiscrc-

2156 2722 2371 2779 tionem
2406 2722 2688 2787 muneris,
2708 2721 2849 2793 quia
2867 2739 2981 2777 non
3001 2726 3092 2779 est
3108 2723 3171 2778 in
3190 2721 3471 2778 Trinitate
3492 2716 3749 2774 diversitas

2155 2810 2490 2883 potestatis:
2518 2810 2672 2865 unde
2693 2810 2981 2882 quidquid
3009 2813 3110 2867 uni
3139 2828 3409 2885 personas
3431 2809 3658 2868 oﬂ‘ertur,
3679 2813 3749 2854 ne-

2154 2915 2314 2955 cesse
2330 2904 2420 2954 est
2437 2898 2708 2953 Trinitati
2734 2899 2952 2968 pariter
2971 2900 3440 2969 oﬂ'eratur.Quod
3465 2898 3744 2953 sanctorum

2156 2987 2651 3060 pratriarcharum
2667 2994 2724 3044 et
2737 2988 3152 3061 prophetarum
3171 2988 3747 3047 demonstratarexem-

2155 3077 2299 3150 plis:
2320 3077 2413 3132 ubi
2441 3076 2842 3149 principaliter
2860 3081 3286 3137 attendendum
3315 3078 3477 3134 nobis
3497 3068 3741 3137 est,aitare

2155 3168 2225 3224 ad
2261 3167 2369 3223 hoc
2400 3182 2634 3239 semper
2663 3168 3015 3223 aediﬁcatum
3050 3168 3192 3241 Deo’,
3225 3166 3497 3225 utdebito
3518 3152 3739 3218 sacrificii

2149 3261 2300 3313 Deus
2317 3257 2635 3311 honoretur
2648 3256 3153 3328 obsequio.Altare
3170 3252 3506 3329 namqueibi
3528 3250 3736 3322 primum

2148 3348 2205 3402 in
2231 3347 2450 3401 sanctis
2472 3343 2870 3401 voluminibus
2893 3346 3257 3413 nominatur,
3278 3346 3373 3402 ubi
3396 3346 3612 3399 sanctus
3628 3334 3737 3392 Noe.

2148 3437 2218 3491 de
2249 3450 2383 3490 arca
2413 3434 2863 3507 egrediens,l)eo
2886 3435 3232 3507 perhibetur
3252 3423 3733 3491 hostias’ohtulisse.

2147 3525 2242 3580 Sic
2271 3524 2427 3579 enim
2460 3524 2738 3593 scriptum
2775 3529 2893 3578 est:
2926 3526 2990 3579 Et
3020 3525 3321 3597 adiﬁeavit
3354 3522 3457 3579 Noe
3482 3518 3637 3573 altare
3654 3510 3733 3597 Da:

2147 3612 2319 3679 mino,
2351 3617 2404 3667 et
2432 3590 2638 3682 accep—it
2667 3614 2737 3667 ab
2768 3613 3022 3669 omnibus
3049 3590 3339 3683 pecoribus
3366 3607 3586 3673 mundis,
3611 3607 3654 3657 et
3680 3593 3733 3650 al!
3834 3590 3835 3599 “

2148 3702 2401 3757 omnibus
2429 3702 2745 3756 volatilibus
2772 3705 3013 3769 mundis,
3047 3713 3097 3759 et
3127 3705 3327 3761 obtulit
3355 3700 3567 3755 hostium
3601 3698 3734 3757 Sull”

2146 3795 2324 3849 altare
2354 3794 2459 3848 Deo
2483 3792 2693 3863 (Cenes.
2725 3811 2850 3860 vni,
2884 3796 2995 3866 20).
3030 3795 3177 3852 Nam
3211 3802 3267 3853 et
3300 3790 3557 3849 Dominus
3583 3784 3727 3866 esten:

2147 3884 2291 3938 dens
2323 3860 2687 3954 quod-huj‘u'e
2719 3884 2809 3937 rei
2829 3860 3015 3954 gratia
3046 3888 3419 3942 construatur
3436 3860 3727 3954 altare,M08_i

2148 3971 2262 4026 fam
2276 3951 2368 4026 nlo
2384 3984 2489 4026 suo
2512 3951 2602 4025 sic
2621 3951 3104 4040 loquitu—ertare
3128 3975 3199 4031 de
3219 3984 3363 4030 terra
3381 3964 3582 4041 facietis
3596 3951 3721 4018 mihi.

2146 4066 2197 4117 et
2211 4061 2569 4115 immolabitis
2580 4075 2745 4131 super
2756 4061 2905 4116 illud
2914 4063 3099 4118 holoca
3108 4072 3234 4120 usta
3246 4071 3297 4119 et
3316 4055 3569 4117 salutaria
3585 4047 3722 4131 vestra

2146 4149 2546 4222 (Exod.xx,24)
2571 4127 2946 4219 Inquiramus
2969 4168 3102 4222 ergo
3125 4155 3357 4209 cuinam
3382 4149 3559 4220 patres
3576 4127 3720 4222 nostri

2147 4221 2329 4294 altare
2360 4239 2809 4306 conslruxerint,
2846 4244 2911 4295 ut
2938 4221 3054 4312 ipsi
3081 4257 3182 4298 eos
3204 4246 3565 4315 agnoscamus
3582 4221 3717 4315 etiam.

2146 4329 2499 4384 sacrificium
2532 4303 2833 4385 obtulisse.
2874 4303 3007 4386 Post
3038 4330 3183 4387 illud
3218 4303 3406 4400 itaque
3426 4322 3581 4379 altare
3601 4303 3719 4382 (1³οά

2148 4416 2266 4473 Noe
2299 4417 2541 4473 Domino
2572 4416 2899 4485 fabricavit,
2934 4437 2966 4474 a
2997 4426 3201 4476 sancto
3226 4415 3496 4475 Abraham
3516 4401 3717 4485 legimus

2148 4507 2329 4563 altare
2359 4511 2787 4562 constructum.
2824 4484 2918 4563 Sic
2948 4510 3105 4564 enim
3139 4512 3412 4580 scriptum
3435 4484 3719 4580 esttlilvisui

2147 4602 2224 4652 est
2252 4597 2512 4651 Dominus
2545 4596 2685 4650 Deus
2711 4596 2965 4665 Abraha’,
2999 4604 3054 4653 et
3102 4577 3273 4655 dixit
3295 4597 3348 4652 ei
3372 4610 3385 4648 :
3429 4580 3625 4665 Sentiat
3648 4577 3715 4627 ταθ

2146 4685 2289 4740 dubo
2320 4695 2525 4740 terram
2550 4683 2731 4739 istam.
2768 4687 2831 4739 Et
2858 4664 3162 4756 a’diﬁcavit
3190 4687 3271 4743 ibi
3298 4677 3549 4741 Abraham
3578 4664 3719 4756 0W5

2149 4776 2397 4840 Domino,
2432 4776 2530 4846 qui
2563 4773 2707 4828 visus
2735 4778 2815 4829 est
2842 4777 2913 4831 ei.
2946 4754 3009 4830 Et
3040 4781 3266 4833 recessit
3290 4771 3409 4831 inde
3434 4769 3487 4823 in
3526 4754 3712 4846 ηιοηξεπτ

2147 4869 2342 4921 contra
2371 4838 2640 4918 orientem
2673 4864 2875 4929 Bethel,
2905 4868 2957 4918 et
3002 4868 3198 4921 statuit
3244 4864 3324 4921 ibi
3364 4838 3714 4933 tabernat‘ulu’”

2148 4970 2311 5010 suum
2337 4952 2539 5016 Bethel,
2564 4952 2861 5007 secundum
2892 4969 3044 5008 mare
3077 4956 3245 5027 Agge,
3274 4951 3448 5008 contra
3464 4932 3709 5027 ονίειςισηιτ

2150 5049 2199 5100 et
2219 5043 2526 5114 aediﬁcavit
2546 5041 2631 5097 ibi
2647 5043 2824 5100 altare
2848 5021 3295 5113 Domino'De'o,iet
3314 5021 3625 5114 invocavitin
3636 5026 3711 5114 ηοξ

2151 5136 2301 5189 mine
2330 5110 2556 5188 Domini
2586 5129 2708 5196 Dei,
2742 5133 2841 5202 qui
2874 5133 3022 5187 visus
3050 5139 3130 5189 est
3160 5110 3507 5204 (Genesauﬂ,
3528 5110 3707 5204 83-001?

2151 5222 2423 5294 superius
2451 5221 2520 5274 de
2542 5220 2910 5275 invocatione
2936 5220 3036 5276 Dei
3060 5199 3536 5294 ageremus,istum
3558 5199 3706 5294 locuti}

2142 5312 2268 5384 jam
2304 5326 2409 5365 nos
2436 5309 2700 5378 posuisse
2735 5284 3145 5379 meminimus;
3182 5311 3364 5383 ipsum
3398 5297 3550 5356 etiam

2152 5371 2484 5467 tepetamus
2517 5413 2780 5452 sensum.
2814 5397 3090 5455 Volentes
3121 5371 3273 5455 enim
3307 5391 3488 5449 Filium
3516 5396 3545 5435 a
3580 5371 3708 5467 Ριξςεξ

2153 5490 2438 5546 minorem
2470 5488 2796 5550 ostendere,
2822 5486 3023 5543 soletis
3058 5489 3263 5559 dicere,
3309 5479 3498 5541 Filium
3536 5457 3708 5559 ita“?

2150 5579 2425 5636 Patrihus
2446 5574 2813 5641 visum.Quid
2830 5591 2967 5645 ergo
2992 5593 3146 5631 nunc
3168 5550 3351 5631 dicitis
3366 5570 3383 5622 ἒ
3400 5550 3704 5645 Quando???

2151 5633 2283 5725 dem
2315 5664 2607 5722 Abraham
2643 5633 2859 5736 noster,
2885 5633 3022 5735 Deo,
3058 5665 3160 5737 qui
3190 5668 3239 5721 ei
3270 5662 3416 5719 visus
3458 5651 3550 5705 est,
3577 5633 3694 5692 alia!
