3918 6222
140 405 284 465 831
1236 405 1547 466 CONTRA
1592 403 2001 465 FABIANUM
2044 406 2546 469 FRAGMENTA.
3491 406 3613 466 82!

136 540 223 591 et
262 538 469 593 Patris
486 539 831 608 ostendens,
851 539 929 594 ait
955 540 1251 595 :Hocemm
1270 540 1844 607 scitoteintelligentes
1875 539 1928 605 Α
1960 547 2377 598 convocassent
2404 542 2431 597 ‘l
2463 544 2562 599 sed
2611 543 2720 599 hoc
2766 557 3123 615 quemquam
3161 539 3368 596 beatus
3399 540 3607 595 Petrus

140 627 321 702 quod
355 630 543 683 omnis
570 628 902 697 fornicator,
948 633 1043 684 aut
1076 629 1416 696 immundus,
1465 637 1561 684 aut
1612 644 1838 693 avarus,
1952 630 2187 685 credere
2223 648 2333 685 non
2370 631 2675 702 permittit,
2710 631 2908 686 dicens
2937 648 2949 684 :
2986 635 3103 685 Non
3134 627 3285 684 enim
3323 628 3604 683 voluntate

149 716 326 789 quod
353 721 433 771 est
447 716 726 772 idolorum
743 720 1115 783 servitus,non
1139 720 1359 774 habebit
1381 718 1769 775 hareditatem
1782 719 1842 772 in
1949 716 2197 774 humana
2230 721 2405 775 allata
2437 724 2768 793 estLunquam
2792 721 3101 791 prophetia,
3131 719 3221 772 sed
3241 716 3459 787 Spiritu
3480 733 3607 771 san-

150 822 364 874 regno
397 806 671 862 Christiet
693 807 789 862 Dei
804 808 1397 879 (Ephes.v,5).Sedem
1416 824 1648 879 quoque
1666 823 1840 860 unam
1953 813 2040 861 cto
2068 812 2178 863 acti
2207 810 2379 865 locuti
2406 819 2533 866 sunt
2562 812 2740 865 sancti
2769 812 3011 866 homines
3045 808 3141 864 Dei
3162 809 3231 879 (II
3254 813 3405 862 Petr.
3431 824 3469 872 ι,
3491 806 3609 867 21).

153 912 318 951 esse
342 902 592 952 sanctus
606 897 934 953 Joannesin
958 898 1305 971 Apocalypsi
1346 898 1846 953 evidenterosten-
1953 896 2078 952 Alio
2110 916 2342 971 quoque
2361 899 2485 956 loco
2504 902 2572 956 de
2595 900 2804 955 iisdem
2834 899 3129 970 prophetis
3148 898 3269 953 haec
3295 901 3599 951 memorat:

151 986 289 1054 dit,
318 985 528 1040 dicens
562 986 634 1041 de
660 986 864 1059 angelo
896 1005 928 1042 a
959 1004 1074 1059 quo
1106 988 1215 1042 sibi
1250 993 1513 1043 sanctam
1548 988 1841 1042 civitatem
1952 988 2264 1045 Scrutantes
2295 993 2351 1045 in
2385 992 2587 1061 quibus
2617 992 2699 1046 vel
2729 993 3118 1062 quatetempus
3140 986 3481 1059 signiﬁcaret
3502 1001 3602 1057 qui

151 1079 449 1129 testatur
464 1079 788 1131 ostensam:
812 1078 873 1131 Et
894 1077 1132 1132 ostendit
1152 1077 1294 1132 mihi
1310 1079 1514 1147 ﬂumen
1538 1095 1691 1151 aquae
1710 1079 1844 1133 vivae
1954 1076 2017 1131 in
2048 1076 2125 1131 eis
2154 1089 2275 1133 erat
2308 1081 2551 1150 Spiritus
2582 1080 2788 1135 Christi
2816 1080 2860 1152 (l
2911 1084 3054 1135 Petr.
3100 1095 3138 1147 ι,
3189 1076 3297 1145 lt).
3350 1074 3603 1130 Proinde

152 1163 497 1219 candidum
541 1164 708 1235 quasi
753 1164 1105 1237 crystallum,
1154 1168 1346 1222 exiens
1394 1167 1460 1222 de
1504 1168 1627 1222 sede
1670 1168 1766 1221 Dei
1794 1170 1847 1222 et
1954 1162 3613 1241 Spiritussanctus,quoutiqueactiIocutisuntsanctiho-

157 1252 354 1321 Agni.
394 1253 511 1309 Per
537 1254 785 1309 mediam
806 1255 1048 1322 plateam
1063 1259 1186 1321 eius
1207 1273 1280 1311 ex
1300 1260 1534 1327 utraque
1562 1266 1722 1328 parte
1745 1257 1849 1326 ﬂu-
1958 1255 2146 1312 mines
2175 1258 2292 1327 Dei,
2313 1258 2361 1313 si
2381 1275 2441 1313 se
2456 1275 2570 1313 non
2596 1260 2896 1325 factorem,
2919 1258 3018 1313 sed
3044 1257 3257 1311 factum
3275 1252 3604 1322 sciret,‘_etsi

158 1344 391 1405 minis,
428 1342 651 1412 lignum
693 1344 843 1411 vitae,
894 1346 1127 1412 aﬂerens
1156 1345 1437 1402 duodecim
1485 1349 1717 1417 fructus,
1749 1362 1849 1417 per
1957 1345 3613 1418 senonOperationemDeum,sedopusDeiessecognosce—

162 1429 675 1502 singulosmenses
697 1433 933 1488 reddens
958 1433 1847 1506 fructumsuum,et[olialigniin
1961 1438 2065 1500 ret,
2100 1439 2234 1490 ante
2262 1435 2361 1491 illa
2394 1439 2594 1492 omnia
2626 1453 2750 1507 quae
2784 1436 2932 1491 facta
2967 1438 3122 1501 sunt,
3158 1438 3214 1488 et
3240 1434 3389 1503 tque:
3438 1446 3617 1501 opera

150 1524 532 1577 curationem
545 1524 1001 1595 gentiumNeque
1017 1526 1335 1597 ullumjam
1347 1525 1706 1581 maledictum
1722 1527 1847 1592 erit,
1960 1522 2188 1577 Domini
2208 1525 2869 1596 nominantur,scipsum
2888 1523 3163 1597 primitus
3176 1522 3303 1577 sine
3317 1520 3496 1575 dubio
3515 1535 3610 1590 po-

156 1616 222 1665 et
256 1611 505 1666 thronus
553 1611 650 1667 Dei
693 1620 746 1667 et
789 1612 932 1681 Agni
981 1613 1042 1667 in
1086 1630 1150 1668 ea
1178 1615 1287 1670 erit
1318 1613 1502 1685 (Apoc.
1558 1616 1608 1685 t,
1656 1617 1714 1686 2,
1770 1616 1846 1686 3).

158 1698 447 1755 Trinitas
477 1700 657 1773 igitur
693 1719 847 1758 unus
878 1703 1032 1758 Deus
1064 1703 1487 1775 intelligendus
1533 1708 1620 1759 est
1659 1704 1717 1759 in
1748 1704 1852 1759 illa

160 1789 376 1843 trium
412 1805 726 1860 puerorum
774 1792 1307 1859 benedictione,ubi
1355 1794 1568 1849 dicitur
1595 1795 1848 1849 :Benedi-

1960 1612 2196 1680 suisset,
2231 1615 2386 1669 utab
2423 1616 2569 1685 ipso,
2600 1615 2656 1668 in
2690 1631 2803 1686 quo
2837 1612 3179 1670 excellentia
3210 1608 3391 1666 divini
3412 1606 3606 1680 operis

1960 1705 2116 1756 esset
2146 1718 2258 1771 pre
2289 1703 2514 1774 angelis
2546 1703 2935 1773 agnoscenda,
2968 1699 3258 1773 operatori
3308 1699 3423 1754 Deo
3472 1696 3608 1751 laus

1963 1790 2255 1862 praecipua
2285 1793 2639 1847 redderetur.
2676 1792 2792 1847 Hoc
2822 1796 3015 1846 autem
3050 1791 3178 1845 ideo
3210 1805 3326 1843 non
3360 1788 3444 1853 fit,
3469 1785 3611 1858 quia

164 1886 305 1933 ctus
333 1894 399 1933 es
426 1896 598 1949 supra
619 1880 796 1936 sedem
819 1884 1085 1949 regnitui
1115 1899 1128 1936 :
1154 1883 1293 1953 quia
1317 1882 1470 1937 sicut
1523 1900 1637 1937 una
1660 1883 1856 1951 sedes,
1889 1907 1937 1971 Β
1967 1895 2120 1933 unus
2151 1884 2239 1933 est
2267 1879 2422 1935 Deus
2452 1885 2676 1936 creator
2706 1880 2970 1935 omnium
3005 1893 3220 1945 rerum,
3245 1880 3418 1931 Pater
3437 1877 3496 1930 et
3517 1874 3606 1929 Fi-

169 1967 270 2023 sic
296 1983 488 2023 unum
505 1985 747 2041 regnum
764 1976 847 2026 est
866 1971 1057 2026 Patris
1075 1976 1133 2027 et
1156 1971 1283 2027 Filii
1301 1972 1621 2043 etSpiritus
1637 1974 1857 2028 sancti.

176 2055 345 2112 Illud
379 2057 587 2113 deinde
616 2060 771 2130 quod
808 2060 1096 2116 infertur:
1130 2061 1462 2117 Benedictus
1488 2079 1545 2117 es
1582 2066 1641 2117 in
1674 2063 1862 2117 ﬁrma‘

177 2153 376 2205 mento
404 2150 530 2204 cali
556 2154 608 2205 et
640 2150 942 2207 laudabilis
985 2157 1035 2207 et
1064 2152 1342 2222 gloriosus
1372 2153 1434 2207 in
1462 2154 1667 2210 saecula
1696 2156 1858 2223 (Dan.

181 2252 270 2301 In,
291 2238 416 2307 56),
440 2240 577 2309 quis
597 2255 712 2295 non
734 2240 928 2296 videat
948 2240 1003 2295 in
1026 2240 1259 2297 laudem
1289 2242 1591 2297 Trinitatis
1606 2243 1859 2298 dictum?

184 2328 673 2398 quandoquidem
693 2330 886 2401 ipsum
908 2329 1331 2386 ﬁrmamentum
1350 2331 1689 2395 cmli,unum
1707 2348 1855 2402 opus

181 2422 275 2471 est
304 2417 836 2485 Trinitatis;Verbo,
866 2420 1025 2475 enim
1051 2420 1269 2477 Domini
1296 2422 1417 2476 σιειί
1440 2423 1650 2492 ﬁrmati
1703 2426 1851 2491 sunt,

183 2510 240 2562 et
271 2505 497 2577 Spiritu
518 2510 634 2563 oris
664 2510 780 2571 eius
808 2509 986 2565 omnis
1016 2510 1192 2565 virtus
1221 2526 1411 2565 eorum
1459 2511 1637 2581 (Psal.
1671 2527 1851 2578 χχιιι,

182 2594 256 2665 6).
297 2599 373 2653 Ut
405 2602 603 2652 autem
638 2597 952 2654 Dominum
993 2599 1173 2655 Deum
1209 2605 1441 2671 patrum
1488 2606 1847 2669 nostrorum,

186 2700 314 2740 non
346 2686 544 2741 solum
575 2692 830 2755 Patrem,
866 2704 973 2744 nec
1026 2688 1217 2744 solum
1249 2689 1483 2755 Filium,
1517 2705 1623 2743 nec
1655 2689 1846 2745 solum

187 2774 484 2848 Spiritum
513 2783 809 2842 sanctum,
845 2779 943 2833 sed
978 2778 1151 2835 simul
1176 2783 1438 2834 sanctam
1472 2779 1845 2848 Trinitatem,

192 2882 381 2920 unum
398 2866 710 2921 Dominum
736 2872 921 2923 Deum
939 2868 1010 2922 ab
1023 2869 1299 2923 omnibus
1317 2869 1593 2939 operibus
1608 2868 1731 2924 suis
1745 2869 1844 2924 be-

192 2955 611 3022 nedicendum,
644 2954 1032 3023 laudandum,
1065 2962 1123 3013 et
1149 2957 1593 3028 gloriﬁcandum
1621 2962 1738 3014 tres
1759 2958 1847 3013 illi

193 3044 305 3099 viri
336 3045 736 3113 ostenderent,
770 3046 896 3101 vide
924 3046 1079 3101 unde
1102 3046 1431 3102 divinorum
1464 3063 1705 3119 operum
1730 3048 1842 3102 ini-

192 3134 338 3189 tium
367 3135 732 3204 sumpserint
756 3150 770 3190 :
805 3134 1067 3191 dicentes
1096 3136 1273 3204 enim,
1302 3137 1631 3203 Benedicite,
1656 3138 1843 3193 omnia

1968 1967 2083 2023 lius
2114 1971 2171 2023 et
2197 1967 2445 2038 Spiritus
2475 1973 2738 2038 sanctus,
2766 1970 2865 2039 qui
2897 1968 2967 2023 ab
2997 1965 3273 2023 omnibus
3300 1979 3427 2035 quae
3449 1960 3609 2029 fecit,

1966 2056 2279 2125 ideodigne
2297 2058 2586 2126 laudatur,
2612 2065 2669 2112 et
2686 2059 2758 2113 ab
2779 2057 3055 2112 omnibus
3077 2053 3352 2125 operibus
3375 2050 3501 2107 suis
3524 2049 3611 2104 ni-

1965 2144 2286 2202 hilominus
2317 2148 2700 2216 benedicitur,
2735 2148 2874 2219 quia
2893 2147 3018 2217 ipse
3039 2148 3263 2199 creator
3284 2146 3461 2212 atque
3480 2155 3615 2210 ope-

1967 2240 2127 2291 rator
2155 2253 2345 2291 rerum
2371 2237 2634 2292 omnium
2666 2236 2818 2291 Deus
2844 2234 3123 2291 Dominus
3145 2230 3459 2287 invenitur.
3484 2227 3611 2283 Una

1964 2340 2102 2395 ergo
2153 2325 2499 2391 benedictio,
2554 2343 2671 2381 una
2721 2324 2873 2394 laus,
2923 2319 3291 2396 gloriﬁcatio,
3341 2316 3441 2373 uni
3490 2316 3607 2372 Deo

1961 2412 2230 2469 Trinitati
2262 2415 2507 2470 debelur
2546 2415 2618 2469 ab
2649 2414 2929 2470 omnibus
2960 2410 3237 2484 cperibus
3285 2408 3436 2479 ejus,
3467 2404 3608 2477 quia

1963 2506 2133 2558 Pater
2160 2508 2216 2559 et
2248 2504 2429 2559 Filius
2458 2508 2516 2560 et
2547 2503 2799 2575 Spiritus
2831 2509 3092 2570 sanctus,
3123 2498 3286 2555 solus
3317 2496 3471 2552 Deus
3521 2494 3606 2549 fa-

1958 2594 2355 2648 ctoromnium
2378 2593 2831 2658 invenituresse,
2849 2608 2962 2647 non
2978 2591 3188 2660 factus,
3210 2592 3268 2644 et
3280 2586 3610 2644 solusDeus

1959 2685 2186 2736 creator
2207 2686 2317 2748 est,
2352 2698 2467 2737 non
2501 2687 2750 2738 creatus.

2405 2814 2898 2871 FRAGMENTUM
2940 2812 3156 2869 XXXV.

1955 2926 2122 2977 Pater
2150 2938 2261 2979 non
2282 2930 2361 2978 est
2387 2924 2579 2977 auctor
2600 2923 2769 2977 totius
2795 2919 3091 2975 Trinitatis
3110 2918 3202 2975 sed
3218 2923 3437 2975 tantum
3470 2917 3611 2973 Filii

2490 3016 2539 3065 et
2589 3010 2830 3082 Spiritus
2873 3010 3070 3064 sancti.

2022 3148 2161 3212 Quis
2191 3154 2386 3205 autem
2420 3148 2579 3203 illam
2633 3148 2716 3202 tui
2768 3146 3051 3201 mendacii
3101 3161 3217 3200 non
3268 3144 3613 3199 detestetur-

200 3238 377 3293 ορατ-α
410 3224 647 3338 Domini,
679 3224 971 3278 Dominum
1001 3226 1159 3295 (Dan.
1184 3242 1268 3293 ιιι,
1300 3227 1415 3295 57),
1466 3228 1844 3283 ostenderant
1870 3292 1874 3321 Ι

2028 3236 2232 3308 aptiam
2245 3254 2383 3307 ,qua
2396 3251 2487 3291 me
2499 3234 2787 3305 contingis
2805 3237 3221 3289 DeumPatrem
3237 3227 3587 3338 totiu‘s'l‘rini

203 3330 316 3369 non
347 3312 730 3368 debereinter
750 3330 924 3383 opere
947 3315 1176 3370 Domini
1200 3317 1522 3388 computari
1540 3319 1843 3388 quodcun-

203 3420 314 3475 que
334 3403 396 3458 in
430 3402 525 3458 his
553 3403 828 3475 operibus
860 3421 990 3474 quas
1013 3404 1106 3459 hic
1133 3405 1715 3479 comprehenduntur
1738 3423 1851 3462 non

206 3492 418 3565 poterit
446 3491 717 3549 inveniri.
767 3493 982 3548 Deinde
1012 3494 1210 3550 omnia
1261 3511 1502 3565 prorsus
1550 3513 1681 3567 quae
1716 3500 1855 3553 sunt

206 3598 379 3654 opera
399 3581 627 3637 Domini
644 3581 767 3645 Dei,
790 3583 858 3636 ad
886 3582 1237 3653 obsequium
1261 3585 1471 3640 debitae
1498 3585 1858 3641 benedictio-

207 3672 297 3726 nis
318 3672 568 3727 creatori
591 3676 701 3727 Deo
717 3672 1077 3727 reddendum
1090 3672 1218 3739 ,boc
1243 3673 1487 3729 invitare
1503 3691 1863 3747 cognoscun-

211 3765 307 3817 tur
333 3761 573 3817 exordio
600 3778 614 3817 :
645 3760 980 3826 Benedicite,
1012 3763 1153 3830 celi,
1193 3766 1570 3835 Dominum(v.
1602 3765 1691 3835 59)
1724 3783 1737 3821 :
1764 3767 1865 3821 Be-

199 3852 455 3914 nedicite,
492 3851 703 3920 angeli,
739 3852 1029 3907 Dommum
1058 3856 1129 3912 (v.
1163 3852 1251 3922 58)
1285 3872 1298 3921 ;
1327 3853 1659 3919 Benedicite,
1697 3870 1859 3926 aqua?

210 3957 394 3999 omnes
423 3954 550 4012 quae
576 3956 747 4007 super
773 3942 933 3995 caelos
960 3944 1089 3995 sunt
1116 3941 1404 3997 Dominum
1437 3944 1504 4011 (v.
1538 3944 1649 4014 60),
1688 3949 1859 4000 Bene-

210 4030 397 4095 dicite,
425 4044 612 4084 omnes
642 4031 873 4083 virtutes
905 4029 1147 4097 Domini,
1183 4029 1470 4085 Dominum
1518 4032 1588 4102 (v.
1638 4031 1750 4104 6|),
1805 4036 1861 4086 et

216 4125 442 4186 caetera,
466 4118 591 4175 sive
619 4134 748 4189 qua:
780 4120 839 4173 in
872 4119 1016 4175 05]
1060 4118 1239 4186 caelis,
1282 4120 1403 4176 sive
1433 4138 1563 4193 qua:
1593 4121 1651 4176 in
1707 4125 1863 4177 terra

227 4213 384 4273 sunt,
403 4206 658 4263 visibilis
676 4211 734 4263 et
762 4207 1083 4263 invisibilia
1109 4227 1121 4265 :
1145 4208 1200 4263 in
1226 4209 1438 4281 quibus
1461 4214 1654 4266 tamen
1672 4212 1862 4266 omni-

225 4298 333 4353 bus
351 4297 627 4369 operibus
645 4298 869 4352 Domini
892 4314 1005 4353 non
1021 4298 1583 4371 iuveniturSpiritus
1598 4306 1864 4373 sanctus;

214 4405 383 4463 quem
417 4390 620 4461 utique
638 4389 684 4444 si
710 4389 1185 4459 oporteretinter
1230 4390 1429 4445 divina
1454 4407 1630 4462 opera
1676 4392 1863 4464 depu-

221 4478 352 4543 tari,
386 4493 491 4533 nec
524 4477 811 4549 angelica,
843 4493 1031 4550 neque
1064 4476 1176 4533 alia
1208 4478 1481 4550 quaelibet
1513 4484 1645 4537 ante
1693 4480 1859 4536 illum

218 4572 481 4624 creatura
521 4565 798 4622 debuerat
850 4566 1164 4623 nominari.
1197 4567 1345 4632 Quid
1392 4571 1479 4623 est
1507 4584 1667 4641 ergo,
1708 4572 1866 4643 quod

222 4657 470 4730 Spiritus
493 4659 732 4712 sanctus
756 4672 859 4711 nec
882 4656 1034 4711 inter
1051 4657 1245 4713 omnia
1264 4675 1393 4728 qua:
1410 4659 1700 4716 aDomino
1718 4660 1867 4716 facta

225 4751 378 4813 sunt,
413 4745 728 4801 Dominum
760 4746 981 4811 laudat,
1014 4763 1119 4802 nec
1145 4750 1323 4802 Deum
1354 4746 1506 4803 inter
1523 4748 1723 4804 omnia
1739 4750 1865 4821 ejus

229 4851 397 4907 opera
427 4835 753 4890 benedicit?
780 4837 865 4890 An
900 4836 1042 4891 forte
1075 4836 1371 4907 prophetis
1402 4837 1699 4910 subrepsit
1720 4838 1867 4894 obli-

227 4928 338 4992 vio,
361 4935 424 4980 ut
439 4925 693 4995 Spiritus
720 4923 909 4979 sancti
934 4941 1047 4980 non
1073 4925 1867 4993 meminissent,cumadlau-

231 5016 482 5072 dandum
503 5014 813 5071 Dominum
838 5014 1033 5069 omnia
1059 5032 1187 5085 qua:
1213 5033 1243 5070 a
1266 5015 1513 5071 Domino
1546 5016 1694 5071 facta
1709 5021 1870 5085 sunt,

230 5111 285 5163 et
310 5105 382 5160 ad
402 5106 869 5163 benedicendum
894 5104 1206 5161 Dominum
1226 5103 1425 5160 omnia
1446 5121 1621 5177 opera
1642 5105 1869 5161 Domini

1963 3327 2101 3382 tatis
2129 3330 2446 3391 auctorem,
2480 3323 2537 3377 in
2570 3322 2687 3376 illis
2716 3322 2897 3394 gestis
2922 3321 3084 3376 falsis
3107 3316 3605 3391 atquefallacibus

1963 3413 2368 3484 nuncupasse?
2387 3412 2550 3476 Quod
2575 3412 2780 3482 utique
2801 3415 3035 3466 tantum
3059 3413 3149 3465 est
3169 3426 3201 3463 a
3222 3404 3607 3463 tideveritatis

1966 3505 2243 3569 alienum,
2268 3507 2553 3575 quantum
2577 3506 2666 3557 est
2691 3498 3186 3572 sanctaa'religioni
3220 3495 3603 3553 contrarium.

1965 3594 2119 3649 Deus
2152 3592 2365 3664 quippe
2397 3591 2565 3647 Pater
2597 3607 2709 3647 non
2744 3595 2836 3645 est
2870 3593 3072 3645 auctor
3117 3585 3443 3653 Trinitatis,
3503 3584 3605 3640 sed

1966 3685 2169 3736 auctor
2198 3684 2286 3735 est
2305 3678 2432 3734 Filii
2465 3682 2521 3735 et
2540 3678 2794 3750 Spiritus
2824 3677 3032 3742 sancti,
3057 3676 3117 3732 in
3139 3691 3206 3731 eo
3229 3676 3381 3747 quod
3413 3674 3485 3729 de
3508 3671 3609 3728 illo

1967 3775 2142 3827 natus
2174 3774 2262 3826 est
2283 3768 2549 3835 Filius,et
2572 3769 2641 3823 de
2660 3767 2758 3824 illo
2781 3767 3043 3839 procedit
3059 3764 3316 3838 Spiritus
3353 3767 3621 3819 sanctus.

1967 3860 2109 3915 Nam
2144 3859 2417 3931 quisquis
2448 3861 2601 3915 recte
2631 3856 2908 3930 intelligit
2939 3854 3193 3912 auctoris
3236 3851 3618 3922 vocabulum,

1970 3948 2273 4005 relationis
2298 3965 2510 4004 nomen
2536 3946 2811 4015 inveniet,
2832 3963 2945 4003 non
2972 3949 3216 4002 natura.
3240 3942 3624 3999 Auctorenim

1970 4055 2144 4094 nemo
2174 4038 2329 4094 652
2358 4054 2486 4093 esse
2517 4036 2737 4093 dicitur
2764 4036 2899 4102 sibi,
2953 4034 3059 4091 sed
3087 4032 3251 4090 alteri
3278 4051 3292 4089 :
3325 4033 3482 4088 unde
3509 4047 3622 4088 non

1971 4128 2040 4183 ad
2067 4144 2127 4183 se
2149 4127 2368 4197 ipsum,
2396 4126 2494 4182 sed
2514 4127 2584 4181 ad
2610 4125 2860 4181 alterum
2884 4127 3089 4178 auctor
3108 4121 3388 4177 veraciter
3401 4134 3627 4173 nuncu-

1971 4220 2164 4289 patur.
2191 4219 2375 4272 Nemo
2399 4220 2593 4271 autem
2617 4212 2880 4286 quolibet
2901 4210 3139 4266 relativo
3162 4208 3398 4264 nomine
3419 4206 3504 4262 sic
3526 4222 3624 4277 po-

1970 4306 2164 4361 testad
2185 4322 2350 4360 suam
2371 4304 2526 4360 sicut
2544 4304 2618 4359 ad
2642 4301 2883 4359 allerius
2906 4297 3106 4354 referri
3125 4294 3621 4369 personam:quod

1972 4394 2125 4450 enim
2142 4394 2210 4448 ad
2239 4408 2408 4447 suam
2425 4390 2677 4462 quisque
2699 4402 3009 4458 personam
3036 4383 3275 4453 dicitur,
3297 4384 3622 4440 secundum

1972 4481 2315 4538 relationem
2347 4480 2460 4536 dici
2496 4478 2835 4534 nullatenus
2867 4473 3181 4531 invenitur.
3216 4474 3400 4530 Deum
3434 4473 3626 4544 itaque

1974 4575 2228 4639 Patrem,
2259 4586 2374 4625 non
2405 4567 2587 4624 totius
2621 4565 2953 4633 Trinitatis,
2984 4564 3084 4620 sed
3116 4562 3245 4620 Filii
3275 4567 3334 4619 et
3351 4561 3628 4635 Spiritus.

1974 4659 2165 4717 sancti
2198 4659 2446 4713 fatemur
2476 4660 2797 4712 auctorem:
2827 4655 2899 4711 de
2922 4670 3040 4726 quo
3069 4652 3330 4724 habet,et
3351 4651 3628 4724 unigeni-

1974 4754 2071 4807 tus
2106 4746 2285 4804 Filius
2318 4752 2545 4802 aeternis
2600 4744 2947 4816 nativitatis,
2992 4748 3050 4801 et
3079 4742 3338 4816 Spiritus
3382 4746 3625 4799 sanctus

1977 4844 2203 4895 internae
2237 4834 2629 4909 processionis
2655 4834 2964 4907 originem.
2999 4832 3206 4890 Unitas
3234 4837 3428 4888 autem
3462 4835 3631 4887 natu-

1978 4930 2141 4999 ralis,
2173 4932 2489 4985 creatorem
2523 4926 2739 4984 Filium
2774 4926 2845 4982 de
2872 4927 3131 4981 creatore
3174 4924 3343 4980 Patre
3374 4919 3631 4978 naturali

1982 5016 2564 5075 nativitateinsinuat
2594 5014 2973 5085 exstitisse,et
3002 5016 3323 5068 creatorem
3348 5009 3633 5082 Spiritum

1986 5114 2254 5164 sanctum
2290 5107 2361 5163 de
2394 5109 2567 5162 Patre
2600 5104 2859 5175 Filioque
2890 5100 3225 5173 procedere.
3506 5102 3507 5105 “

232 5229 3629 5258 Μ

299 5314 395 5360 EX
425 5315 647 5362 LIBBO
676 5315 747 5363 Χ.
779 5316 904 5367 QUI
935 5314 1462 5361 DEFENSIONEH
1494 5315 1855 5361 CONTINET
1886 5314 2211 5362 BYHBOLI
2241 5310 2770 5358 APOSTOLORUH
2800 5306 3185 5353 ADVERSUS
3212 5303 3549 5351 ARIANOS.

645 5420 1143 5479 FRAGMENTUM
1199 5423 1454 5478 XXXVI.

249 5565 376 5634 Quid
397 5565 743 5639 Symbolum.
768 5566 856 5622 Ad
876 5583 1037 5639 usum
1058 5569 1180 5638 ejus
1204 5565 1513 5639 legitimum
1535 5563 1875 5621 necessarius

1219 5637 1383 5708 Quod
1426 5639 1483 5693 in
1524 5654 1585 5693 eo
1620 5642 1785 5692 Pater
1826 5645 1877 5692 et

310 5647 384 5694 est
412 5638 596 5694 rectus
621 5638 897 5693 credentis
926 5638 1169 5693 animus.

2052 5421 2201 5474 nitas
2229 5416 2352 5473 alia
2374 5415 2589 5472 ratione
2608 5431 2771 5486 quam
2793 5412 3020 5486 angelus
3035 5411 3133 5486 vel
3146 5411 3339 5486 anima
3370 5408 3633 5465 hominis.

2055 5492 2416 5545 Enarrantur
2444 5483 2633 5544 omnes
2652 5485 2902 5557 Symboli
2931 5483 3177 5540 articuli.

2054 5596 2397 5652 Christiana
2416 5594 2551 5651 fidei
2569 5591 2909 5666 Symbolum
2930 5591 3107 5662 (quod
3126 5593 3319 5646 Graeco
3336 5587 3562 5659 eloquio
3579 5593 3639 5645 et

312 5712 654 5782 omnipotens
681 5720 731 5765 et
759 5715 974 5765 creator
990 5678 1339 5782 diciturﬁmc
1365 5710 1567 5782 delata
1603 5708 1874 5782 Trinitate

2028 5692 2223 5743 actum
2256 5686 2403 5744 solet
2424 5691 2480 5741 et
2510 5683 2743 5740 collatio
2771 5681 3121 5753 nuncupari)
3144 5684 3344 5736 sancte
3370 5678 3633 5782 quidem,

314 5779 732 5854 intelligendum
761 5789 856 5838 est.
888 5780 1222 5838 Immortalis
1251 5790 1327 5837 est
1346 5787 1397 5837 et
1420 5780 1724 5837 invisibilis
1758 5779 1874 5836 Tri-

1984 5780 2278 5848 recteque,
2309 5778 2366 5832 et
2393 5774 2630 5831 omnino
2663 5772 2959 5845 sapienter
3011 5769 3338 5828 secundum
3370 5767 3636 5840 regulam
