3858 6362
85 419 225 485 825

1159 418 1483 491 comas
1524 417 1931 493 melanuri!
1976 420 2490 503 FRAGMENTA.

3413 423 3532 507 βισ

110 552 287 610 nitur
306 552 497 609 Patris
513 557 573 610 et
591 553 722 623 Filii
758 552 1043 615 naturalis
1063 553 1392 627 signiﬁcata
1414 552 1769 610 communio.
1796 551 1855 627 Α
1882 554 2469 611 Patreunadivinitas
2494 554 2795 613 naturalis.
2819 554 3086 611 Christus
3107 554 3284 625 enim,
3307 554 3409 626 qui
3432 571 3530 611 ve-

100 643 378 703 Alterius
399 648 604 699 autem
621 644 1521 715 omnipotentiis,dominationis,
1538 646 1765 699 immor-

104 732 374 788 talitatis
401 742 577 803 atque
610 732 1055 799 invisibilitatis,
1086 734 1260 789 Jesus
1286 734 1554 789 Christus
1602 734 1777 804 digne

104 823 490 887 crederetur,
505 822 553 878 si
574 840 691 878 non
712 822 809 878 Dei
831 822 1019 879 Patris
1040 824 1247 880 unicus
1268 823 1772 881 Filiusdiceretur:

100 911 338 973 unicus
369 919 568 968 autem
603 912 837 979 dicitur,
870 912 1007 982 quia
1036 912 1200 968 solus
1231 930 1403 969 verus
1435 918 1526 968 est
1575 910 1773 967 Filius:

99 1000 281 1061 solus
315 1006 407 1057 est
436 1007 635 1058 autem
668 1018 838 1057 verus
874 1002 1075 1067 Filius,
1095 1003 1236 1073 quia
1257 1003 1326 1057 de
1352 1007 1565 1057 natura
1591 1000 1776 1056 Patris

98 1091 282 1146 solus
297 1096 389 1147 est
402 1090 837 1147 natus.\’eritas
853 1091 1050 1162 itaque
1063 1092 1392 1147 nativitatis
1408 1091 1590 1157 illius,
1607 1095 1774 1146 natu-

101 1180 303 1237 ralem
333 1179 760 1251 plenitudinem
784 1180 855 1235 de
871 1180 1039 1235 Patre
1055 1181 1422 1237 demonstrat
1446 1181 1503 1235 in
1531 1179 1695 1244 Filio,
1716 1180 1773 1234 in

109 1288 238 1341 quo
270 1287 346 1325 ex
374 1269 629 1326 naturali
663 1272 1059 1341 generatione,
1102 1277 1359 1343 paternas
1392 1276 1611 1326 naturae
1646 1287 1779 1343 per—

106 1359 674 1432 manetlplenitudo.
695 1360 1067 1430 Congruebat
1086 1366 1285 1418 autem
1317 1368 1530 1416 nostra:
1555 1360 1688 1414 ﬁdei
1712 1377 1777 1416 ac

99 1448 321 1516 saluti,
336 1465 452 1505 non
472 1449 663 1505 solum
678 1449 990 1505 creationis
1012 1466 1210 1506 verum
1225 1450 1398 1506 etiam
1423 1447 1774 1520 redemptio-

98 1538 195 1594 nis
212 1538 573 1610 mysterium
594 1538 879 1595 conﬁteri.
900 1543 958 1592 in
977 1538 1253 1595 omnibus
1270 1539 1426 1594 enim
1453 1556 1579 1611 quae
1610 1554 1778 1608 supe-

1883 643 2027 697 ritas
2061 648 2169 709 est,
2194 645 2345 699 sicut
2370 650 2460 699 est
2478 661 2652 700 verus
2670 645 2843 701 homo
2867 646 2938 701 de
2962 650 3173 699 natura
3193 644 3420 714 matris,
3445 644 3529 701 sic

1881 746 2053 787 verus
2087 731 2239 789 Deus
2270 738 2360 788 est
2388 736 2563 789 etiam
2598 736 2668 789 de
2701 734 3029 790 substantia
3061 732 3245 789 Patris
3276 748 3288 789 :
3320 733 3412 788 cui
3445 733 3530 789 sic

1883 837 1996 875 non
2012 827 2100 875 est
2118 822 2425 879 diversitas
2444 823 2649 879 divinae
2669 830 2887 880 natura:
2902 840 3033 879 cum
3052 820 3527 890 Patre,sicutnon

1881 914 1970 967 est
1985 910 2267 968 naturalis
2280 912 2587 969 diversitas
2599 913 2806 969 animas
2821 914 3129 983 carnisque
3141 909 3530 983 cun-Virgine.

1883 999 2147 1070 Proinde,
2172 1000 2310 1072 quia
2330 1008 2578 1058 mortem
2605 1002 2841 1058 veritate
2862 1001 3055 1058 carnis
3081 1000 3325 1072 accepit,
3346 1016 3524 1072 quam

1880 1089 2120 1145 veritate
2148 1091 2472 1147 divinitatis
2492 1092 2817 1158 absorbuit,
2844 1091 2972 1147 ideo
3004 1092 3256 1147 fatemur
3278 1090 3417 1161 quia
3434 1104 3527 1146 se-

1880 1178 2105 1250 pultus,
2126 1178 2219 1233 die
2239 1179 2407 1235 tertia
2430 1197 2600 1236 resur
2626 1181 2920 1236 rexit.Hoc
2939 1179 3095 1236 enim
3127 1180 3198 1235 ad
3221 1179 3527 1236 conﬁrma-

1882 1267 2101 1324 tionem
2121 1268 2246 1338 spei
2265 1275 2479 1341 nostrs:
2504 1276 2744 1342 operata
2768 1274 2855 1325 est
2877 1269 3073 1324 divina
3099 1266 3448 1338 benignitas,
3467 1269 3532 1323 ut

1880 1356 1937 1411 in
1959 1373 2075 1427 quo
2098 1358 2440 1414 vincebatur
2458 1359 2663 1414 mortis
2683 1363 2895 1423 nostrae
2910 1356 3291 1430 supplicium,
3315 1356 3372 1411 in
3397 1356 3525 1427 ipso

1881 1450 2193 1521 refulgeret
2221 1455 2431 1505 nostrae
2458 1447 2903 1515 resurrectionis
2930 1446 3287 1520 exemplum:
3311 1455 3367 1501 et
3386 1445 3526 1517 quia

1880 1538 2125 1594 Christus
2141 1555 2431 1609 resurgens
2460 1557 2496 1594 α
2518 1541 2750 1595 mortuis
2761 1540 2883 1609 jam
2900 1554 3009 1594 non
3024 1539 3283 1603 moritur,
3307 1538 3357 1591 et
3374 1550 3525 1590 mors

99 1629 234 1685 rius
267 1628 523 1699 dePatre
544 1628 699 1685 dicta
716 1633 874 1695 sunt,
893 1632 1201 1701 praedicata
1223 1635 1312 1685 est
1334 1629 1616 1700 majestas
1639 1628 1770 1699 ejus
1876 1627 1930 1683 ei
1958 1630 2110 1683 ultra
2136 1629 3017 1700 nondominabilur(Rom.v1,9),;
3036 1627 3188 1683 sicut
3218 1641 3523 1698 nunquam

101 1736 227 1791 qua
261 1735 373 1774 nos
406 1717 674 1785 fecit,sed
706 1735 819 1774 non
853 1724 942 1775 est
962 1725 1198 1776 ostensa
1220 1720 1592 1790 bonitas‘qua
1616 1719 1774 1773 rede-
1877 1719 2162 1774 morietur
2188 1719 2400 1774 Christi
2434 1736 2567 1775 caro
2599 1735 2754 1787 vera,
2786 1719 2866 1773 ita
2897 1724 3101 1774 nostra
3125 1730 3357 1788 quoque
3396 1728 3526 1770 cor-

103 1811 241 1865 mit:
260 1809 612 1881 etquoniam
637 1809 747 1865 hoc
765 1808 1047 1867 collatum
1070 1816 1159 1867 est
1177 1810 1369 1877 nobis,
1392 1811 1633 1882 dignum
1660 1809 1770 1864 fuit
1878 1823 2017 1877 pora
2047 1808 2494 1864 resurrectionis
2524 1808 2853 1864 aeternitate
2902 1806 3213 1862 credamus
3251 1804 3379 1860 sine
3410 1804 3525 1858 ﬁne

108 1904 177 1955 ut
208 1898 550 1955 sufﬁciente
571 1897 697 1954 solo
724 1899 828 1954 Flii
848 1899 1082 1956 nomine
1108 1901 1181 1955 ad
1204 1899 1844 1993 demonstrationemsﬂ
1875 1895 2116 1993 victura.
2135 1896 2351 1993 Deinde
2372 1904 2568 1993 autem
2590 1898 2839 1993 fatemur
2856 1895 3153 1993 Christum
3176 1890 3514 1993 ascendisse

98 1964 1843 2062 majestatisdivinmquacreatisumus,deinde(a)verbunlr
1874 1983 1931 2038 in
1964 1984 2199 2054 cmlum,
2233 1991 2290 2041 et
2320 1986 2454 2042 inde
2470 1992 2785 2041 venturum
2806 1984 3077 2055 judicare
3099 1982 3259 2039 vivos
3283 1984 3341 2037 et
3365 1996 3517 2037 mor-

95 2079 484 2149 crucis,quod
513 2078 892 2148 pereuntibus
916 2078 1149 2150 quidem
1172 2078 1425 2135 stultitia
1442 2078 1648 2145 est,his
1670 2096 1769 2134 au-
1871 2077 2037 2129 tuos:
2068 2075 2236 2130 Pater
2262 2076 2411 2130 enim
2439 2091 2550 2131 non
2576 2074 2794 2146 iudicat
2826 2089 3174 2145 quamquam,
3219 2070 3316 2127 sed
3359 2083 3517 2141 omne

106 2174 223 2223 tem
256 2166 363 2238 qui
396 2166 540 2222 salvi
572 2167 723 2223 ﬁunt
752 2168 935 2224 virtus
986 2168 1081 2224 Dei
1117 2170 1161 2238 (Ι
1216 2168 1337 2224 Cor.
1392 2185 1429 2236 ι,
1482 2169 1587 2239 18).
1640 2172 1763 2235 Quo
1859 2161 2142 2231 judicium
2158 2162 2749 2230 deditFitio,utomncs
2769 2163 3132 2232 honoriﬁcent
3152 2159 3356 2217 Filium
3371 2159 3513 2214 sicut

99 2258 302 2329 magis
332 2256 410 2313 ad
439 2257 792 2317 credendum
841 2258 1082 2313 difﬁcile
1132 2259 1463 2315 videbatur.
1517 2257 1763 2314 Difﬁcile
1867 2252 2232 2322 honoriﬁcam
2263 2254 2494 2309 Patrem
2523 2255 2709 2321 (Joan.
2741 2270 2797 2321 v,
2824 2252 2935 2324 22).
2972 2251 3215 2308 Proinde
3237 2265 3394 2305 unus
3423 2250 3514 2322 est

101 2348 327 2419 quippe
359 2364 476 2403 non
512 2346 621 2402 fuit
650 2348 887 2403 credere
921 2347 1131 2403 Filium
1170 2347 1345 2403 unius
1382 2353 1605 2403 natura:
1624 2364 1759 2403 cum
1868 2342 2052 2398 honor
2070 2342 2225 2398 Patri
2257 2348 2315 2399 et
2343 2343 2486 2399 Filio
2516 2343 2888 2412 deferendus,
2916 2341 3056 2413 quia
3075 2344 3245 2395 Pater
3266 2338 3367 2411 qui
3393 2354 3508 2393 non

104 2435 301 2500 Patre,
331 2440 392 2491 et
420 2435 530 2492 hoc
557 2435 757 2492 omnia
785 2453 915 2507 quae
948 2441 1276 2494 memorata
1326 2442 1487 2505 sunt,
1538 2436 1762 2492 unitate
1857 2432 2091 2503 judicat
2120 2449 2500 2505 quemquam,
2520 2434 2619 2489 sed
2642 2448 2816 2503 omne
2835 2432 3131 2503 judicium
3160 2427 3321 2483 dedit
3337 2426 3502 2494 Filio,

106 2523 374 2580 naturali
393 2540 526 2583 cum
550 2525 813 2595 genitore
828 2525 1093 2598 genitum
1115 2526 1437 2598 possidere:
1462 2526 1604 2582 etob
1626 2525 1759 2597 hoc,
1867 2538 2051 2576 unum
2079 2522 2503 2578 demonstravit
2551 2538 2681 2577 esse
2723 2537 2897 2577 suum
2935 2519 3175 2590 Filiique
3196 2516 3513 2589 judicium:

95 2614 169 2669 ad
201 2613 561 2684 sapientiam
596 2614 800 2671 mundi
846 2614 1084 2686 penitus
1124 2616 1565 2685 destruendam,
1619 2615 1761 2687 quia
1869 2611 2021 2682 quod
2058 2610 2185 2667 ideo
2221 2611 2362 2667 Filio
2381 2612 2559 2678 dedit,
2585 2616 2874 2667 utomnes
2893 2608 3281 2667 bonoriﬁcent
3302 2605 3511 2662 Filium

99 2703 376 2759 Christus
406 2703 720 2759 cruciﬁxus
747 2704 969 2767 Judaeis
1000 2705 1239 2776 quidem
1271 2705 1612 2761 scandalum
1646 2710 1755 2773 est,

96 2790 385 2863 gentibus
414 2796 608 2847 autem
642 2792 917 2865 stultitia,
950 2794 1094 2865 ipsis
1126 2811 1259 2850 vero
1292 2794 1510 2849 vocatis
1539 2793 1757 2850 Judais

95 2886 280 2951 atque
312 2879 546 2948 Grecis,
581 2881 844 2937 Christus
876 2882 975 2937 Dei
1010 2883 1195 2938 virtus
1222 2888 1277 2939 et
1324 2883 1424 2938 Dei
1470 2883 1758 2954 sapientia

98 2971 143 3039 (I
175 2969 303 3025 Cor.
339 2985 382 3035 ι,
416 2969 528 3041 33);
562 2971 634 3025 oh
667 2970 775 3026 hoc
807 2970 918 3025 fuit
949 2972 1233 3031 intentius
1278 2977 1334 3029 et
1382 2972 1618 3044 penitus
1667 2974 1754 3027 in-

101 3058 485 3124 culcandum,
516 3058 700 3115 Deum
724 3076 948 3127 verum,
981 3061 1074 3117 Dei
1102 3061 1286 3133 patris
1306 3060 1752 3134 omnipotentis,

98 3146 480 3216 immortalis,
512 3153 569 3202 et
591 3147 906 3204 invisibilis
931 3149 1229 3222 proprium
1256 3152 1404 3208 655
1433 3156 1602 3222 atque
1623 3152 1753 3206 uni-

102 3236 372 3307 genitum
411 3235 641 3301 Filium,
675 3237 849 3294 etiam
883 3244 1087 3294 natum
1121 3240 1191 3295 de
1220 3241 1436 3312 Spiritu
1462 3246 1661 3297 sancto
1683 3258 1749 3296 ex
1772 3278 1825 3355 Β

102 3325 340 3355 ἶῖξιηῖσιη
374 3325 551 3355 Μαι-ἕο.
616 3328 764 3355 una.)
802 3326 944 3355 ..;ι.;ι
977 3333 1059 3355 λιιι
1093 3329 1247 3355 ..καλ
1278 3346 1449 3355 nn-..
1477 3332 1539 3355 Δ-
1565 3330 1765 3355 ---ιε-λ

101 3325 342 3397 Virgine
373 3325 580 3389 Maria,
613 3328 766 3398 quod
802 3326 945 3382 nihil
974 3333 1063 3384 est
1092 3329 1249 3384 aliud
1275 3346 1452 3401 quam
1474 3332 1543 3385 de
1562 3330 1765 3403 gratia

102 3415 227 3484 Dei,
259 3420 321 3470 et
348 3431 420 3471 ex
447 3423 609 3472 utero
640 3416 928 3488 virginali.
950 3418 1097 3482 Quid
1122 3424 1316 3476 autem
1343 3419 1667 3476 mirabilius
1689 3437 1753 3497 ac

103 3503 426 3572 salubrius,
459 3521 637 3576 quam
671 3521 1019 3578 cognoscere
1050 3506 1230 3563 Deum
1261 3508 1650 3580 unigenitum,
1684 3508 1754 3566 de

104 3599 320 3650 natura
352 3593 539 3649 Patris
570 3593 698 3650 sine
730 3594 896 3650 initio
929 3600 1154 3665 natum,
1183 3603 1238 3653 et
1262 3598 1417 3653 Patri
1452 3603 1563 3653 Deo
1590 3604 1756 3655 natu-

106 3682 309 3738 raliter
337 3687 713 3750 cozeternum,
748 3701 862 3740 non
896 3702 1017 3741 sua:
1050 3686 1342 3757 utilitatis,
1394 3688 1493 3744 sed
1541 3693 1752 3765 nostris

99 3772 314 3829 salutis
344 3775 587 3830 obtentu
627 3774 837 3831 factum
873 3792 1001 3833 esse
1032 3778 1187 3849 quod
1215 3778 1343 3834 fecit
1374 3764 1753 3852 creatumque

99 3860 449 3918 mirabiliter
498 3878 565 3919 ac
597 3864 1074 3934 misericorditer,
1125 3871 1190 3923 ut
1236 3868 1548 3925 redimeret
1595 3870 1749 3941 quod

96 3949 570 4008 creavit?Verum
605 3951 742 4025 quia
765 3953 917 4010 idem
934 3956 1207 4027 proprius
1230 3962 1405 4029 atque
1420 3958 1628 4014 unicus
1650 3957 1752 4014 Dei

99 4039 311 4107 Patris,
334 4039 512 4096 simul
535 4046 805 4097 naturam
835 4050 1096 4103 nostram
1120 4062 1471 4118 pcenamque
1494 4047 1753 4119 suscepit

108 4129 206 4200 qui
222 4129 525 4185 veritatem
546 4130 599 4184 in
617 4147 680 4185 se
693 4131 901 4187 animae
928 4132 1201 4190 humana:
1224 4135 1306 4191 sic
1331 4136 1751 4193 demonstravit

97 4223 153 4274 et
168 4217 387 4284 carnis,
405 4220 595 4273 utveri
610 4224 787 4276 tatem
809 4221 1058 4277 tristitiae
1074 4224 1497 4293 suscepissetet
1521 4225 1746 4295 mortis;

98 4308 249 4363 unde
280 4306 409 4362 ait:
450 4307 755 4381 Tristisjesl
801 4313 993 4367 anima
1038 4328 1156 4367 mea
1200 4329 1370 4385 usque
1419 4313 1489 4368 ad
1520 4329 1750 4371 mortem

96 4398 307 4468 (Icilii.
357 4414 508 4463 xxw,
560 4398 689 4467 33);
744 4408 1053 4473 propterea
1108 4403 1166 4458 in
1214 4404 1486 4476 Symbolo
1553 4407 1746 4477 ipsum

94 4487 335 4543 unicum
360 4486 460 4543 Dei
480 4487 714 4555 Filium,
737 4506 909 4561 quem
935 4492 1003 4546 de
1022 4491 1242 4564 Spiritu
1266 4498 1471 4549 sancto
1496 4500 1548 4549 et
1570 4495 1750 4550 Maria

92 4576 332 4648 Virgine
354 4582 556 4633 natum
583 4578 921 4644 falemur,cz
938 4580 1210 4637 ucitixum
1237 4598 1471 4655 quoque
1493 4582 1744 4639 dicimus

1865 2700 2019 2757 sicut
2050 2700 2437 2758 honoriﬁcant
2470 2702 2719 2759 Patrem.
2751 2703 2834 2757 Ad
2865 2699 3275 2757 removendam
3296 2698 3511 2771 quippe

1864 2790 2255 2848 diﬁ'erentiam
2292 2791 2549 2861 honoris,
2584 2796 2816 2849 ostensa
2846 2796 2935 2848 est
2966 2791 3161 2846 unitas
3183 2786 3513 2860 judiciariai

1864 2880 2190 2951 potestatis:
2215 2886 2279 2936 ut
2296 2880 2544 2937 scillicet
2565 2880 2728 2950 Filio,
2751 2880 2846 2936 cui
2872 2896 2905 2935 a
2927 2879 3092 2935 Patre
3115 2879 3315 2933 datum
3342 2890 3515 2947 omne

1856 2969 2145 3040 judicium
2164 2970 2747 3042 novimus.a:qualsm
2764 2969 3090 3026 simulcum
3107 2968 3275 3025 Patre
3289 2965 3515 3023 honori-

1860 3058 2155 3116 ﬁcentiam
2184 3060 2539 3129 deferamus;
2558 3069 2681 3116 ‘nec
2714 3076 3062 3131 separamus
3092 3056 3330 3114 honoris
3350 3056 3513 3112 obse-

1861 3148 2198 3219 quium,ubi
2213 3157 2553 3221 separatum
2569 3148 2862 3220 judicium
2879 3164 2992 3203 non
3006 3143 3513 3215 videmus.Exple—

1862 3242 1919 3292 ta
1934 3254 2065 3294 vero
2080 3240 2444 3294 confessione
2457 3256 2603 3293 versa
2617 3236 3231 3306 divinitatis,veraaque
3245 3232 3515 3290 humani-

1862 3328 2002 3383 tatis
2035 3327 2188 3383 unici
2213 3328 2337 3383 Filii
2369 3328 2858 3395 Dei,conﬁtemur
2886 3342 3004 3382 non
3034 3324 3265 3381 credere
3288 3323 3346 3379 in
3379 3322 3513 3394 Spi-

1864 3417 2041 3472 ritum
2074 3421 2366 3487 sanctum,
2388 3418 2487 3488 qui
2510 3423 2599 3473 est
2623 3433 2777 3473 unus
2799 3416 3056 3488 Spiritus
3077 3414 3259 3471 Patris
3278 3418 3335 3470 et
3356 3412 3508 3479 Filii,

1864 3507 1935 3561 de
1958 3505 2125 3561 Patre
2147 3507 2409 3578 Filioque
2432 3506 2775 3579 procedens,
2802 3507 2859 3562 in
2886 3507 3051 3563 Patre
3077 3503 3335 3574 Filioque
3354 3502 3509 3560 056

1864 3595 2206 3650 naturaliter
2235 3596 2329 3667 (at.
2368 3595 2637 3666 ﬁdeliter)
2668 3611 2951 3652 manens:
2986 3596 3057 3651 de
3080 3596 3248 3649 Patre
3278 3608 3345 3647 ac
3370 3590 3511 3647 Filio

1862 3682 2084 3739 habens
2097 3684 2426 3740 divinitatis
2439 3685 2885 3757 originem,cum
2905 3684 3066 3741 Patre
3085 3700 3148 3738 ac
3164 3681 3308 3738 Filio
3331 3680 3508 3737 unius

1862 3772 2333 3843 deitatisbabens
2350 3772 3036 3831 naturaliterveritatem.
3069 3774 3128 3830 ln
3164 3770 3386 3844 Spiritu
3403 3786 3509 3825 au-

1861 3866 1978 3917 tem
1996 3867 2196 3919 sancto
2237 3863 2380 3935 quid
2422 3862 2679 3935 amplius
2720 3864 2792 3919 ad
2850 3861 3264 3935 perfectionem
3296 3858 3504 3917 divina:

1861 3952 2190 4023 majestatis
2211 3954 2511 4025 potuitaut
2527 3953 2729 4010 debuit
2749 3952 3249 4026 praedicari,quam
3270 3967 3403 4007 cum
3436 3950 3507 4005 de

1862 4038 2082 4110 Spiritu
2102 4047 2303 4097 sancto
2318 4058 2383 4098 ex
2400 4041 2489 4096 Ma
2500 4042 2583 4097 ria
2602 4041 2835 4115 Virgine
2849 4049 3021 4097 natus
3034 4039 3135 4096 Dei
3153 4038 3347 4094 Filius
3360 4035 3507 4093 dici-

1859 4133 1916 4184 tu
1928 4130 2102 4203 r,ipse
2115 4132 2306 4203 opifex
2319 4130 2478 4186 illius
2496 4130 2684 4187 sancti
2699 4129 2957 4201 corporis
2972 4127 3295 4185 invenitur?
3310 4130 3372 4184 In
3392 4143 3506 4200 quo

1859 4238 1997 4295 ergo
2020 4222 2195 4294 digne
2227 4222 2415 4278 minor
2439 4225 2604 4278 Patre
2624 4219 2711 4275 vel
2734 4220 2876 4275 Filio
2906 4219 3019 4274 dici
3044 4222 3256 4290 potest,
3289 4217 3389 4288 qui
3415 4220 3507 4273 est

1858 4311 2045 4382 ipsius
2079 4310 2233 4366 unici
2259 4310 2388 4367 Filii
2410 4310 2510 4366 Dei
2530 4309 2857 4367 secundum
2877 4323 3110 4364 carnem
3131 4310 3357 4361 creator
3377 4319 3503 4359 om-

1860 4400 2163 4472 nipotens?
2194 4400 2321 4456 Haec
2353 4405 2443 4457 est
2473 4398 2732 4455 Trinitas
2755 4414 2909 4453 unus
2934 4397 3103 4462 Deus,
3128 4395 3296 4465 cujus
3316 4408 3501 4449 sacra-

1860 4495 2124 4547 mentum
2143 4496 2348 4546 sancto
2372 4493 2504 4560 Sym
2515 4487 2646 4543 bolo
2660 4484 3253 4556 contiuetur,propter
3268 4482 3419 4552 quod
3444 4481 3502 4537 in

1861 4578 2101 4635 nomine
2140 4582 2350 4645 Patris,
2384 4582 2442 4632 et
2473 4574 2622 4642 Filii,
2656 4580 2712 4631 et
2739 4574 2989 4646 Spiritus
3015 4571 3203 4629 sancti
3234 4574 3503 4628 sanetum

91 4669 151 4719 et
177 4644 525 4737 sepultum;
559 4670 623 4722 ut
674 4667 733 4721 in
783 4683 849 4723 eo
891 4667 1069 4724 simul
1121 4644 1477 4742 agnoscatur
1531 4670 1742 4727 veritas
1771 4644 1823 4711 Ῑ)
1864 4669 2169 4740 baptisma
2204 4644 2700 4723 datur.Remissio
2729 4644 2861 4720 vero
2892 4667 3289 4737 peccatorum,
3314 4660 3509 4717 carnis

94 4754 405 4825 utriusque
426 4758 670 4825 naturae,
698 4772 870 4828 quem
895 4757 1047 4814 sicut
1069 4775 1265 4815 verum
1284 4760 1465 4816 Deum
1489 4762 1745 4818 ostendit

93 4842 424 4901 divinitatis
452 4852 675 4901 aeternae
694 4847 998 4918 majestas,
1023 4848 1103 4905 ita
1118 4866 1317 4906 verum
1335 4850 1628 4907 hominem
1646 4851 1743 4907 do-

93 4940 181 4990 cet
212 4932 425 4989 divinze
458 4934 841 5008 benignitatis
871 4935 1197 4995 humilitas.
1231 4940 1379 4996 Deus
1405 4941 1621 5013 quippe
1645 4940 1741 4998 ille

88 5022 185 5095 qui
217 5027 312 5079 est
343 5023 415 5078 de
447 5022 616 5079 Patre
647 5029 874 5081 creator
900 5026 1163 5083 omnium
1199 5044 1418 5096 rerum,
1447 5030 1633 5085 factus
1654 5034 1744 5086 est

89 5113 156 5169 de
191 5113 423 5188 Virgine
453 5114 742 5171 mediator
772 5114 872 5172 Dei
907 5122 963 5171 et
995 5116 1327 5174 hominum.
1363 5121 1491 5192 Ipse
1541 5124 1740 5177 autem

92 5204 383 5260 mediator
413 5220 528 5259 non
549 5204 734 5273 ﬁeret,
763 5204 810 5259 si
848 5205 905 5261 in
938 5222 1000 5263 se
1024 5223 1137 5263 uno
1158 5206 1461 5265 veritatem
1488 5213 1741 5282 paternae

90 5297 489 5365 maternaque
522 5292 871 5348 substantiis
893 5312 1007 5349 non
1044 5294 1305 5352 haberet.
1325 5296 1484 5353 Sicut
1503 5298 1657 5353 enim
1684 5299 1739 5355 in

89 5396 151 5436 eo
172 5397 385 5437 sumus
409 5380 775 5438 reconciliati
797 5399 896 5452 per
917 5389 1159 5441 mortem
1188 5384 1314 5440 Filii
1339 5388 1628 5459 ejus,quia
1647 5389 1743 5446 ille

88 5467 371 5522 mediator
383 5481 577 5522 veram
596 5467 721 5523 inse
741 5465 1542 5539 habuitcarnem,secuudum
1561 5492 1738 5547 quam

85 5555 411 5628 susciperet
435 5572 629 5611 veram
649 5561 914 5627 mortem;
934 5558 1018 5617 sic
1041 5560 1098 5615 in
1121 5576 1187 5616 eo
1204 5562 1371 5617 nobis
1386 5563 1736 5621 beneﬁcium

85 5643 337 5703 contulit
364 5660 511 5700 verae
546 5644 1062 5717 reconciliationis,
1096 5649 1153 5704 in
1186 5666 1298 5722 quo
1328 5658 1417 5708 est
1466 5653 1548 5709 illi
1599 5671 1733 5711 cum

148 5792 228 5865 (a)
262 5788 516 5847 Videtur
541 5790 634 5848 hic
663 5791 869 5875 deesse
889 5794 1204 5853 adderetur.

1855 4757 2289 4826 resurrectio,et
2306 4758 2423 4814 vita
2442 4753 3060 4828 mterna,proptereain
3078 4750 3355 4826 Symbolo
3372 4753 3508 4824 post

1851 4846 2473 4904 commemorationem
2519 4850 2732 4902 sanctas
2781 4842 3083 4901 Trinitatis
3133 4841 3499 4914 adjungitur,

1851 4944 1917 4993 ut
1932 4936 2094 4992 illius
2109 4954 2215 4993 con
2228 4935 2499 4993 fessionis
2518 4934 2947 5006 utilitas,hujus
2964 4932 3249 4991 mercedis
3263 4931 3504 5000 subjun-

1851 5027 2045 5083 ctione
2077 5032 2465 5083 monstretur.
2498 5025 2584 5080 Ad
2616 5024 2726 5082 hoc
2758 5024 2909 5081 enim
2946 5022 3107 5079 utilis
3128 5026 3218 5078 est
3236 5020 3378 5074 ﬁdes
3394 5017 3501 5073 Pa-

1854 5116 2288 5187 tris,elFilii,et
2328 5116 2583 5187 Spiritus
2613 5114 2825 5179 sancti,
2852 5105 3496 5172 uniusscilicetteterni,

1852 5205 1995 5275 veri,
2026 5211 2081 5262 et
2112 5205 2248 5262 boni
2281 5206 2405 5275 Dei,
2439 5211 2503 5261 ut
2526 5204 2931 5260 remissionem
2958 5203 3327 5274 peccatorum
3353 5194 3497 5250 acci-

1852 5295 2108 5369 piamus,
2129 5302 2187 5351 et
2220 5295 2275 5349 in
2300 5296 2415 5351 ista
2439 5309 2609 5349 carne
2630 5294 2687 5347 in
2707 5308 2823 5363 qua
2844 5305 2999 5343 nunc
3026 5287 3274 5343 vivimus
3297 5301 3495 5341 resur-

1852 5392 2078 5459 gentes,
2113 5384 2169 5439 in
2202 5389 2488 5437 aeternum
2520 5382 2686 5437 beate
2715 5376 3141 5449 vivamuslpsa
3170 5383 3255 5431 est
3289 5374 3497 5446 pietas,

1850 5491 1981 5547 quae
2002 5474 2077 5529 ad
2098 5475 2292 5527 omnia
2324 5470 2486 5526 utilis
2516 5475 2613 5539 est,
2659 5469 3076 5535 promissionem
3126 5466 3326 5521 habens
3370 5466 3499 5522 vitae

1846 5562 2136 5639 praesentis
2170 5569 2223 5617 et
2252 5564 2460 5630 futurae
2490 5562 2530 5631 (ι
2567 5561 2701 5617 Tim.
2734 5574 2809 5625 ιν,
2839 5559 2892 5631 8)
2923 5575 2936 5625 ;
2969 5556 3272 5628 praesentis
3297 5556 3497 5629 utique

1847 5656 2099 5725 bonae,et
2126 5653 2331 5708 futurae
2354 5656 2578 5707 aeternas
2602 5666 2667 5706 ac
2690 5647 3493 5721 beate.Suhjungiturautem
