3858 6358
49 356 191 418 833

1279 352 1705 415 SEBMONES
1753 350 1914 413 DUO
1958 350 2280 414 INEDITI.

3377 356 3499 417 834

41 504 175 545 non
213 489 340 561 ipse
366 487 633 544 ﬁrmaret
672 505 688 555 ;
720 486 771 543 si
802 492 956 543 Deus
988 502 1102 541 non
1134 490 1311 553 esset,
1363 482 1548 549 angeli
1580 485 1647 538 ad
1684 496 1745 539 se
1776 488 1827 553 Α
1860 483 2021 555 plum
2058 488 2258 539 nostra
2282 499 2526 554 corpora
2564 500 2676 539 non
2708 484 2976 553 haberet;
3002 485 3051 541 si
3092 490 3243 543 Deus
3272 503 3383 544 non
3409 504 3497 545 es-

44 576 557 649 prospiciendum
609 593 722 632 non
787 575 1297 647 concupiscerent;
1347 573 1396 628 si
1439 579 1591 629 Deus
1629 590 1741 629 non

46 672 243 734 esset,
278 682 462 739 super
507 666 713 722 Jesum
738 666 1099 737 baptizatum
1136 663 1473 719 nullatenus
1513 664 1745 718 adveni'

1855 580 1962 637 set,
1986 573 2251 629 Christus
2274 574 2330 626 in
2360 573 2456 628 illo
2481 575 2767 628 daemonia
2792 590 2905 629 non
2931 575 3235 645 ejecisset;
3267 578 3313 632 si
3348 578 3501 635 Deus

1855 679 1968 717 non
1995 668 2167 726 esset,
2194 663 2400 715 cmlum
2427 668 2483 717 et
2507 674 2717 717 terram
2753 662 3091 718 nullatenus
3116 664 3498 738 implevisset.

45 763 170 823 set;
207 759 256 813 si
294 757 453 812 Deus
484 773 601 811 non
630 761 807 822 esset,
860 771 1044 809 unum
1089 770 1298 809 nomen
1324 770 1455 808 cum
1495 753 1657 807 Patre
1687 757 1744 807 et
1853 757 1983 807 Haec
2013 753 2189 821 igitur
2212 758 2268 805 et
2290 751 2382 805 his
2406 751 2622 805 similia
2648 752 2695 807 si
2726 753 3258 824 rectecogitaveris,
3280 763 3500 812 rectam

44 847 206 903 Filio
238 861 359 902 non
399 846 644 901 haberet
670 863 686 913 ;
712 844 758 900 si
789 849 940 899 Deus
964 860 1077 899 non
1101 848 1274 906 esset,
1303 844 1631 914 adoptionis
1653 844 1741 896 di-

50 938 216 991 vina
252 937 508 1007 gratiam
551 951 667 989 non
692 933 994 999 dedisset;
1018 934 1062 987 si
1092 934 1241 988 Deus
1262 948 1374 987 non
1399 936 1575 999 esset,
1602 937 1747 988 tem-

1856 840 2031 895 fldem
2066 842 2135 895 de
2165 846 2368 896 sancto
2397 840 2617 911 Spiritu
2654 857 2787 896 mox
2818 841 3082 897 habebis.

357 1144 480 1207 EX
556 1143 863 1204 LIBRO
935 1143 1062 1203 III
1134 1141 1661 1202 HINCMARI
1728 1140 2535 1203 ARCHIEPISGOPI
2608 1142 3215 1215 HHEMENSIS,

834 1291 1130 1333 anvsasus
1171 1291 1410 1332 omnem
1448 1290 1802 1345 samoauu,
1843 1291 1916 1330 an
1956 1290 2191 1330 oneum
2230 1290 2744 1343 asawvacnussm;

57 1406 223 1467 NEC
246 1407 419 1466 NON
446 1405 545 1465 EX
572 1404 802 1464 LIBltO
828 1402 911 1464 III
938 1402 1307 1463 RATRAMI
1335 1401 1852 1463 CORBEIENSIS
1877 1401 2240 1462 MONACHI
2268 1402 2589 1462 CONTRA
2614 1401 3072 1464 GR/ECOltUM
3094 1402 3504 1493 OPPOSITA.

1589 1541 2007 1553 u—

147 1621 315 1679 808
334 1621 651 1692 Fulgentius
660 1623 967 1692 episcopus,
993 1619 1319 1675 litterarum
1331 1619 1527 1674 studiis
1550 1618 1742 1673 admo-

56 1714 205 1769 dum
224 1712 513 1776 eruditus,
530 1718 581 1766 et
598 1712 725 1766 vitae
748 1712 1037 1765 sanctitate
1064 1710 1405 1780 perspicuus,
1425 1709 1491 1763 ab
1515 1706 1741 1764 Arionis

1851 1618 2135 1690 accipere,
2168 1633 2301 1673 cum
2333 1616 2457 1688 ipse
2485 1615 2740 1687 Spiritus
2771 1622 3013 1675 sanctus
3068 1618 3153 1675 sic
3198 1620 3512 1691 procedata

1854 1707 2019 1777 Filio,
2042 1706 2197 1761 sicut
2219 1705 2525 1777 procedits
2547 1706 2795 1773 Patre,et
2820 1708 2903 1763 sic
2922 1708 3091 1763 detur
3111 1725 3145 1764 a
3167 1708 3330 1777 Filio,
3356 1709 3510 1765 sicut

56 1816 295 1874 quoque
343 1816 444 1871 pro
489 1798 761 1854 catholica
810 1799 914 1862 ﬁde
950 1798 1128 1852 multa
1152 1812 1455 1869 perpessus,
1508 1798 1565 1851 in
1596 1796 1738 1852 libro
1770 1791 1814 1855 B
1844 1797 2018 1851 datur
2039 1813 2071 1852 a
2095 1794 2406 1850 Patre.Neo
2430 1794 2527 1849 illa
2548 1800 2779 1859 natura,
2807 1798 2959 1851 unde
2980 1797 3236 1869 Spiritus
3261 1803 3503 1855 sanctus

58 1891 444 1962 Questionum
484 1888 550 1943 de
588 1888 835 1959 Spiritus
887 1890 1069 1942 sancti
1114 1889 1453 1958 processione
1495 1887 1575 1941 sic
1616 1887 1696 1941 ait
1729 1903 1741 1941 :

141 1982 248 2037 Sic
272 1986 461 2036 totum
488 1980 640 2050 quod
667 1983 756 2033 est
779 1979 903 2050 ipsa
941 1984 1173 2043 natura,
1216 1992 1527 2033 commune
1555 1978 1743 2032 tribus

63 2070 385 2126 invenitur
400 2085 528 2124 esse
544 2068 831 2140 personis,
857 2072 919 2123 ut
941 2066 1165 2139 aliquid
1183 2071 1375 2123 tamen
1390 2066 1742 2133 inveniatur,

70 2176 198 2232 quo
216 2158 454 2231 proprie
474 2173 834 2229 unaquaque
858 2172 1105 2229 persona
1128 2160 1405 2212 noscatur
1434 2173 1448 2211 :
1485 2153 1641 2228 quod
1664 2160 1746 2210 ta-

75 2265 215 2305 men
249 2263 355 2302 nec
378 2247 712 2302 inveniatur
735 2245 1080 2317 separabile,
1107 2261 1210 2301 nec
1235 2245 1419 2317 possit
1440 2261 1569 2300 esse
1592 2261 1746 2299 com-

75 2354 283 2393 mune.
318 2336 463 2391 Nam
492 2335 798 2407 proprium
828 2336 1011 2390 Patris
1037 2334 1290 2389 dicimus
1320 2350 1448 2390 esse
1474 2335 1627 2405 quod
1653 2348 1745 2405 ge-

77 2426 249 2491 nuit;
304 2424 610 2497 prOprium
645 2424 901 2478 dicimus
935 2423 1062 2478 Filii
1103 2439 1250 2491 esse,
1294 2424 1447 2494 quod
1482 2422 1642 2478 solus
1672 2424 1742 2477 de

79 2514 213 2572 solo
228 2514 399 2568 Patre
420 2517 591 2568 natus
614 2519 703 2567 est
727 2537 741 2579 ;
765 2513 1065 2584 proprium
1086 2512 1340 2584 Spiritus
1360 2512 1567 2579 sancti,
1588 2512 1741 2583 quod

76 2606 153 2659 de
199 2604 375 2659 Patre
421 2602 680 2673 Filioque
724 2602 1004 2674 procedit.
1052 2600 1110 2656 ln
1158 2600 1250 2656 his
1310 2617 1444 2657 vero
1492 2600 1743 2673 prapriis

79 2692 264 2750 nulla
293 2697 380 2748 est
407 2691 941 2764 naturaaseparatio,
971 2692 1075 2746 sed
1107 2691 1374 2763 quadam
1420 2690 1742 2764 personalis

83 2782 342 2856 agnitio.

554 2871 686 2925 Item
715 2871 775 2924 in
808 2869 1280 2944 consequentibus.

1856 1887 2031 1941 habet
2053 1885 2357 1955 originem,
2388 1883 2578 1954 potuit
2610 1884 2697 1937 vel
2723 1890 3079 1957 exspectare,
3133 1888 3218 1942 vel
3252 1888 3511 1959 accipere

1855 1974 2213 2046 largitatem.
2254 1972 2504 2044 Spiritus
2550 1970 2648 2026 ille
2674 1977 2835 2028 totus
2866 1979 2953 2029 est
2982 1974 3188 2045 Patris,
3230 1980 3386 2031 totus
3417 1979 3511 2030 est

1855 2064 2027 2120 Filii:
2061 2080 2199 2134 quia
2232 2080 2383 2117 unus
2419 2060 2765 2116 naturaliter
2808 2062 3065 2133 Spiritus
3094 2069 3185 2120 est
3230 2066 3421 2121 Patris
3452 2069 3511 2121 et

1856 2153 2005 2210 Filii.
2032 2153 2281 2208 Proinde
2302 2156 2460 2207 totus
2485 2150 2555 2206 de
2582 2150 2746 2205 Patre
2775 2151 3034 2221 procedit
3056 2160 3109 2208 et
3166 2152 3325 2222 Filio,
3350 2160 3507 2212 totus

1852 2242 1913 2297 in
1936 2246 2105 2297 Patre
2130 2248 2326 2298 manet
2348 2257 2411 2296 ac
2436 2240 2577 2295 Filio
2603 2255 2615 2293 :
2647 2240 2787 2311 quia
2809 2243 2890 2296 sic
2907 2246 3098 2297 manet
3121 2247 3185 2297 ut
3210 2246 3507 2314 procedat,

1853 2335 1937 2391 sic
1956 2335 2215 2407 procedit
2238 2338 2299 2389 ut
2324 2340 2577 2390 maneat.
2603 2334 2767 2391 Unde
2787 2333 3135 2389 naturaliter
3161 2334 3309 2389 hanc
3332 2335 3510 2393 habet

1853 2441 1980 2479 cum
2013 2423 2181 2478 Patre
2211 2441 2277 2479 ac
2308 2424 2450 2480 Filio
2484 2426 2726 2480 unitatis
2756 2422 3202 2496 plenitudinem,
3236 2431 3287 2477 et
3322 2424 3507 2496 pleni-

1852 2514 2078 2568 tudinis
2107 2513 2413 2582 unitatem,
2438 2519 2503 2568 ut
2528 2519 2686 2569 totus
2711 2531 2744 2567 a
2774 2514 2959 2582 Patre,
2984 2516 3141 2567 totus
3162 2512 3449 2569 habeatur
3473 2531 3507 2569 a

1854 2601 2015 2656 Filio.
2051 2602 2175 2659 Non
2206 2619 2341 2674 ergo
2365 2603 2587 2675 accepit
2618 2603 2897 2674 Spiritum
2934 2606 3199 2657 sanctum
3233 2600 3507 2659 divinitas

1852 2690 2001 2757 Filii,
2036 2708 2164 2746 cum
2197 2709 2316 2762 qua
2363 2692 2537 2748 unius
2576 2698 2667 2748 est
2700 2697 2923 2747 natura:
2953 2691 3210 2764 Spiritus
3241 2698 3505 2763 sanctus,

1852 2787 1911 2837 et
1940 2797 2009 2836 ex
2040 2798 2155 2851 qua
2185 2780 2361 2836 habet
2390 2781 2671 2855 quidquid
2706 2781 3029 2846 babet,imo
3050 2782 3118 2836 de
3143 2798 3259 2852 qua
3282 2787 3371 2838 est
3398 2782 3505 2838 hoc

1855 2870 2008 2943 quod
2042 2875 2149 2936 est,
2186 2870 2324 2942 quia
2354 2872 2511 2944 quod
2542 2871 2885 2927 naturaliter
2916 2870 3111 2938 habet,
3146 2870 3254 2926 hoc
3285 2876 3394 2929 est.

153 2959 286 3016 Non
318 2973 455 3031 ergo
494 2958 988 3030 potuitSpiritum
1012 2964 1284 3013 sanctum
1307 2956 1580 3014 divinitas
1616 2957 1743 3014 Filii

1418 3170 2200 3243 ΔυΝΙθΝΙΤΙθ

1225 3336 1284 3375 ιη
1324 3336 1625 3376 BERMONES
1666 3336 1817 3378 DUOB
1856 3338 1950 3385 QUI
1991 3338 2360 3387 SEQUUNTUR.

159 3446 321 3503 .04
342 3444 629 3501 Sermones
651 3445 804 3501 hosce
826 3445 968 3502 duos
987 3444 1253 3502 hactenus
1270 3446 1523 3513 ineditos,
1551 3463 1580 3501 e
1605 3446 1747 3503 Vati—
1774 3453 1820 3518 ο
1856 3450 2061 3505 calcem
2089 3466 2317 3521 operum
2343 3450 2464 3520 ejus
2500 3465 2792 3520 apponere.
2828 3450 3028 3506 Horum
3059 3453 3247 3505 autem
3270 3452 3513 3522 priorem

77 3552 229 3593 ωηο
247 3534 435 3591 codice
456 3551 489 3589 a
509 3535 627 3589 viro
651 3534 970 3591 clarissimo
994 3540 1136 3591 Luca
1169 3537 1459 3591 Holstenio
1479 3535 1611 3591 olim
1633 3539 1749 3592 des-
1858 3555 1979 3594 vere
2008 3537 2301 3607 Fulgenlii
2345 3556 2459 3594 esse
2508 3539 2603 3593 vix
2646 3538 3004 3604 dubitamus;
3051 3541 3351 3610 posteriori
3388 3554 3513 3595 vero

76 3625 369 3696 criptos,et
402 3626 473 3678 ab
508 3624 941 3680 eminentissimo
975 3624 1263 3681 cardinate
1305 3626 1606 3681 Barberino
1642 3626 1751 3681 huc
1856 3635 2135 3682 auctorem
2171 3626 2430 3693 alium,et
2462 3628 2611 3682 hunc
2639 3627 2857 3700 quidem
2894 3628 3343 3699 probatum,ticet
3369 3630 3515 3698 forte

78 3717 279 3780 misso,
303 3714 438 3785 quia
460 3730 586 3768 cum
612 3713 828 3768 caeteris
870 3714 1049 3770 sancti
1088 3716 1374 3787 Fulgentii
1406 3715 1750 3771 sermonibus
1858 3716 2151 3784 Futgentio
2171 3718 2524 3786 posteriorem
2558 3716 2953 3772 vindicandum
2978 3717 3348 3773 arbitramur.
3375 3716 3509 3786 Quis

75 3819 184 3860 suo
204 3803 406 3859 ordine
425 3804 486 3857 in
507 3802 683 3857 lucem
702 3802 858 3860 edere
879 3820 988 3861 non
1031 3803 1214 3871 licuit,
1246 3804 1424 3860 visum
1463 3813 1541 3861 est
1561 3806 1653 3860 hic
1682 3805 1752 3860 ad
1858 3821 1988 3860 vero
2011 3807 2084 3860 sit
2111 3805 2210 3861 itle
2237 3806 2505 3861 hactenus
2532 3822 2641 3862 non
2672 3810 3057 3877 comperimus.

1233 4031 1355 4130 S.
1443 4031 2386 4134 PULGBNTII

264 4220 610 4346 DUO
707 4221 1599 4344 SERMONES
1695 4221 2582 4344 HACTENUS
2665 4216 3342 4349 INEDITI.

653 4498 894 4556 SERMO
930 4499 1216 4555 PRIMUS.

528 4591 595 4643 In
619 4589 1043 4645 circumcisione
1084 4589 1329 4645 Domini.

1869 4499 2079 4554 merita
2102 4500 2358 4567 fuerunt,
2390 4504 2454 4555 ut
2496 4498 2844 4571 Unigenitus
2888 4499 3040 4555 Deus
3072 4499 3248 4557 homo
3280 4501 3403 4558 ﬁeri
3434 4502 3526 4560 di-

1868 4592 2170 4659 gnaretur,
2195 4592 2258 4643 ut
2274 4588 2616 4643 Altissimus
2638 4587 3070 4656 humiliaretur,
3104 4594 3169 4644 ut
3188 4590 3529 4650 indeﬁcieas

172 4681 222 4732 1.
282 4675 716 4735 Incarnationis
764 4678 971 4733 divinae
1002 4677 1377 4750 mysterium,
1422 4682 1631 4733 nostris
1669 4693 1760 4733 re-
1869 4684 2207 4749 angelorum
2244 4678 2411 4748 panis
2457 4677 2728 4734 femineis
2772 4678 3053 4733 uberibus
3094 4678 3432 4748 laetaretur,
3464 4686 3530 4737 ut

86 4766 1760 4838 conciliationisegregiumsacramentum,obhocanobis
1802 4832 1835 4840 Α
1868 4780 1969 4821 rex
2025 4765 2368 4822 siliculorum
2436 4766 2807 4823 contumeliis
2867 4767 3223 4840 afficeretur,
3293 4774 3358 4825 ut
3404 4770 3524 4827 vita

93 4872 301 4910 annua
320 4832 686 4911 revolutione
700 4832 1031 4912 celebratur
1048 4861 1107 4911 et
1122 4832 1356 4925 colitur,
1381 4856 1599 4912 uttanti
1617 4873 1771 4911 com-
1801 4832 1847 4895 D
1877 4859 2088 4909 aeterna
2113 4855 2256 4911 mori
2288 4855 2715 4928 patientissime
2737 4857 3077 4928 dignaretur
3100 4858 3128 4913 ?

91 4946 446 5001 memoratio
470 4944 732 5000 beneficii
760 4946 899 5016 quid
932 4946 1102 5001 nobis
1131 4946 1390 5017 indignis
1414 4945 1747 5016 impensum
1930 4946 1983 4999 2.
2020 4946 2267 5001 Attende
2295 4946 2498 5017 igitur.
2530 4962 2562 5001 ο
2595 4946 2791 5015 homo,
2822 4953 2998 5003 tanta:
3044 4948 3425 5020 benignitatis
3450 4946 3535 5003 di-

94 5034 394 5101 ostendat,
427 5033 636 5105 etquid
660 5038 833 5089 tantae
855 5033 1051 5106 gloriae
1081 5035 1399 5091 debeamus
1424 5035 1755 5089 admoneat.
1873 5036 2228 5104 gnationem,
2254 5040 2317 5091 ut
2345 5036 2630 5093 actionem
2660 5037 2951 5107 persolvas
2974 5037 3280 5094 humiliter
3316 5036 3531 5109 gratia-

94 5122 845 5193 Proiade,fratres,quauto
870 5123 1061 5195 magis
1082 5124 1420 5179 audivimus
1453 5122 1762 5177 Dominum
1874 5139 2025 5177 rum.
2048 5122 2205 5179 Scito
2224 5132 2416 5179 autem
2439 5130 2493 5179 te
2513 5140 2626 5179 non
2648 5124 3183 5195 honorificentiam,
3204 5127 3306 5181 sed
3329 5131 3534 5182 contu-

88 5212 291 5266 Jesum
325 5209 624 5266 Christum
651 5227 753 5282 pro
783 5210 951 5267 nobis
985 5211 1439 5269 misericorditer
1481 5210 1752 5267 humilia-
1874 5212 2108 5267 meliam
2143 5214 2352 5269 divinas
2381 5214 2581 5285 gratiae
2615 5214 2875 5278 reddere,
2908 5214 2954 5267 si
2998 5213 3242 5283 coeperis
3275 5215 3348 5270 de
3378 5215 3529 5271 tanti

92 5305 414 5369 tum,tanto
435 5302 623 5371 magis
635 5316 1026 5372 agnoscamus
1045 5301 1759 5373 ineti‘abilitergloriosum.
1871 5300 2135 5357 beneﬁcii
2152 5301 2554 5372 magnitudine
2566 5300 3445 5375 dubitareJmoillaomniaquse
3459 5305 3532 5361 ds

92 5388 155 5445 ln
186 5406 257 5445 eo
286 5405 545 5461 namque
576 5405 745 5446 suam
763 5391 918 5445 circa
949 5406 1054 5445 nos
1077 5389 1531 5462 insuperabilem
1559 5389 1763 5445 carita-
1871 5388 2765 5461 humilitateatquehumaaitate
2792 5388 3017 5444 Domini
3036 5389 3355 5447 Salvatoris
3372 5394 3536 5449 audi-

94 5481 217 5534 tam
251 5477 409 5534 Deus
445 5475 794 5551 Unigenitus
816 5478 1113 5533 evidenter
1141 5478 1416 5545 ostendit,
1442 5478 1629 5551 inquo
1660 5495 1761 5549 pro
1871 5481 2086 5545 vimus,
2110 5495 2243 5532 vera
2261 5494 2387 5532 esse
2408 5476 2534 5532 sine
2558 5476 2758 5548 aliqua
2783 5477 3150 5535 haesitatione
3192 5481 3531 5554 credamus,

94 5567 272 5624 nobis
294 5566 687 5623 humilitatem
724 5582 866 5622 vere
888 5567 1085 5623 carnis
1111 5584 1377 5640 veraeque
1401 5569 1627 5636 mortis,
1646 5584 1756 5623 non
1868 5568 1940 5624 Et
1969 5567 2097 5624 ideo
2126 5566 2315 5639 magis
2336 5566 3184 5642 agamusgratias,fratres,qui
3205 5587 3333 5626 cum
3352 5587 3534 5629 mere-

93 5663 342 5712 coactus
366 5657 840 5727 necessitate,sed
865 5656 1125 5713 bonitate
1147 5656 1458 5714 miseratus
1479 5675 1756 5730 assump-
1872 5672 2073 5712 remur
2090 5672 2341 5728 poenam,
2358 5654 2730 5727 percepimus
2755 5657 3003 5729 gratiam
3028 5676 3041 5715 :
3070 5676 3189 5730 qua
3208 5652 3395 5731 gratia
3412 5661 3536 5718 fac-

89 5748 190 5815 eit.
225 5747 383 5814 Quid
425 5746 581 5803 enim
615 5747 749 5804 boni
780 5746 1129 5817 feceramus,
1159 5749 1388 5814 fratres,
1424 5752 1485 5803 ut
1532 5752 1758 5805 tantum
1870 5753 1996 5803 tum
2014 5745 2494 5817 estutdumjuste
2514 5762 2669 5802 mors
2688 5747 3337 5821 debeturperditis,vita
3352 5751 3536 5817 gratis

90 5837 266 5895 nobis
317 5837 669 5893 beneﬁcium
723 5837 1144 5909 prastaretur?
1183 5838 1317 5903 Qum
1364 5842 1564 5895 nostra
1604 5838 1759 5896 bona
1869 5840 2188 5896 donaretur
2208 5836 2489 5909 indignis.
2521 5838 2674 5897 005
2694 5836 2984 5897 Altissimi
3012 5856 3265 5912 namque
3283 5838 3537 5898 Salvato-
