3858 6350
446 359 566 420 835
1441 354 1506 412 S.
1554 348 1975 411 FULGENTII
2020 345 2374 409 EPlStLOPI
2420 351 2854 414 RUSPENSIS
3630 366 3704 425 336

439 494 521 549 ris
548 491 854 547 humilitas
887 506 999 544 non
1031 487 1140 560 ipsi
1171 486 1404 558 aliquod
1432 485 1631 541 intulit
1652 484 2083 551 detrimentum,
2115 484 2168 550 Α
2199 498 2435 555 corpore
2465 487 2663 542 fecerit
2691 475 3006 544 celebrari?
3031 489 3146 546 Cur
3173 494 3352 547 autem
3375 509 3475 548 non
3499 494 3587 551 sibi
3609 496 3707 554 Deus

437 583 539 638 sed
573 581 1000 636 incrementum
1032 576 1200 633 nobis
1228 575 1473 631 contulit
1505 590 1781 646 magnum
1807 591 1820 641 ;
1855 589 1958 627 nec
1989 589 2088 626 ex-
2202 577 2399 628 noster
2423 574 2714 644 praeterito
2739 581 2999 648 tempore
3022 577 3287 649 populum
3313 580 3590 638 Judzeorum
3613 586 3707 656 typi-

438 671 625 727 celsos
652 669 878 741 dejecit,
907 667 1010 723 sed
1025 668 1283 738 dejectos
1304 664 1584 721 ernxit.Ut
1607 664 1761 720 enim
1789 662 1883 717 Dei
1908 661 2089 717 Filius
2198 663 3059 730 casjussissetvictimascarnis
3073 667 3709 743 ott‘erre,quandoipseDeus

439 759 676 832 plenum
704 762 1046 830 operaretur
1077 755 1499 826 redemptionis
1531 758 1740 808 nostra;
1771 751 2087 822 negotium,
2198 751 2352 806 088
2379 751 2726 822 Unigenitus
2755 772 2820 810 ex
2851 755 3061 810 Iudaeis
3093 758 3460 828 temporaliter
3486 767 3632 827 natus,
3656 779 3708 816 se-

439 865 552 905 non
569 849 760 903 sclum
776 847 1051 917 dignatus
1066 850 1155 899 est
1171 846 1348 899 totius
1364 841 1556 898 carnis
1575 843 1898 902 creator.de
1916 855 2092 894 carne
2200 841 2392 912 ipsum
2411 858 2511 912 pro
2527 845 2742 899 nostris
2765 845 3012 915 peccatis
3034 846 3345 901 secundum
3365 863 3558 904 carnem
3570 850 3707 920 digna-

438 939 691 1010 Virginis
709 936 1035 992 secundum
1061 933 1360 990 veritatem
1382 933 1578 988 carnis
1601 937 1737 986 natu
1750 932 1949 985 raliter
1962 945 2093 984 nas-
2196 934 2294 984 tus
2312 936 2399 985 est
2419 931 2751 988 immolari?
2773 935 3045 988 Attendat
3061 934 3233 999 igitur
3252 934 3707 993 Manichausutrius-

434 1029 508 1096 ci,
529 1035 586 1083 et
606 1030 754 1084 Deus
777 1027 959 1081 factor
980 1024 1434 1082 hominis.homo
1458 1039 1626 1076 verus
1649 1038 1717 1076 ex
1740 1020 1974 1074 homine
1990 1019 2089 1073 ἥθ’
2196 1024 2671 1091 queTestamenti
2695 1023 3294 1080 manifestissimamet
3307 1026 3707 1082 concordissimam

431 1122 475 1176 ri
497 1119 851 1191 ;quinetiam
876 1113 1411 1186 pannisinvolvi,in
1440 1111 1862 1176 augustissimo
1881 1124 2091 1182 przese.
2198 1110 2520 1178 veritatem,
2569 1118 2628 1166 et
2675 1113 2987 1168 vanitatem
3020 1129 3323 1170 conversus
3364 1114 3706 1186 abjiciatsuam.

426 1211 521 1283 pio
552 1207 844 1274 collocari,
867 1214 1068 1261 octavo
1099 1204 1192 1258 die
1225 1201 1592 1266 circumcidi,
1619 1210 1672 1256 et
1698 1201 1764 1255 ad
1796 1200 2085 1269 templum
2197 1198 2399 1254 Videat
2419 1199 2479 1254 in
2504 1200 2692 1256 Veteri
2714 1201 3084 1258 Testamento
3113 1204 3546 1275 significationem
3566 1206 3710 1260 future

426 1314 601 1354 suum
633 1295 911 1351 humanis
943 1294 1219 1348 manibus
1244 1292 1518 1360 bajulari.
1554 1289 1598 1345 Ο
1621 1287 2086 1344 clementissima
2194 1305 2349 1357 rum,
2372 1290 2429 1344 in
2453 1294 2610 1346 Novo
2633 1292 3057 1362 praeteritorum
3083 1293 3707 1363 revelationem;Christum

2193 1385 2386 1434 autem
2419 1380 2604 1435 Deum
2638 1383 2945 1437 amborum
2974 1383 3469 1449 Testamentorum,
3511 1385 3555 1438 in
3581 1383 3706 1438 Veteri

2191 1467 2565 1524 Testamento
2584 1470 2737 1540 quod
2760 1469 3127 1526 exhibiturus
3161 1472 3337 1526 fuerat
3361 1471 3706 1543 promittentem.

429 1384 877 1457 Deibenignitas
900 1383 954 1438 !o
973 1380 1203 1437 excelsa
1215 1379 1489 1436 altissimi
1517 1380 1610 1433 Dei
1641 1377 1946 1433 humilitas
1962 1377 1973 1431 !
1989 1378 2086 1432 Ille

427 1495 461 1532 ιι
492 1479 678 1530 matre
736 1471 1106 1528 nutriebatur
1156 1468 1510 1534 infantulus,
1543 1468 1642 1539 qui
1677 1473 1920 1522 matrem
1970 1466 2081 1521 sibi

423 1563 645 1622 creavit
694 1563 1044 1617 immensus.
1107 1559 1237 1630 Ipse
1286 1575 1319 1612 a
1385 1557 1721 1630 parentibus
1783 1556 1856 1611 ad
1905 1572 2076 1610 suum

425 1653 711 1726 templum
771 1667 933 1722 puer,
982 1647 1260 1720 parvulus
1332 1647 1696 1720 portabatur,
1769 1645 1868 1716 qui
1931 1649 2078 1699 Deus

423 1759 674 1817 magnus
698 1743 754 1797 in
779 1741 980 1796 eodem
1007 1737 1226 1810 templo
1249 1756 1282 1793 a
1303 1737 1524 1793 sanctis
1553 1735 1896 1792 hominibus
1923 1752 2078 1805 roga-

2192 1557 2252 1611 in
2284 1556 2435 1612 Novo
2467 1558 2830 1614 exhibentem
2866 1559 3022 1631 quod
3057 1563 3417 1632 promiserat:
3446 1576 3528 1615 nec
3553 1559 3598 1614 in
3622 1576 3705 1629 pro-

2193 1647 2472 1702 missione
2491 1664 2619 1704 men
2631 1648 2848 1712 dacem,
2868 1666 2970 1705 nec
2993 1649 3254 1705 fallacem
3275 1656 3326 1705 in
3349 1649 3604 1705 donatione
3622 1649 3707 1703 :sed

2188 1735 2405 1807 ubique
2425 1737 2665 1803 bonum,
2685 1738 3709 1811 ubiquejustum,ubiquesanctum,ubi-

424 1835 614 1889 batur.
649 1833 718 1888 Et
750 1831 905 1886 idem
941 1846 1042 1900 pro
1075 1844 1137 1884 se
1172 1826 1522 1882 sacriticium
1559 1826 1830 1898 praecepit
1859 1824 2074 1891 offerri,
2110 1851 2154 1915 Β
2187 1841 2300 1896 que
2334 1831 2648 1897 potentem,
2679 1827 2894 1900 ubique
2925 1829 3264 1885 clementem
3294 1845 3306 1884 :
3334 1829 3387 1884 in
3404 1828 3559 1883 Veteri
3580 1828 3709 1883 Testa-

420 1922 518 1994 qui
540 1922 668 1978 sine
692 1929 924 1994 peccato
944 1935 1046 1991 pro
1070 1917 1284 1973 nostris
1300 1922 1532 1972 venerat
1553 1916 1953 1988 impietatibus
1971 1915 2076 1969 im-

421 2010 645 2067 molari.
671 2009 988 2067 Considera
1011 2007 1212 2080 igitur,
1237 2006 1433 2075 homo,
1456 2005 1596 2077 quid
1620 2006 1834 2060 debeas
1848 2003 2072 2060 excelso

423 2105 600 2172 atque
631 2099 941 2156 humiliato
970 2113 1072 2169 pro
1103 2102 1158 2150 te
1180 2114 1194 2163 ;
1216 2095 1440 2151 excelso
1465 2095 1717 2150 Creatori
1742 2101 1860 2163 tuo,
1886 2093 2075 2148 humi-

417 2189 558 2247 liato
593 2187 964 2259 Redemptori
993 2190 1116 2241 tuo.

488 2281 541 2334 3.
566 2279 996 2337 Verumtamen,
1012 2274 1324 2342 carissimi,
1343 2273 1453 2329 hoc
1474 2289 1704 2344 semper
1724 2271 2071 2328 Christianas

418 2368 550 2423 fidei
570 2373 767 2422 tenere
790 2365 1096 2420 consuevit
1117 2362 1444 2431 integritas,
1471 2367 1534 2416 ut
1557 2363 1605 2416 si
1629 2361 1769 2433 quid
1796 2361 2068 2417 aChristo

417 2455 743 2512 secundum
775 2452 1115 2508 canonicam
1144 2451 1648 2522 Evangelislarum
1675 2449 2065 2505 narrationem

423 2547 644 2601 factum
679 2543 932 2615 legimus
965 2542 1048 2596 vel
1083 2542 1442 2608 audivimus;
1479 2540 1782 2596 historiam
1809 2540 2065 2613 primum

412 2650 608 2690 veram
623 2649 752 2688 esse
768 2631 890 2688 sine
905 2630 1267 2687 dubitatione
1284 2631 1614 2697 credamus,
1640 2631 1845 2685 deinde
1867 2631 1923 2684 in
1951 2629 2068 2685 his-

417 2723 602 2780 torica
621 2723 865 2777 veritate
887 2720 1213 2792 spiritalem
1238 2737 1473 2792 quoque
1505 2719 1952 2792 intelligentiam
1986 2737 2070 2775 re-

414 2814 739 2884 quiramus.
772 2815 911 2864 Cum
943 2809 1098 2864 enim
1149 2809 1358 2865 divinas
1389 2815 1580 2865 textus
1611 2809 1866 2864 historiis
1896 2827 2065 2865 verus

411 2918 541 2958 esse
553 2902 830 2966 creditur,
849 2898 1204 2955 Manicheeus
1222 2899 1278 2954 in
1305 2916 1412 2954 sua
1435 2899 1742 2954 severitate
1755 2899 2065 2954 contundi-

410 2996 536 3046 tur:
571 2989 671 3061 qui
693 2989 833 3043 dum
865 2987 923 3043 in
950 2986 1181 3044 Christo
1199 2988 1298 3043 Dei
1322 2987 1466 3044 Filio
1489 2989 1787 3044 veritatem
1814 3005 1925 3043 non
1941 3005 2064 3044 cre-

410 3079 496 3134 dit
526 3077 744 3145 carnis,
775 3075 1093 3146 Scripturis
1127 3077 1352 3132 sanctis
1383 3081 1440 3132 et
1485 3077 1784 3132 veteribus
1814 3083 1871 3132 et
1901 3077 2064 3132 novis

2187 1921 2379 1970 mento
2411 1915 2605 1971 carnis
2644 1923 2821 1988 atque
2853 1918 3065 1973 animae
3103 1918 3532 1990 potentissimum
3558 1923 3707 1971 crealo-

2184 2020 2324 2070 rem,
2360 2004 2416 2059 in
2443 2004 2599 2060 Novo
2621 2006 2884 2075 ejusdem
2917 2007 3112 2062 carnis
3141 2012 3310 2079 atque
3337 2007 3513 2062 anime
3531 2005 3707 2060 clemen-

2181 2093 2476 2149 tissimum
2509 2101 2901 2165 susceptorem
2925 2121 2938 2160 ;
2962 2113 3029 2150 ac
3059 2097 3142 2152 sic
3166 2097 3342 2168 primo
3364 2096 3524 2152 carnis
3541 2093 3706 2148 anima-

2181 2199 2294 2254 que
2309 2183 2672 2239 salvatorem.
2706 2186 2836 2240 Haac
2861 2185 3214 2241 Manichacus
3235 2183 3705 2252 audiat,conferat,a-

2180 2276 2444 2343 gnoscat,
2460 2277 2512 2326 et
2545 2273 3132 2343 credat,credensque
3163 2277 3230 2330 ad
3245 2274 3520 2330 Ecclesiam
3533 2269 3704 2327 catholi.

2179 2377 2304 2416 cam
2340 2361 2621 2429 redeat,in
2637 2378 2754 2434 qua
2782 2361 3130 2419 beneficium
3162 2380 3299 2420 vera:
3326 2359 3704 2419 salutisinveniat.

2245 2449 2414 2505 5.Per
2445 2451 2562 2506 haec
2593 2456 2786 2507 autem
2820 2468 2946 2524 quae
2979 2453 3259 2508 Dominus
3282 2451 3448 2526 gessit
3469 2453 3514 2506 in
3536 2462 3703 2518 corpore

2179 2538 2674 2607 constitutus,non
2696 2539 2884 2596 solum
2904 2543 3216 2615 utriusque
3234 2538 3547 2598 Testamenti
3570 2536 3705 2606 digna-

2178 2633 2274 2682 tus
2300 2632 2384 2682 est
2412 2628 2782 2684 concordiam
2809 2631 3233 2700 demonstrare,
3249 2628 3578 2687 verumetiam
3595 2623 3704 2679 Chri-

2179 2717 2508 2772 stianorum
2543 2733 2738 2773 mores
2795 2718 3119 2776 inlorniare
3153 2720 3444 2776 salubriter
3465 2715 3636 2772 voluit:
3667 2714 3703 2764 nt

2177 2806 2330 2877 quod
2363 2806 2420 2860 in
2454 2806 2552 2861 illo
2587 2824 2689 2878 pro
2721 2807 2910 2862 salute
2934 2814 3142 2866 nostra
3161 2816 3378 2882 gestum
3403 2817 3706 2874 esseeorpora-

2177 2895 2311 2949 liter
2343 2894 2663 2964 intuemur,
2697 2896 2997 2952 imitemur
3058 2916 3165 2954 nos
3203 2914 3420 2972 quoque
3444 2890 3704 2968 spiritaliter.

2147 3031 2149 3033 .
2178 2985 2309 3040 Ideo
2343 3001 2596 3056 namque
2630 2985 2908 3057 parvulus
2943 2988 3000 3042 in
3032 2993 3194 3044 terra
3222 2997 3381 3044 natus
3407 2990 3485 3042 est
3507 2981 3704 3038 Christus.

2177 3078 2242 3128 ut
2269 3073 2660 3129 humilitatem
2695 3077 2944 3132 disceret
2972 3079 3354 3135 Christianus.
3385 3079 3458 3134 0b
3484 3077 3569 3130 hoc
3591 3070 3703 3126 etiam

405 3169 627 3224 crimen
643 3165 1148 3237 nititurimponere
1164 3166 1602 3222 falsitatis.Nam
1621 3166 2065 3222 VeterisTesta-
2099 3207 2141 3273 C
2178 3164 2514 3234 parentibus
2533 3164 2723 3219 carnis
2737 3169 3152 3225 suassubditus
3181 3174 3316 3236 erat,
3347 3173 3405 3223 ut
3424 3162 3706 3222 honoriﬁcen-

551 3257 586 3273 .·
631 3257 645 3273 ι
691 3256 869 3273 -n-,_._
903 3254 1265 3273 _A:--A,,,,_,
1349 3260 1360 3273 ι
1429 3255 1516 3273 .12
1560 3259 1602 3273 ._
1823 3255 1952 3273 3,‘v
2173 3253 2796 3273 a:__4-_‘_,__,-.,2,.
2938 3261 2948 3273 ι
2995 3257 3006 3269 ο
3189 3259 3199 3269 ο
3263 3257 3312 3273 ne
3369 3247 3683 3273 -.-,____-..Li

407 3257 589 3313 menti
615 3256 876 3311 deiticam
902 3254 1081 3310 miser
1107 3260 1443 3310 exsecratur
1460 3255 1788 3323 historiam,
1821 3255 1876 3310 in
1908 3255 2063 3311 Novo

402 3347 777 3402 Testamento
819 3344 942 3414 ipse
995 3343 1109 3399 sibi
1154 3345 1406 3416 denegat
1451 3346 1648 3417 utique
1690 3343 2060 3407 medicinam.

404 3435 531 3491 Non
561 3434 684 3490 vult
712 3433 870 3489 enim
895 3432 1212 3488 humanam
1228 3435 1460 3490 credere
1474 3450 1705 3490 carnem
1725 3451 1760 3489 a
1782 3434 1896 3490 Deo
1913 3433 2063 3505 plas-

406 3530 647 3595 matam,
673 3539 862 3595 neque
906 3525 1409 3582 circumcisionem
1442 3525 1635 3580 carnis
1657 3525 2004 3596 imperatam
2028 3540 2062 3578 a

406 3620 518 3674 Deo
557 3619 775 3674 nostris
807 3621 1028 3676 sanctis
1059 3620 1346 3691 patribus,
1382 3633 1486 3671 nec
1516 3616 1812 3672 victimam
1844 3616 1914 3670 de
1941 3633 2064 3671 car-

404 3707 579 3763 nibus
596 3707 943 3763 animalium
961 3709 1075 3764 Deo
1096 3708 1224 3764 vivo
1237 3713 1291 3763 et
1315 3722 1446 3760 vero
1465 3707 1674 3775 priscis
1699 3705 2057 3776 temporibus

402 3794 787 3862 immolatam,
815 3812 918 3851 nec
931 3797 1242 3851 sabbatum
1261 3812 1330 3850 ex
1352 3794 1446 3849 Dei
1467 3799 1748 3865 praecepto
1771 3810 1836 3850 ac
1857 3793 2058 3848 volun-

400 3887 520 3936 tate
552 3887 872 3948 servatum,
907 3900 1011 3939 nec
1065 3883 1414 3939 fabricatum
1459 3881 1712 3936 Domino
1767 3882 2054 3952 templum

395 3970 644 4040 jubente
681 3972 813 4027 Deo.
848 3971 1048 4043 Itaque
1080 3973 1218 4026 dum
1248 3972 1305 4026 in
1334 3970 1654 4041 Scripturis
1687 3971 1910 4026 sanctis
1943 3987 2056 4026 non

404 4059 690 4116 discernit
710 4066 1041 4132 temporum
1077 4059 1444 4133 qualitatem,
1469 4060 1693 4131 spernit
1720 4065 1777 4115 et
1806 4063 2055 4132 despicit

403 4148 850 4207 saluberrimam
899 4151 1200 4207 veritatem
1255 4149 1560 4205 dominicae
1611 4150 2048 4206 incarnationis.

403 4239 526 4303 Qua
556 4245 792 4313 propter
821 4245 886 4296 ut
948 4239 1305 4296 Manichasus
1335 4237 1780 4294 evidentissima
1829 4240 2052 4296 ratione

399 4329 670 4386 vincatur
697 4335 756 4386 et
775 4334 1168 4396 convertatur,
1204 4330 1431 4384 utinam
1468 4327 1648 4384 victus
1680 4346 1750 4384 ex
1773 4329 2052 4386 hodierna

398 4419 733 4492 evangelica
760 4420 1031 4490 lectione,
1065 4421 1365 4476 veritatem
1417 4419 1773 4474 Testamenti
1822 4419 2048 4476 Veteris

396 4508 802 4578 defendamus,
839 4516 900 4565 ut
925 4526 994 4565 ex
1025 4509 1132 4564 hoc
1156 4509 1381 4565 Veteris
1412 4514 1469 4564 et
1491 4508 1632 4564 Novi
1659 4511 1834 4564 Deum
1867 4524 2044 4565 unum

399 4590 876 4646 manifestissime
921 4590 1403 4662 comprobemusl

469 4678 520 4731 4.
566 4677 709 4731 Ecce
762 4684 963 4733 sancto
1005 4679 1312 4750 Evangelia
1346 4684 1623 4735 narrante
1671 4680 2052 4752 cognovimus

395 4763 693 4820 Christum
746 4765 845 4820 Dei
899 4766 1108 4822 Filium
1159 4767 1440 4823 veraciter
1469 4769 1908 4836 circumcisum,
1944 4786 2045 4840 pro

2173 3253 2313 3308 tiam
2333 3269 2453 3307 sem
2465 3271 2566 3325 per
2580 3254 2727 3325 patri
2747 3261 2804 3310 et
2835 3257 3009 3311 matri
3036 3259 3234 3314 omnis
3258 3256 3577 3312 Christianus
3598 3247 3705 3304 exhi-

2173 3344 2321 3398 beat.
2353 3343 2482 3399 ldeo
2516 3349 2709 3400 autem
2737 3345 3003 3403 Christus
3033 3349 3252 3406 vilibus
3282 3348 3472 3421 pannis
3499 3341 3710 3400 involutus

2171 3438 2280 3496 est,
2297 3441 2358 3488 ut
2381 3432 2748 3490 Christianus
2771 3453 2887 3491 non
2914 3436 3304 3494 delectaretur
3323 3423 3551 3493 vestibus
3571 3427 3706 3502 pretio-

2170 3521 2272 3578 sis.
2309 3525 2618 3593 PrOpterea
2643 3539 2775 3579 vero
2804 3524 3077 3581 Christus
3109 3527 3167 3583 in
3204 3533 3350 3583 terra
3377 3538 3563 3598 pauper
3583 3514 3706 3571 voluit

2169 3626 2470 3682 apparere,
2506 3616 2569 3666 ut
2598 3610 3132 3671 (livitesChristiani
3150 3616 3639 3672 discerentterrenas
3657 3603 3708 3656 di-

2166 3699 2338 3754 vitius
2351 3717 2462 3755 non
2479 3717 2704 3769 amare;
2726 3703 2825 3757 sed
2853 3701 3283 3777 eleemosynam
3301 3700 3600 3776 pauperibus
3621 3708 3707 3750 ero-

2166 3792 2380 3860 gando,
2406 3796 2647 3860 possent
2663 3807 2802 3846 suas
2825 3790 3058 3848 divitias
3083 3795 3142 3849 in
3155 3795 3295 3851 cmlo
3308 3806 3526 3850 servare.
3553 3786 3617 3842 0b
3641 3784 3706 3836 hoc

2166 3879 2276 3932 fuit
2308 3879 2364 3932 in
2399 3884 2649 3950 angusto
2663 3881 2946 3952 prasepio
2971 3883 3200 3952 positus
3218 3875 3567 3951 Christus,qui
3582 3870 3702 3928 totius

2164 3966 2222 4021 in
2257 3966 2560 4023 latitudine
2584 3986 2694 4023 non
2713 3969 2917 4024 ﬁnitur
2938 3974 3160 4028 mentis
3191 3990 3332 4029 suae:
3367 3971 3481 4026 utin
3501 3980 3603 4024 eum
3624 3974 3708 4015 πθ·

2163 4056 2366 4112 dentes
2381 4057 2638 4128 spiritale
2649 4057 2929 4114 haberent
2946 4061 3250 4131 pabulum,
3281 4068 3336 4118 et
3354 4051 3608 4115 Christiani
3625 4049 3706 4103 dis-

2163 4153 2359 4201 cerent
2380 4164 2492 4202 non
2515 4147 2741 4203 inhiare
2759 4150 3035 4206 domibus
3058 4159 3162 4208 aut
3181 4139 3704 4224 possessionibnsalio-

2162 4235 2426 4291 rum.Cui
2451 4237 2607 4291 enim
2639 4235 3705 4310 Christianoquantumlibetvilisdomusi

2159 4325 2251 4379 vel
2286 4325 2645 4396 possibilitas
2676 4326 2912 4398 propria
2939 4345 3054 4384 non
3075 4314 3704 4402 sulﬁciat,quandoChris‘

2161 4427 2218 4476 to
2253 4415 2348 4468 Dei
2385 4413 2524 4469 Filio
2566 4416 2780 4471 modici
2814 4419 3077 4491 praesepii
3115 4420 3342 4476 suffecit
3373 4405 3638 4490 angustia?

2227 4503 2282 4558 6.
2333 4507 2439 4558 Per
2468 4505 2979 4563 circumcisionem
3023 4525 3158 4564 vero
3189 4526 3360 4581 quam
3394 4507 3480 4563 Dei
3507 4499 3647 4559 Filius
3671 4495 3707 4546 in

2162 4608 2336 4646 carne
2359 4592 2830 4665 suscepit,nostri
2852 4597 3043 4653 cordis
3065 4597 3541 4654 circumcisionem
3563 4590 3605 4643 in
3624 4581 3707 4652 sPl'

2163 4681 2276 4735 ritu
2322 4684 2802 4752 praemonstravit.
2849 4685 3032 4748 Quam
3085 4686 3554 4744 circumcisionem
3594 4669 3708 4730 nobis

2153 4786 2345 4826 sermo
2379 4771 2580 4843 legalis
2615 4771 2842 4842 indicit,
2875 4775 3104 4831 dicente
3161 4777 3382 4849 Moyse:
3413 4761 3710 4829 Czrcumcidil!

395 4854 620 4910 Christo
645 4854 742 4911 Dei
767 4854 908 4910 Filio
931 4856 1284 4911 sacriﬁcium
1308 4856 1378 4910 de
1399 4858 1693 4922 carnibus,
1721 4859 2046 4914 secundum
2144 4860 2488 4932 praeputium
2521 4861 2701 4916 cordis
2729 4864 2915 4927 vestri,
2937 4877 2989 4919 et
3007 4863 3465 4922 circumcidimini
3486 4861 3571 4916 Deo
3592 4859 3708 4910 οεδίνθ

395 4961 614 5000 morem
649 4949 788 4999 tunc
817 4944 1029 4999 divina
1050 4943 1446 4999 institutionis
1475 4945 1730 5000 oblatum
1767 4965 1780 5001 :
1813 4946 1930 5002 sive
1948 4963 2047 5001 au‘

397 5042 509 5090 tem
526 5034 896 5091 circumcisio
915 5034 1130 5104 carnis,
1148 5033 1268 5089 sive
1282 5033 1606 5090 carnalium
1628 5036 2051 5094 sacriﬁciorum

395 5124 595 5198 regula
627 5125 684 5180 in
715 5124 907 5181 Veteri
939 5124 1314 5179 Testamento
1355 5124 1727 5194 cognoscitur
1755 5127 2041 5184 instituta.

391 5212 720 5285 Curigitur,
735 5213 1252 5282 dilectissimi,non
1271 5212 1863 5282 credatisjustissime
1880 5217 2045 5273 inVe-

386 5302 1188 5374 teriTcstamento,quoniam
1211 5300 1306 5357 Dei
1331 5301 1600 5358 manibus
1625 5301 2044 5373 plasmatusest

386 5391 580 5460 homo,
614 5392 850 5463 quando
882 5393 940 5446 in
975 5391 1136 5449 Novo
1155 5391 1552 5459 Testamento,
1584 5395 1648 5446 ut
1669 5407 1781 5447 non
1807 5395 1863 5448 in
1889 5403 2046 5452 aeter-

383 5496 525 5534 num
569 5481 780 5551 periret
813 5480 1012 5546 homo,
1036 5479 1161 5551 ipse
1191 5478 1538 5552 Unigenitus
1564 5485 1719 5536 Deus
1743 5499 1844 5553 pro
1876 5487 2043 5542 nobis

382 5569 572 5622 factus
599 5575 686 5624 est
703 5585 874 5623 verus
895 5569 1070 5624 homo
1094 5572 1244 5623 ?(Iur
1264 5585 1374 5624 non
1399 5570 1671 5625 credatur
1691 5570 1845 5628 Deus
1865 5575 2041 5631 etiam

377 5655 890 5711 circumcisionem
939 5657 1009 5711 ad
1046 5654 1264 5726 aliquid
1293 5657 1749 5729 signiﬁcandum
1783 5677 2041 5735 congruo

376 5744 639 5810 tempore
666 5741 918 5811 jussisse
948 5744 1094 5810 ﬁeri,
1149 5759 1283 5798 cum
1331 5761 1458 5802 eam
1493 5747 1587 5802 Dei
1618 5748 1800 5806 Filius
1848 5752 1903 5808 in
1937 5771 2041 5812 suo

2157 4950 2330 5029 (Deut.
2366 4967 2420 5015 χ,
2447 4950 2550 5022 16).
2568 4950 2669 5006 Cui
2697 4959 2981 5024 praecepto
2994 4957 3308 5012 concordat
3331 4955 3508 5008 beatus
3529 4945 3707 5016 Aposto-

2155 5037 2269 5104 lus,
2302 5039 2540 5094 dicens:
2573 5039 2694 5095 Non
2723 5043 2870 5096 enim
2901 5042 2999 5113 qui
3032 5042 3090 5099 in
3127 5044 3408 5115 manifesto
3433 5043 3500 5096 est
3528 5032 3709 5115 ludam

2155 5143 2328 5199 neque
2359 5143 2478 5198 quae
2501 5129 2558 5183 in
2580 5128 2881 5201 mani/esto
2907 5133 2965 5186 in
2984 5149 3154 5188 carne
3173 5113 3498 5188 circumcisio
3508 5143 3526 5188 ,'
3549 5123 3624 5179 κά
3643 5113 3710 5186 συί

2157 5221 2217 5274 in
2247 5216 2560 5272 abscondito
2587 5221 2667 5273 est
2687 5219 2907 5274 ludam
2937 5228 2993 5275 et
3020 5220 3372 5279 circumcisio
3391 5216 3548 5275 cordi:
3570 5213 3615 5267 in
3634 5202 3708 5276 Si";

2152 5309 2288 5374 ritu,
2320 5324 2429 5363 non
2462 5307 2656 5363 littera
2668 5325 2689 5369 ,ο
2709 5310 2872 5379 cujus
2893 5311 3023 5368 laus
3050 5330 3163 5368 non
3179 5332 3253 5369 ea:
3267 5310 3564 5369 flaminiam,
3582 5299 3650 5356 κά
3664 5307 3708 5349 ετ

2157 5403 2265 5453 Deo
2294 5407 2372 5452 est
2411 5399 2581 5467 (Rom.
2632 5415 2692 5464 ιι,
2720 5400 2812 5464 28,
2843 5400 2953 5467 29).
2994 5402 3242 5460 Proinde
3289 5392 3703 5458 circumcisionem

2154 5487 2211 5542 in
2241 5503 2483 5559 corpore
2518 5487 2719 5544 habuit
2749 5491 3035 5558 Christus,
3068 5496 3132 5548 ut
3165 5491 3490 5566 spiritaliter
3517 5487 3562 5540 in
3589 5475 3705 5535 corde

2152 5577 2362 5632 habeat
2394 5577 2781 5633 Christianus.
2807 5579 2891 5636 0b
2915 5581 3022 5637 hoc
3043 5599 3292 5654 namque
3309 5581 3414 5648 ille,
3433 5578 3520 5651 qui
3541 5567 3703 5629 nullum

2153 5667 2366 5722 habere
2405 5665 2593 5738 potuit
2621 5669 2859 5725 omnino
2912 5677 3235 5743 peccatum,
3269 5668 3515 5743 deposuit
3539 5669 3702 5735 pwpu'

2151 5758 2297 5814 tium
2329 5756 2542 5825 carnis,
2577 5760 2643 5812 ut
2666 5774 2773 5815 nos
2794 5760 3144 5832 abjiciamus
3162 5760 3437 5820 desideria
3457 5744 3704 5832 pravitatil'
