3918 6222
131 277 253 338 841

1374 277 1790 339 SERMONES
1834 277 1995 340 DUO
2036 283 2364 350 INEDITI.

3444 316 3570 376 842

147 413 278 516 dum
300 411 450 516 quod
466 411 688 516 dictum
705 414 863 516 estin
885 411 1009 516 lege
1027 412 1398 516 Domini,.pa:
1418 419 1698 470 turturum
1714 425 1812 515 aut
1839 413 1891 481 Α
1921 419 2108 474 sancti
2128 424 2802 497 promissionem,videre
2816 433 2876 491 in
2893 453 3068 494 carne
3083 439 3568 516 Redemptoreml

139 502 282 558 duos
312 500 504 570 pullos
539 503 927 557 columbarum
956 504 1106 573 (Luc.
1133 520 1198 574 ιι,
1221 505 1330 575 24).
1358 505 1715 575 Praeceptum
1739 505 1822 560 si-

141 592 394 664 quidem
425 591 581 662 legis
615 592 833 657 fuerat,
859 597 922 647 ut
943 593 1038 647 cui
1066 594 1212 648 forte
1239 609 1428 666 agnus
1453 595 1822 661 deiuisset,et

147 698 342 738 unum
374 681 680 750 horum,id
697 686 897 738 estaut
922 699 1024 754 par
1041 687 1473 749 turturum,aut
1495 685 1642 739 duos
1665 686 1812 739 671

149 771 351 844 pullos
387 769 802 827 columbarum
825 772 1294 839 invenisset,Deo
1315 774 1372 828 in
1397 772 1691 829 oblatione
1713 773 1819 828 ﬁlii

149 860 533 927 oﬂ‘erretmec
550 860 1033 931 prejudicaretur
1045 877 1112 916 ex
1125 860 1440 932 altero,qui
1457 861 1817 930 unumquod-

143 947 300 1004 libet
329 948 548 1004 horum
581 949 918 1006 obtulisset.
957 949 1216 1021 Denique
1267 952 1324 1006 in
1371 951 1480 1006 hac
1523 949 1818 1006 oblatione

146 1038 375 1104 avium,
408 1037 512 1093 illa
543 1039 1034 1111 prmﬁgurabatur
1063 1039 1282 1095 oblatio
1316 1057 1441 1112 qua:
1475 1056 1577 1110 pro
1628 1039 1818 1094 salute

141 1126 359 1182 mundi
390 1126 592 1183 oblata
613 1133 704 1183 est
729 1143 962 1200 vespere
985 1129 1122 1197 diei,
1148 1128 1379 1184 Domini
1400 1127 1671 1183 videlicet
1693 1144 1822 1199 pas-

139 1216 376 1288 sio,per
403 1233 585 1287 quam
613 1235 822 1274 sumus
842 1218 958 1274 Deo
978 1219 1447 1275 reconciliati.De
1469 1217 1578 1273 hac
1601 1218 1817 1289 quippe

139 1305 350 1360 hostia
370 1321 477 1376 per
495 1305 740 1362 Paulum
769 1307 1041 1362 ﬁdelibus
1068 1307 1311 1364 dicitur:
1335 1308 1623 1363 Ambulate
1643 1309 1700 1361 in
1723 1308 1816 1362 di-

138 1396 403 1464 lectione,
436 1394 582 1452 sicut
611 1401 664 1450 et
697 1397 944 1452 Christus
963 1397 1160 1453 dilexit
1179 1406 1357 1465 nos,et
1373 1396 1606 1453 tradidit
1623 1404 1817 1452 semet-

133 1487 330 1556 ipsum
366 1499 468 1555 pro
496 1485 655 1541 nobis
686 1485 1021 1542 oblationem
1049 1495 1103 1542 et
1122 1486 1360 1542 hostiam
1381 1487 1577 1554 Dea,in
1593 1485 1814 1540 odorem

136 1571 459 1629 suavitatis
490 1573 709 1644 (Ephes.
742 1593 798 1644 v,
831 1576 916 1648 2);
950 1581 1008 1632 et
1041 1592 1309 1632 rursum:
1345 1576 1450 1644 Qui
1477 1575 1677 1631 dilexit
1707 1591 1813 1645 me,

138 1661 374 1733 inquit,
406 1667 458 1717 et
489 1665 718 1720 tradidit
747 1667 986 1735 seipsum
1014 1682 1119 1736 pro
1149 1682 1237 1720 me
1269 1667 1415 1735 (Gal.
1447 1682 1488 1721 ιι
1520 1667 1631 1736 20).

1933 509 2069 608 Quae
2086 515 2358 580 putamus
2384 517 2560 573 fuerit
2579 519 2860 580 instantia
2875 527 3152 585 orationis
3169 509 3322 601 ejus;
3343 554 3468 607 quae
3491 538 3578 593 di-

1929 614 2062 694 vino
2093 618 2371 674 responso
2405 609 2616 664 meruit
2648 610 2867 668 ﬁrmari
2899 615 2970 670 de
2999 616 3092 672 his
3123 637 3250 690 quae
3292 626 3574 694 petebat?

1930 687 2064 750 Quae
2079 694 2381 764 erantejus
2397 697 2725 768 gemituum
2745 704 3085 762 continuata
3100 687 3274 765 verba
3292 687 3347 767 in
3367 720 3576 772 sancta

1930 779 2380 848 praedicatione?
2397 785 2521 841 Non
2551 788 2709 845 enim
2731 791 2787 846 in
2810 796 3059 864 petendo
3080 801 3577 874 cessavit,usque-

1931 881 2056 960 quo
2079 884 2425 960 responsum
2463 875 2747 946 acciperet
2777 897 2954 951 super
2983 882 3076 939 his
3107 902 3234 957 quas
3277 894 3574 960 poscebat.

1997 955 2380 1050 Fuerunt
2412 962 2705 1035 siquidem
2740 968 2798 1024 in
2849 955 3154 1030 retroactis
3203 955 3574 1050 temporibus

1931 1044 2100 1101 multi
2135 1048 2312 1104 simili
2331 1051 2618 1110 desiderio
2638 1060 2889 1130 accensi,
2911 1063 3151 1120 Domino
3170 1044 3478 1125 attestante
3497 1073 3570 1127 ad

1928 1134 2269 1230 disripulos,
2301 1140 2402 1211 qui
2444 1142 2555 1198 ait:
2588 1145 2744 1201 Multi
2791 1165 2940 1220 reges
2988 1153 3141 1210 672
3189 1160 3245 1211 et
3287 1160 3573 1230 propheta

1925 1225 2217 1282 voluerunt
2248 1230 2436 1286 videre
2463 1248 2582 1303 quae
2612 1239 2705 1291 v'os
2729 1237 2948 1308 videtis,
2974 1246 3025 1296 et
3054 1259 3165 1299 non
3195 1225 3490 1312 viderunt;
3519 1255 3572 1306 et

1925 1314 2122 1410 audire
2148 1334 2268 1410 quo:
2288 1334 2380 1410 vos
2413 1321 2641 1389 auditis,
2663 1328 2714 1380 et
2744 1343 2850 1382 non
2883 1329 3181 1387 audierunt
3201 1335 3352 1406 (Luc.
3373 1355 3430 1407 ιι,
3452 1339 3566 1410 24).

1925 1402 2050 1496 Sed
2070 1421 2136 1460 ex
2170 1406 2286 1462 illis
2317 1409 2425 1465 hoc
2445 1410 2542 1466 isti
2565 1412 2672 1468 soli
2695 1430 3038 1475 concessum
3063 1425 3152 1477 est
3179 1402 3277 1495 qui
3299 1426 3356 1480 in
3377 1402 3566 1496 pleni-

1925 1493 2426 1589 tudinetemporis
2443 1499 2653 1556 horum
2675 1502 2922 1562 ultimus
2939 1493 3342 1581 apparuit.Sed
3362 1493 3412 1570 si
3428 1517 3575 1589 vigi-

1923 1581 2067 1637 lanti
2099 1585 2296 1641 studio
2328 1588 2817 1661 subsequentium
2849 1603 3186 1656 sanctorum
3212 1581 3572 1662 attendimus

1923 1670 2304 1741 desiderium,
2334 1677 2548 1745 quibus
2578 1680 2852 1740 Christus
2883 1687 3072 1743 vivere
3104 1694 3194 1746 est
3223 1697 3282 1748 et
3317 1695 3464 1749 mori
3489 1696 3575 1751 lu-

214 1757 272 1812 8.
313 1751 470 1821 Quia
497 1773 631 1812 vero
661 1772 866 1812 omnes
899 1754 1066 1810 electi
1099 1755 1530 1846 membra-sunt
1575 1753 1810 1846 Christi,
1843 1781 1890 1846 Β
1922 1775 2084 1815 crum
2117 1763 2346 1834 (Philip.
2382 1783 2422 1831 ι,
2444 1767 2556 1837 21),
2581 1767 2915 1828 invenimus
2936 1791 3033 1830 eos
3057 1794 3172 1832 non
3197 1780 3442 1839 minoris
3465 1801 3574 1840 an-

134 1847 202 1901 in
219 1851 462 1902 turture
489 1846 714 1902 scilicet
738 1854 790 1900 tu
801 1849 1194 1917 rtures,atque
1219 1845 1279 1899 in
1298 1843 1570 1900 columba
1587 1843 1812 1900 colum-

137 1938 260 2008 bas,
294 1937 574 2008 designat
602 1935 779 1991 etiam
803 1935 926 1992 hec
949 1936 1145 1991 avium
1169 1935 1386 1990 oblatio
1408 1933 1812 1991 mortiﬁcatio-

149 2040 277 2080 nem
299 2024 651 2091 electorum,
672 2023 888 2095 quibus
908 2041 1009 2093 per
1026 2024 1296 2079 eumdem
1319 2022 1649 2094 apostolum
1669 2021 1812 2077 dici-

155 2118 275 2168 tur:
312 2115 545 2170 Obsecro
575 2129 670 2170 vos
693 2129 795 2184 per
823 2112 1261 2170 misericordiam
1289 2115 1479 2181 Dei,ut
1499 2112 1813 2168 exhibeatis

153 2221 376 2277 corpora
399 2207 580 2260 vestra
608 2203 843 2259 hostiam
863 2206 1424 2271 viventem,sanctam,
1455 2209 1564 2259 Deo
1576 2205 1810 2274 placen-

156 2303 254 2351 tem
285 2297 466 2363 (Rom.
501 2311 608 2361 xu,
643 2295 718 2364 l).
751 2295 860 2349 Sed
893 2294 1054 2349 nulla
1086 2299 1275 2366 potest
1292 2311 1420 2350 esse
1436 2297 1675 2366 accepta
1694 2293 1810 2348 Deo

164 2383 631 2440 mortiﬁcationis
665 2383 906 2451 oblatio,
941 2383 998 2438 in
1033 2383 1250 2455 quibus
1281 2401 1396 2440 non
1438 2383 1614 2440 fuerit
1663 2400 1810 2438 verse

157 2473 286 2528 ﬁdei
322 2472 589 2541 castitas,
610 2488 757 2528 veras
779 2472 1064 2528 castitatis
1088 2473 1674 2529 concordia.Proinde
1692 2490 1809 2528 non

157 2563 282 2617 sine
305 2578 490 2616 causa
507 2561 863 2617 sacriﬁcium
882 2562 1036 2632 quod
1061 2579 1164 2634 pro
1184 2563 1430 2618 Domino
1450 2561 1694 2631 mystice
1715 2563 1812 2617 ob-

154 2652 350 2708 latum
384 2651 744 2723 perhibetur,
781 2669 851 2708 ex
881 2653 1208 2710 lurturibus
1238 2657 1294 2708 et
1315 2652 1604 2708 columbis
1627 2653 1810 2707 fuisse

155 2744 455 2796 narratur.
504 2743 569 2796 In
600 2746 828 2798 turture
858 2743 1014 2798 enim
1046 2743 1283 2798 castitas
1315 2741 1629 2809 invenitur,
1660 2745 1717 2796 et
1747 2741 1808 2795 in

157 2831 439 2888 columba
478 2831 672 2886 unitas
687 2834 1371 2888 commendatur.Turtur
1392 2847 1646 2904 namque
1661 2832 1810 2886 inte-

149 2926 439 2978 meratam
470 2926 664 2976 servat
694 2923 794 2978 uni
825 2923 947 2978 viro
974 2924 1171 2990 ﬁdem,
1203 2921 1479 2978 columba
1511 2938 1641 2977 vero
1660 2921 1808 2976 alio-

143 3029 278 3067 rum
301 3009 774 3068 cohabitantium
789 3029 905 3068 non
927 3013 1144 3069 deserit
1165 3009 1808 3067 unitatem.Catholicus

138 3099 714 3172 igiturChristianus
728 3106 867 3158 tunc
881 3101 1518 3173 verespiritalisturtur
1534 3099 1799 3170 efﬁcitur,

139 3191 186 3245 si
217 3209 420 3251 veram
443 3188 756 3248 Trinitatis
787 3191 962 3247 ﬁdem
996 3193 1166 3247 ﬁrma
1187 3189 1531 3247 credulitate
1555 3204 1800 3245 conser-

135 3288 249 3352 vet,
285 3290 346 3340 et
377 3284 664 3341 haeretica
697 3282 1003 3356 pravitatis
1034 3299 1300 3352 sensum,
1349 3287 1629 3352 tanquam
1675 3282 1801 3336 for-

137 3372 463 3429 nicationis
495 3373 942 3444 inquinamenta
971 3372 1259 3443 repudiet.
1307 3371 1471 3426 Tunc
1518 3386 1649 3426 vere
1695 3369 1806 3424 erit

137 3461 264 3516 colu
279 3462 498 3530 mba,si
515 3461 936 3534 longanimiter
950 3477 1138 3532 usque
1155 3461 1224 3515 ad
1247 3460 1423 3515 ﬁnem
1443 3459 1501 3514 in
1520 3457 1806 3514 catholica

136 3553 421 3607 societate
451 3557 808 3623 permaneat,
834 3556 892 3606 et
912 3556 1116 3606 contra
1148 3549 1488 3606 tentationis
1527 3547 1806 3604 scandala

139 3639 437 3696 immobili
471 3641 748 3696 firmitate
777 3640 1088 3712 persistat:
1117 3645 1182 3694 ut
1201 3655 1306 3695 nec
1327 3638 1601 3694 haeretica
1623 3637 1804 3693 forni-

138 3731 291 3785 catio
311 3735 659 3802 corrumpat
673 3729 736 3784 in
756 3731 929 3785 corde
946 3728 1081 3784 ﬁdei
1105 3728 1460 3798 castitatem,
1479 3745 1581 3783 nec
1607 3743 1805 3782 amara

140 3819 438 3875 dissensio
470 3818 878 3876 ecclesiastica:
909 3817 1197 3873 castitatis
1225 3817 1471 3889 dissipet
1491 3816 1800 3886 unitatem.

141 3911 268 3964 Ilaec
302 3913 394 3964 est
423 3909 581 3964 enim
615 3907 876 3963 Ecclesia
905 3906 1192 3962 catholica
1213 3923 1342 3978 quae
1366 3906 1539 3962 ﬁdem
1568 3907 1668 3961 uni
1692 3905 1802 3961 Do-

150 3998 312 4052 mino
345 4000 626 4068 tanquam
651 3996 912 4068 legitimo
934 3996 1056 4052 viro
1080 3999 1465 4064 conservat,et
1487 4011 1802 4067 congrega-

151 4086 376 4142 tionem
408 4087 732 4143 multorum
765 4086 824 4141 in
856 4086 970 4141 ﬁde
1001 4085 1373 4156 multiplicat.

218 4176 272 4230 9.
311 4175 626 4246 Sequitur:
661 4179 730 4232 Et
757 4190 878 4232 ecce
904 4175 1060 4230 homo
1090 4183 1212 4230 erat
1241 4176 1302 4229 in
1331 4175 1680 4230 Hierusalem
1709 4175 1806 4230 cui

147 4281 350 4321 nomen
381 4264 635 4333 Simeon;
671 4269 720 4320 et
751 4265 909 4321 homo
941 4267 1042 4320 iste
1071 4265 1269 4333 iustus,
1299 4272 1354 4320 et
1373 4264 1680 4331 timoratus,
1711 4279 1807 4319 ex-

140 4362 391 4424 spectans
425 4355 858 4410 consolationem
889 4355 1084 4420 Israel,
1107 4362 1160 4410 et
1177 4353 1422 4425 Spiritus
1440 4359 1664 4408 sanctus
1681 4357 1802 4408 erat

146 4444 203 4497 in
233 4459 328 4500 eo:
361 4447 415 4499 et
445 4459 769 4516 responsum
799 4451 1085 4512 acceperat
1117 4460 1152 4498 a
1201 4443 1416 4515 Spiritu
1461 4447 1646 4499 sancto
1692 4457 1803 4498 non

1917 1848 2147 1906 xietatis
2161 1853 2366 1908 ardore
2380 1854 2735 1913 divinitatem
2747 1861 3008 1930 ejusdem
3023 1865 3340 1926 Salvatoris
3357 1872 3570 1928 intueri

1916 1938 2089 2006 velle;
2116 1956 2292 2010 quam
2317 1942 2412 1997 ille
2433 1946 2766 2015 concupivit
2786 1954 3120 2023 conspicere
3144 1955 3200 2010 in
3221 1960 3568 2018 carne.Hinc

1917 2027 2135 2103 Paulus
2166 2030 2332 2085 dicit:
2359 2032 2534 2103 Cupio
2555 2035 2786 2092 dissolvi
2807 2043 2858 2094 et
2877 2056 2992 2097 esse
3005 2059 3130 2098 eum
3154 2045 3567 2106 Christo.Multo

1915 2119 2100 2170 autem
2156 2116 2361 2172 melius
2420 2119 2602 2191 (Ibid.,
2651 2121 2795 2180 Hinc
2843 2126 3155 2187 Psalmista
3203 2149 3270 2188 ex
3314 2152 3565 2206 persona

1917 2221 2026 2260 sua
2053 2205 2228 2262 dicit:
2251 2207 2441 2264 Sitivit
2469 2213 2661 2267 anima
2682 2229 2804 2269 mea
2826 2217 2896 2271 ad
2917 2219 3086 2274 Deum
3107 2205 3562 2293 vivumiQuando

1917 2296 2132 2350 veniam
2157 2301 2209 2351 et
2232 2299 2503 2368 apparebo
2531 2307 2663 2356 ante
2688 2304 2896 2371 faciem
2928 2308 3024 2363 Dei
3063 2311 3234 2380 (Psal.
3286 2330 3399 2382 xu,
3453 2318 3508 2382 3).
3533 2319 3562 2372 ‘l

1915 2383 2056 2447 Quis
2073 2402 2210 2458 ergo
2227 2386 2400 2442 etiam
2425 2388 2561 2445 hinc
2583 2391 2778 2448 videat
2799 2394 2859 2449 in
2885 2412 3001 2453 uno
3026 2378 3298 2458 Simeone
3320 2378 3562 2476 multos,

1917 2491 2019 2546 per
2051 2493 2234 2530 unum
2267 2477 2587 2548 signiﬁcari
2620 2488 2864 2539 cunctos
2895 2485 3143 2556 electos;
3178 2490 3278 2561 qui
3311 2509 3464 2550 nunc
3508 2499 3566 2552 et

1906 2563 2059 2634 justi
2091 2580 2160 2620 ex
2191 2566 2304 2621 ﬁde
2335 2571 2510 2638 atque
2541 2573 2898 2644 operatione,
2924 2579 2982 2631 et
3000 2577 3258 2634 timorati
3282 2597 3350 2636 ex
3372 2583 3569 2642 futura

1915 2655 2367 2725 exspectatione,
2395 2662 2454 2713 et
2497 2661 2730 2716 attoniti
2781 2664 3161 2722 inveniuntur
3210 2686 3276 2725 ex
3325 2678 3571 2730 ventura

1913 2743 2408 2800 consolatione‘lln
2424 2747 2644 2817 quibus
2657 2750 2834 2806 etiam
2851 2753 3106 2824 Spiritus
3120 2763 3360 2816 sanctus
3376 2761 3569 2819 inesse

1913 2832 2462 2906 cognoscitur,quia
2488 2840 2545 2891 et
2575 2855 2677 2910 per
2695 2841 3039 2912 Apostolum
3063 2845 3310 2904 dicitur:
3336 2850 3524 2907 Carita
3543 2869 3568 2907 s

1912 2921 2018 2975 Dei
2045 2921 2249 2994 diﬂusa
2279 2928 2360 2978 est
2390 2927 2449 2979 in
2479 2926 2734 2982 cordibus
2771 2933 2972 2985 nostris
3000 2949 3100 3003 per
3128 2935 3403 3006 Spiritum
3431 2955 3563 2993 san-

1911 3014 2082 3080 ctum,
2109 3013 2208 3084 qui
2233 3011 2400 3068 datus
2429 3020 2507 3069 est
2533 3016 2690 3071 nobis
2722 3018 2898 3087 (Rom.
2923 3035 2975 3087 v,
2997 3021 3136 3090 5);et
3159 3040 3392 3080 rursum
3419 3027 3558 3082 ﬁde-

1916 3097 2074 3155 libus
2106 3101 2342 3156 dicitur:
2374 3103 2624 3175 Corpora
2654 3111 2839 3163 vestra
2872 3109 3133 3178 templum
3155 3117 3284 3167 sunt
3301 3116 3551 3184 Spiritus

1912 3191 2124 3257 sancti,
2165 3207 2327 3262 quem
2364 3192 2576 3247 habetis
2605 3209 2676 3249 ex
2699 3197 2806 3250 Deo
2838 3199 2892 3266 (Ι
2917 3199 3038 3255 Cor.
3071 3214 3152 3267 v1,
3187 3201 3560 3276 l9)._Quique

1913 3294 2258 3350 responsum
2285 3281 2581 3352 accipiunt
2600 3300 2634 3338 a
2652 3285 2869 3354 Spiritu
2891 3292 3094 3344 sancto
3114 3306 3226 3344 non
3251 3307 3310 3346 se
3332 3292 3562 3350 visuros

1915 3373 2162 3424 mortem
2198 3368 2310 3424 nisi
2341 3371 2505 3440 prius
2530 3371 2764 3428 videant
2794 3374 3094 3432 Christum
3126 3378 3390 3435 Domini:
3423 3385 3564 3454 quia

1914 3455 1974 3511 in
1997 3457 2105 3511 hac
2127 3457 2317 3512 adhuc
2334 3459 2700 3531 corruptibili
2717 3461 2852 3533 vita,
2875 3465 3133 3535 ejusdem
3157 3469 3412 3539 Spiritus
3435 3488 3567 3526 san-

1915 3545 1992 3601 cti
2021 3546 2209 3617 gratia
2240 3546 2554 3616 revelante,
2589 3552 2809 3621 apertis
2830 3553 3014 3610 oculis
3039 3555 3193 3624 ﬁdei,
3216 3574 3349 3614 eum
3377 3561 3478 3632 qui
3502 3578 3565 3617 se

1915 3651 2047 3690 cum
2081 3635 2198 3690 illis
2233 3653 2419 3708 usque
2449 3638 2507 3692 in
2559 3639 2738 3695 ﬁnem
2787 3643 2985 3711 seculi
3038 3661 3386 3704 mansurum
3436 3667 3566 3707 esse

1914 3724 2424 3798 (Matth.xxvm,20)
2442 3729 2778 3799 repromisit
2794 3731 3229 3804 aspiciunt,non
3249 3737 3372 3808 jam
3391 3755 3566 3797 carne

1914 3813 2353 3884 parvulum,sed
2378 3815 2682 3872 divinitate
2700 3819 3202 3888 immensum.0ui
3227 3826 3403 3882 etiam
3429 3845 3564 3886 cum

1911 3903 2186 3975 Apostolo
2217 3905 2450 3960 dicunt:
2476 3907 2591 3962 Etsi
2611 3923 2937 3966 noveramus
2963 3912 3242 3970 Christum
3261 3917 3563 3975 secundum

1912 4010 2154 4062 carnem,
2185 3993 2276 4049 sed
2290 3996 2419 4066 jam
2446 4012 2594 4052 nunc
2622 4015 2733 4054 non
2763 4003 3023 4057 novimus
3050 4003 3124 4070 (II
3167 4005 3288 4062 Cor.
3338 4023 3394 4077 v,
3451 4009 3558 4078 16).

1912 4083 2194 4140 Habitant
2215 4084 2394 4141 etiam
2419 4086 2518 4143 isti
2542 4087 2600 4142 in
2633 4087 3020 4161 Hierusalem,
3056 4098 3232 4164 atque
3251 4097 3312 4150 in
3336 4096 3558 4166 Spiritu

1911 4173 1972 4228 in
2003 4173 2289 4244 templum
2325 4191 2441 4246 quo
2466 4175 3142 4234 Christusintroducitur
3160 4182 3418 4238 veniunt.
3445 4185 3565 4256 Ipsi

1913 4261 2066 4317 enim
2100 4266 2241 4317 sunt
2271 4261 2630 4318 Hierusalem
2665 4265 2763 4335 qui
2797 4266 3063 4322 habitant
3083 4267 3144 4322 in
3165 4269 3565 4339 Hierusalem;

1912 4350 2026 4422 ipsi
2041 4355 2098 4406 et
2113 4350 2404 4423 templum
2419 4351 2519 4423 qui
2534 4353 2778 4408 veniunt
2799 4354 2862 4410 in
2881 4355 3261 4427 templum,in
3281 4359 3572 4430 quibuset

1915 4457 1950 4494 a
1980 4439 2196 4511 quibus
2230 4440 2501 4496 Christus
2533 4441 2842 4511 excipitur.

151 4535 404 4588 visurum
435 4548 492 4587 se
523 4535 755 4588 mortem
785 4531 898 4587 nisi
927 4531 1132 4587 videret
1164 4531 1440 4588 Christum
1470 4533 1710 4588 Domini.
1746 4533 1809 4587 Et
1843 4518 1887 4582 Ι)
1992 4529 2078 4584 11.
2110 4529 2391 4596 Breviter,
2423 4529 2656 4598 fratres,
2714 4530 2830 4586 ista
2877 4533 3296 4604 percurrimus,
3330 4555 3402 4594 ne
3433 4539 3573 4596 dum

143 4624 296 4678 venit
327 4624 388 4677 in
420 4622 639 4694 Spiritu
664 4623 725 4676 in
754 4622 1022 4693 templum
1051 4623 1270 4692 (Luc.u,
1289 4622 1380 4689 25,
1399 4623 1490 4689 26,
1511 4621 1624 4691 27).
1649 4619 1806 4676 Nihil

142 4711 259 4767 min
272 4728 338 4768 us
355 4711 426 4767 de
441 4712 754 4768 sanctitate
772 4710 870 4766 isti
889 4709 1460 4783 specialiterhomini
1475 4709 1805 4778 ascribitur,

146 4802 240 4873 qui
262 4806 321 4857 et
339 4803 400 4857 in
427 4798 794 4857 Hierusalem
812 4844 826 4868 ,
849 4800 906 4855 id
934 4804 1024 4856 est
1042 4800 1105 4856 in
1126 4799 1349 4856 visione
1373 4800 1531 4871 pacis
1548 4815 1810 4855 commo-

143 4895 322 4961 ratur,
359 4895 422 4948 et
446 4888 590 4945 ﬁdei
613 4889 950 4961 operatione
963 4890 1191 4960 justus,
1213 4893 1270 4944 et
1298 4888 1617 4944 reverentia
1636 4887 1811 4944 timo-

148 4987 318 5046 ratus,
345 4986 407 5037 et
431 4977 671 5034 lsraelis
693 4977 1096 5034 consolatione
1118 4979 1404 5034 attonitus
1430 4979 1592 5049 (forte
1611 4994 1812 5033 conso-

149 5069 340 5129 lationi
377 5069 697 5138 attentus),
731 5075 783 5123 et
811 5068 1032 5138 Spiritu
1052 5072 1258 5124 sancto
1279 5067 1813 5140 repletus,ejusque

142 5161 526 5237 responsione
558 5157 630 5212 de
663 5155 952 5212 incarnati
983 5157 1157 5213 Verbi
1183 5157 1448 5228 iussione
1470 5161 1637 5227 (forte
1659 5157 1808 5212 mis-

138 5252 306 5325 sione)
343 5249 678 5308 roboratus
711 5245 896 5302 fuisse
917 5246 1277 5318 perhibetur.
1307 5245 1351 5301 Ο
1375 5263 1551 5318 quam
1585 5247 1815 5316 ardenti

139 5341 432 5404 desiderio
455 5337 641 5393 homo
659 5335 769 5392 iste
787 5336 1182 5409 exspectabat,
1209 5336 1534 5392 secundum
1561 5335 1816 5408 Spiritus

1919 4634 2046 4690 quae
2081 4622 2221 4673 sunt
2251 4617 2430 4687 huius
2456 4617 2567 4673 diei
2592 4626 2982 4693 sacramenta,
3009 4625 3283 4698 quodque
3305 4637 3576 4685 sanctum

1918 4723 2248 4780 purumque
2262 4707 2618 4779 praeconium
2633 4708 2890 4767 indicare
2903 4713 3576 4782 studuimus,cuilibetin

1921 4795 2225 4852 fastidium
2257 4795 2585 4853 veniamus.
2621 4799 2923 4872 Sequitur:
2941 4807 3006 4859 Et
3025 4819 3150 4860 cum
3171 4805 3581 4865 introducerent

1916 4901 2154 4958 puerum
2180 4890 2373 4944 Iesum
2400 4892 2656 4958 parentes
2693 4892 2837 4961 ejus,
2885 4897 2948 4946 ut
2987 4895 3232 4964 facerent
3274 4898 3579 4953 secundum

1920 4975 2370 5032 consuetudinem
2406 4976 2544 5049 legis
2570 4995 2676 5050 pro
2704 4996 2790 5046 eo,
2841 4990 2893 5037 et
2938 4983 3050 5053 ipse
3092 4985 3300 5055 accepit
3347 5002 3471 5041 eum
3519 4989 3580 5041 in

1923 5066 2086 5122 ulnas
2113 5082 2262 5134 suas,
2296 5071 2348 5122 et
2381 5065 2660 5122 benedixit
2693 5073 2953 5135 Deum,et
2974 5071 3148 5126 dixit:
3172 5073 3328 5127 Nunc
3345 5073 3582 5130 dimittis

1922 5172 2148 5211 servum
2180 5156 2614 5222 luum,Domine,
2631 5159 2930 5214 secundum
2953 5159 3175 5214 verbum
3192 5168 3352 5216 tuum
3373 5161 3432 5217 in
3446 5180 3583 5234 pace

1924 5245 2080 5316 (Luc.
2114 5261 2180 5311 ιι,
2210 5248 2302 5312 27,
2335 5246 2425 5312 28,
2457 5246 2570 5312 29).
2605 5245 2713 5310 Qui
2741 5245 2902 5314 vivit,
2933 5251 3042 5303 etc.

458 5739 735 5798 ΡΛτιιοι..
785 5736 970 5798 LXV.

3177 5750 3254 5808 27
