3918 6222
169 297 286 358 845

1143 299 1244 358 ne
1286 293 2043 359 PREDESTINATIONE
2089 291 2190 353 ET
2232 273 2553 354 enim.

3484 305 3602 366 846

189 431 284 516 viae
313 430 552 486 Domini
583 430 989 516 miserieordia
1013 438 1066 486 et
1091 433 1291 516 veritas
1321 432 1495 516 (ἵξεαι
1527 430 1840 516 XXIV,_10)_,~'
1872 431 1924 498 Α
1956 444 2202 516 perit,in
2238 443 2337 499 illa
2361 444 2568 499 divina:
2590 443 2966 515 praescientia:
2989 445 3117 502 luce
3139 448 3443 508 faciendus
3476 455 3604 510 nul-

198 507 358 576 atque
378 509 674 576 agnoscat
705 503 803 558 tali
832 509 1008 558 Deum
1023 505 1241 576 agitare
1268 501 1672 576 reshumanas
1690 501 1846 573 judi-

195 575 292 640 cio,
326 581 393 630 ut
423 575 664 630 debitas
699 593 901 646 pmuas
933 579 1029 630 aut
1050 577 1209 646 juste
1231 575 1456 643 reddat,
1490 581 1591 629 aut
1625 576 1845 630 miseri-

191 647 438 702 corditer
467 647 670 702 donet.
701 647 926 701 Vitiata?
950 649 1103 702 enim
1129 647 1344 702 radicis
1369 647 1598 702 macula
1616 647 1695 702 ita
1719 665 1841 715 pro-

191 719 415 789 paginis
438 720 685 773 traduce
710 736 809 790 per
836 719 1278 790 generationum
1305 725 1604 773 sarmenta
1625 719 1839 775 diffusa

193 795 300 857 est,
334 797 401 844 ut
425 807 532 845 nec
555 791 758 847 infans
779 791 1014 861 quidem
1041 791 1214 844 unius
1236 790 1349 845 diei
1371 807 1404 844 a
1425 792 1596 859 culpa
1618 793 1696 846 sit
1722 796 1836 858 pri-

191 877 300 916 mae
318 863 819 934 pravaricationis
841 861 1068 934 alienus
1099 863 1236 933 (Job.
1267 879 1383 928 xxv,
1411 863 1463 926 4,
1508 879 1630 934 sec.
1669 863 1834 931 LXX),

189 934 302 987 nisi
322 933 429 1005 per
448 933 774 989 indebitam
788 933 1097 988 Salvatoris
1137 936 1382 1005 gratiam
1405 934 1578 988 fuerit
1625 933 1836 990 libera—

184 1009 303 1060 tus.
339 1006 502 1072 Quod
536 1007 585 1060 si
618 1023 723 1060 nec
756 1007 850 1060 hic
881 1007 1117 1076 quidem
1152 1008 1277 1060 sine
1309 1009 1547 1075 peccato
1598 1011 1687 1061 est
1733 1007 1830 1076 qui

182 1081 488 1148 proprium
525 1078 742 1133 habere
765 1095 878 1132 non
905 1077 1110 1148 potuit,
1137 1077 1448 1132 coniicitur
1473 1082 1534 1132 ut
1553 1076 1694 1131 illud
1723 1083 1834 1134 tra-

181 1151 330 1230 serit
357 1149 621 1204 alienum
659 1151 735 1230 de
779 1166 892 1230 quo
942 1149 1259 1230 Apostolus
1299 1149 1498 1230 ldicitz‘
1523 1153 1627 1203 Per
1657 1167 1832 1205 unum

177 1220 460 1275 hominem
483 1225 769 1292 peccatum
789 1220 1018 1275 intravit
1050 1223 1107 1276 in
1140 1221 1428 1286 mundum,
1451 1224 1502 1274 et
1521 1236 1617 1289 per
1635 1238 1829 1292 pecea-

177 1300 293 1346 tum
323 1291 499 1357 mors,
531 1300 582 1347 et
611 1294 690 1346 ita
720 1292 780 1346 in
811 1308 996 1347 omnes
1027 1291 1372 1362 pertransiit,
1404 1293 1464 1346 in
1496 1308 1599 1362 quo
1637 1291 1828 1348 omnes

167 1365 744 1436 peccaveruntmom.
786 1381 837 1429 v,
890 1363 999 1435 1'3).
1052 1364 1234 1436 Quod
1261 1364 1370 1436 qui
1396 1369 1607 1436 negat,
1656 1371 1828 1436 negat

171 1437 436 1506 profecto
470 1433 730 1506 primum
756 1452 860 1491 nos
881 1433 1007 1490 esSe
1032 1433 1326 1490 mortales.
1349 1435 1408 1489 Si
1439 1433 1618 1502 enim,
1646 1441 1709 1491 ut
1733 1433 1823 1492 di-

167 1509 243 1561 cit
270 1507 616 1578 Apostolus,
651 1508 764 1562 Per
787 1524 958 1562 unum
987 1508 1262 1561 hominem
1287 1512 1567 1577 peccatmn
1591 1511 1824 1564 intravit

165 1579 224 1631 in
256 1579 556 1646 mundum,
582 1585 633 1634 et
661 1596 760 1650 per
782 1589 1067 1645 peccatum
1091 1593 1255 1633 mors:
1284 1595 1440 1633 mors
1466 1580 1682 1634 intrare
1705 1598 1820 1635 non

161 1652 377 1720 potuit,
415 1651 530 1705 nisi
573 1652 824 1706 intrante
857 1656 1112 1722 peccato.
1139 1653 1500 1720 thuoniam
1528 1667 1686 1707 mors
1706 1670 1820 1707 non

159 1729 392 1777 naturae
412 1722 693 1792 conditio,
718 1723 819 1778 sed
845 1740 1011 1794 pinna
1031 1725 1250 1793 peccati
1274 1728 1384 1787 est,
1409 1729 1690 1792 sequatur
1721 1742 1818 1780 ne-

160 1810 325 1849 cesse
357 1803 446 1849 est
482 1812 651 1865 paena
676 1785 1005 1866 peccatum.
1031 1785 1186 1859 Quia
1217 1785 1443 1848 vero'in
1476 1785 1682 1850 omnes
1716 1796 1816 1850 ho-
1851 1785 1898 1849 Β

161 1869 357 1922 mines
397 1884 554 1922 mors
592 1867 949 1936 pertransiit,
982 1866 1040 1919 in
1074 1882 1276 1920 omnes
1303 1881 1541 1920 necesse
1567 1871 1656 1920 est
1688 1883 1820 1938 per-

160 1940 456 2011 transisse
493 1949 817 2011 peccatum.
853 1942 1162 1992 Peccatum
1186 1954 1311 2011 quo
1343 1938 1670 2011 modocum
1697 1956 1822 2011 par-

161 2010 315 2064 vulis
345 2007 635 2081 originale
689 2016 984 2076 nascatur,
1035 2007 1448 2081 carnisioculis
1479 2009 1675 2064 videre
1698 2007 1822 2066 'non

166 2080 508 2150 possumus.
532 2083 679 2145 Quia
703 2098 832 2136 vero
857 2098 1058 2136 omnes
1081 2097 1150 2134 ex
1172 2080 1353 2134 Adam
1379 2081 1696 2136 carnaliter
1716 2101 1821 2138 na-

165 2159 274 2218 tos,
307 2159 364 2207 et
399 2153 448 2208 si
482 2154 566 2206 illi
595 2155 720 2222 jam
753 2152 924 2208 etiam
958 2152 1058 2222 qui
1091 2154 1149 2206 in
1183 2152 1409 2207 Christo
1443 2153 1625 2206 renati
1660 2160 1816 2223 sunt,

164 2225 430 2279 videmus
449 2225 647 2279 mortis
669 2226 790 2292 lege
803 2223 1373 2294 constringi,perhoc
1393 2225 1548 2294 quod
1565 2226 1821 2282 videmus

166 2312 395 2368 semper
411 2297 686 2368 parvulos
703 2296 1410 2368 mori,cogiimurconﬁtcri
1437 2312 1668 2366 semper
1688 2315 1821 2368 par-

163 2367 325 2422 vulos
344 2367 509 2423 nasci
525 2385 660 2423 cum
679 2374 907 2438 peccato
928 2367 1480 2436 originali.Facilius
1505 2369 1661 2424 enim
1690 2367 1814 2424 fieri

161 2456 362 2509 posset
387 2440 745 2510 ut,quamvis
769 2445 1105 2494 transeunte
1127 2444 1554 2510 peccato,pcena
1578 2441 1815 2497 minime

163 2517 530 2581 sequeretur,
553 2527 732 2583 quam
755 2516 818 2566 ut
837 2511 996 2583 nulla
1018 2511 1548 2565 communicatione
1571 2513 1811 2581 peccati,

161 2590 391 2654 partem
417 2582 616 2638 sumat
647 2600 851 2655 pinnas,
876 2582 974 2656 qui
998 2599 1114 2656 non
1149 2583 1320 2656 habet
1341 2583 1544 2654 culpa}.
1570 2583 1629 2637 Si
1653 2601 1810 2656 ergo,

159 2663 225 2708 ut
257 2657 627 2725 apparuit,de
653 2654 1118 2726 praevaricatoris
1140 2655 1363 2708 semine
1386 2672 1589 2708 omnes
1617 2654 1810 2712 nasci-

159 2743 300 2798 mur
332 2726 647 2794 debitores,
673 2726 952 2797 quoniam
984 2726 1042 2780 in
1076 2727 1203 2796 ipso
1226 2741 1452 2798 omnes,
1475 2732 1538 2780 ut
1559 2727 1642 2798 ait
1666 2733 1809 2798 Apo-

159 2797 376 2866 stolus,
415 2805 823 2868 peccaverunt,
859 2798 1061 2867 etipsa
1083 2798 1209 2866 jam
1240 2797 1300 2851 in
1334 2797 1620 2868 principio
1654 2797 1810 2856 unde

156 2871 580 2925 descendimus
615 2887 813 2924 massa
845 2870 1122 2924 damnata
1150 2874 1259 2935 est;
1286 2869 1483 2923 nullus
1504 2871 1574 2924 de
1592 2871 1810 2927 duritia

157 2942 495 3011 sus,nullus
510 2943 582 2996 de
597 2959 766 3011 poena
789 2958 896 2996 sua
916 2941 1193 3011 conqueri
1219 2942 1448 3012 audeat,
1479 2958 1606 3012 quae
1627 2943 1804 2999 etiam

156 3031 271 3069 non
305 3015 702 3069 existentibus
752 3015 1003 3084 peccatis
1037 3011 1307 3084 propriis,
1356 3011 1804 3084 solanascendi

159 3087 497 3140 conditione
528 3083 790 3140 debetur.
825 3086 986 3151 Quod
1015 3083 1154 3156 vero
1187 3084 1338 3139 Deus
1368 3083 1496 3139 aliis
1547 3089 1804 3156 gratuita

1958 520 2094 594 tum
2117 518 2306 586 potuit
2328 516 2540 594 habere
2565 516 2942 594 principium:
2969 521 3489 594 etquanticunque
3512 528 3598 584 vel

1946 589 2412 668 eat-Adammsque
2428 588 2481 641 in
2502 587 2847 668 hodiernum
2863 590 3016 668 diem
3037 587 3292 668 homines
3307 587 3425 649 nati
3441 605 3600 668 sunt,

1943 660 2029 714 vel
2050 666 2181 737 post
2197 671 2456 737 nostram
2471 665 2694 713 aetatem
2711 661 3102 737 generationis
3116 681 3181 718 su
3196 671 3258 717 nt
3273 671 3514 737 propagi
3526 660 3597 726 ne

1944 732 2408 802 nascituriapud
2434 737 2616 785 Deum
2632 733 2751 786 nati
2767 735 3123 801 suntjam,et
3145 732 3504 794 decurso—toti
3521 757 3590 796 us

1941 805 2340 874 vitantempore
2357 802 2926 866 transierunt,inillo
2953 805 3378 863 nihilhominus
3403 811 3588 867 divini
3660 855 3664 860 .

1941 875 2180 950 obtutus
2197 875 2418 930 lumine
2435 880 2863 945 permanentes.
2889 881 3034 950 Deus
3053 879 3207 932 enim
3230 881 3330 950 qui
3349 898 3452 936 nec
3471 883 3596 940 loco

1939 945 2252 1022 clauditur,
2277 963 2379 1022 nec
2401 951 2660 1017 tempore
2685 946 3054 1022 praevenitur,
3080 945 3340 1005 omnium
3364 970 3587 1022 rerum,

1938 1021 2058 1072 tam
2109 1019 2534 1086 praeteritarum
2570 1019 2872 1083 memoria,
2911 1035 3088 1089 quam
3143 1019 3588 1082 imminentium

1938 1090 2183 1167 scientia
2207 1090 2413 1160 plenus
2432 1096 2541 1144 est:
2562 1107 2661 1167 nec
2683 1089 3065 1167 reminiscens
3088 1093 3336 1167 volvitur
3363 1098 3417 1150 in
3445 1113 3586 1167 prae-

1935 1161 2202 1226 teritum,
2232 1176 2336 1239 nec
2367 1178 2611 1239 sperans
2643 1162 2906 1239 tenditur
2937 1161 2995 1216 in
3021 1165 3302 1239 futurum.
3329 1166 3397 1220 Et
3428 1161 3585 1239 quae.

1935 1247 2161 1309 cunque
2177 1233 2413 1309 omnino
2430 1237 2722 1309 su_nt,quae
2736 1237 2852 1286 tem
2863 1250 3000 1309 poru
3012 1237 3342 1309 mmotibus
3359 1233 3587 1309 agitan-

1932 1307 2048 1370 tur,
2085 1305 2157 1358 ab
2175 1319 2240 1358 eo
2267 1304 2548 1374 principio
2572 1303 2629 1356 in
2664 1320 2778 1374 quo
2801 1310 2924 1358 erat
2949 1304 3224 1373 Verbum,
3252 1314 3308 1364 et
3328 1303 3585 1369 Vewrbum

1933 1380 2057 1429 erat
2088 1378 2249 1453 apud
2277 1376 2482 1443 Deum,
2518 1380 2575 1453 et
2600 1375 2753 1430 Deus
2784 1380 2908 1453 erat
2937 1376 3193 1453 Verbum
3225 1381 3409 1449 (Joan.
3440 1400 3479 1449 ι,
3515 1385 3586 1453 1),

1931 1462 2120 1520 usque
2145 1449 2202 1500 in
2221 1449 2396 1502 linem
2411 1448 2678 1501 omnium
2695 1447 3066 1520 saeculorum,
3089 1449 3210 1520 Deq
3226 1447 3296 1504 uo
3315 1453 3427 1508 lino
3449 1447 3586 1510 cum

1932 1517 2149 1594 diceret
2183 1520 2388 1573 beatus
2416 1523 2667 1594 Moyses:
2699 1518 3165 1594 Do_minr,inquit,
3197 1517 3295 1594 qui
3318 1540 3511 1593 regnas
3533 1529 3591 1581 in

1929 1590 2193 1643 sarculum
2223 1600 2274 1644 et
2311 1592 2570 1644 saeculum
2605 1590 2796 1661 (E4301.
2830 1607 2922 1653 xv,
2957 1593 3066 1659 18),
3119 1601 3176 1647 et
3207 1590 3220 1594 ”
3251 1590 3441 1650 adhuc
3487 1615 3590 1653 nec

1930 1669 2244 1730 sperantur
2274 1663 2489 1733 futura,
2526 1677 2626 1714 nec
2663 1662 2949 1730 praeterita
2981 1664 3371 1733 transierunt,
3408 1672 3507 1724 sed
3533 1671 3590 1726 iu

1931 1734 2245 1801 praesentia
2261 1732 2584 1804 divinitatis
2605 1733 2865 1799 praesenti
2886 1750 3002 1788 sem
3017 1736 3252 1804 perluce
3267 1732 3586 1796 cernuntur.

1929 1805 2008 1857 Ab
2035 1804 2132 1878 illo
2165 1819 2301 1870 ergo
2323 1803 2460 1878 quia
2478 1807 2799 1878 aeternusc-t
2823 1807 3122 1878 przescius,
3146 1807 3282 1875 quia
3307 1812 3586 1878 etjustus

1936 1879 1992 1928 et
2024 1875 2157 1945 pius
2188 1882 2296 1940 est,
2331 1874 2430 1945 qui
2460 1879 2684 1928 exercet
2713 1874 2970 1928 debitam
3003 1874 3452 1940 servitutemset
3481 1901 3586 1938 ex-

1935 1945 2429 2022 h‘ibetindebitam
2442 1947 2742 2022 pietatem,
2765 1950 2821 2022 et
2843 1945 3019 2022 habet
3043 1947 3390 2022 inore-indis
3407 1959 3581 2022 atque

1932 2017 2218 2092 eligendis
2233 2015 2824 2092 hominibus,sioutin_
2847 2017 2966 2092 luto
2982 2017 3192 2084 ﬁgulus
3208 2015 3576 2092 potestatem,

1932 2087 2082 2143 facta
2113 2087 2623 2159 suntaliaquidem
2651 2103 2786 2142 vasa
2813 2088 2870 2142 in
2893 2087 3338 2155 honoremfalia
3361 2111 3492 2150 vero
3511 2087 3572 2152 iu

1931 2161 2367 2215 contumeliam.
2397 2164 2720 2232 Antequam
2754 2160 2965 2214 faceret
2983 2178 3109 2228 nos,
3137 2165 3423 2232 praescivit
3447 2184 3575 2232 nos,

1931 2236 1986 2287 et
2004 2232 2205 2301 inipsa
2224 2249 2328 2287 nos
2344 2231 2722 2303 priescientia,
2743 2247 2876 2303 cum
2900 2229 3156 2286 nondum
3183 2235 3437 2301 iecisset,
3465 2229 3579 2293 ele-

1929 2304 2146 2371 git.Sed
2165 2319 2325 2374 aquo
2341 2302 2447 2358 hoc
2463 2303 2585 2357 ﬁeri
2603 2302 2806 2373 potuit,
2819 2303 2926 2357 nisi
2945 2305 3015 2357 ab
3030 2320 3095 2358 eo
3110 2306 3207 2374 qui
3224 2313 3371 2363 vocat
3391 2313 3578 2365 omnia

1925 2390 2052 2451 qua:
2075 2393 2188 2451 non
2208 2380 2891 2451 sunttanquam‘eaquas
2914 2385 3047 2429 sunt
3095 2377 3264 2444 (Ilom.
3319 2397 3389 2445 IV,
3442 2383 3577 2451 l7)?

1923 2448 2238 2515 Apostolus
2260 2447 2415 2502 enim
2439 2445 2599 2509 dicit,
2633 2446 2915 2516 Quielegit
2944 2462 3040 2500 nos
3068 2456 3202 2503 ante
3232 2453 3426 2506 mundi
3448 2445 3579 2507 con-

1922 2521 2261 2573 stz’tutz’onem
2285 2518 2498 2595 (βρήϐεἶ
2532 2535 2571 2583 ι,
2598 2519 2669 2586 li).
2697 2519 2856 2573 Intra
2879 2519 3166 2595 mundum
3195 2522 3327 2576 facti
3349 2539 3576 2595 sumus,

1922 2595 2127 2644 etante
2147 2592 2432 2644 mundum
2452 2590 2621 2644 electi
2645 2604 2874 2643 sumus:
2900 2597 3077 2659 atque
3101 2592 3180 2646 ita
3203 2610 3320 2648 uno
3344 2590 3576 2651 eodem;

1920 2677 2054 2730 que,
2088 2677 2193 2715 nec
2225 2667 2586 2727 transeunte,
2620 2677 2724 2716 nec
2758 2662 3094 2724 l'uturo,sed
3125 2670 3401 2721 continuo
3426 2671 3576 2722 tem-

1921 2748 2077 2802 pore,
2110 2732 2197 2787 vel
2231 2733 2279 2786 si
2310 2750 2425 2804 quo
2474 2733 2586 2787 alio
2640 2734 2807 2787 modo
2859 2733 2972 2786 dici
3025 2740 3234 2804 potest,
3286 2737 3334 2792 si
3381 2743 3573 2796 tamen

1918 2805 2072 2875 apud
2107 2805 2283 2880 Ceam
2310 2810 2500 2880 est,_et
2525 2804 2803 2880 prtesciri,
2830 2809 2891 2880 et
2920 2807 3125 2872 facere,
3161 2812 3216 2861 et
3247 2809 3480 2880 eligere,
3516 2817 3572 2865 et

1918 2877 2282 2952 praescientia
2298 2875 2980 2952 suaincommutabiliter
2995 2875 3370 2952 permanente
3389 2883 3538 2952 elige
3554 2914 3571 2923 -

1917 2963 1977 3022 re
1995 2947 2288 3002 faciendos
2305 2949 2752 3022 :quost‘acturus
2767 2947 3288 3022 fuerateligendos:
3309 2952 3424 3006 haac
3441 2947 3570 3022 qui-

1916 3020 2070 3085 dem,
2104 3026 2390 3090 quantum
2424 3020 2494 3073 ad
2524 3019 2654 3074 ﬁdei
2695 3017 2978 3088 regulam,
3032 3017 3143 3074 Deo
3192 3017 3567 3079 illumina—nte

1921 3091 2202 3161 praedicta
2226 3091 2362 3144 sint.

157 3163 460 3213 vocatione
479 3157 802 3223 conversis,
830 3155 1292 3229 misericordiam
1318 3154 1800 3229 largiturindebi-
1832 3154 1876 3217 C
1921 3154 1938 3161 ’
1988 3158 2211 3217 (litavi.
2228 3163 2332 3215 Sed
2357 3163 2479 3227 jam
2505 3160 2668 3214 video
2688 3159 2826 3229 quid
2852 3159 3024 3213 etiam
3047 3160 3182 3215 hinc
3203 3162 3566 3220 calumniosa

158 3234 291 3297 tam,
319 3247 438 3283 non
463 3231 533 3283 ad
561 3228 1018 3300 dispensationis
1046 3227 1331 3296 justitiam
1360 3227 1463 3300 sed
1485 3229 1554 3282 ad
1579 3230 1804 3284 donan-

157 3301 227 3356 tis
245 3301 869 3374 misericordissimam
894 3299 1802 3374 largitatem(alias‘libertalem),

153 3373 423 3428 veritatis
443 3373 673 3427 ratione
697 3373 1056 3426 retercndum
1081 3375 1191 3426 est.
1212 3372 1294 3424 An
1323 3372 1558 3426 audebit
1576 3372 1803 3429 debitor

151 3445 503 3500 creditorem
537 3443 869 3514 iniquitatis
901 3458 1163 3512 arguere,
1191 3441 1238 3496 si
1266 3441 1428 3496 alteri
1455 3444 1702 3512 donans,
1731 3448 1801 3500 ab

147 3533 214 3571 eo
237 3518 396 3588 quod
432 3513 687 3588 debebat
720 3513 1002 3588 exegerit?
1032 3515 1086 3568 Si
1119 3529 1254 3588 ergo
1287 3514 1438 3588 inter
1467 3521 1801 3572 contractus

146 3584 465 3643 hominum
483 3587 685 3641 nullus
700 3584 888 3640 exhoc
903 3585 1355 3657 praescriptionis
1371 3584 1722 3653 locutusest,
1738 3593 1802 3643 ut

148 3677 180 3714 α
211 3676 275 3715 se
306 3659 472 3714 dicat
488 3657 948 3727 debitorinjuste
977 3658 1142 3728 exigi,
1163 3658 1301 3727 quia
1319 3658 1609 3712 scitalteri
1633 3661 1796 3714 debi~

145 3731 262 3786 tori
293 3732 370 3785 ab
402 3731 609 3785 eodem
643 3731 796 3802 quod
824 3730 1096 3802 debebat
1143 3730 1429 3802 creditore
1474 3731 1751 3786 donatum
1780 3749 1794 3800 ;

147 3804 282 3874 quis
301 3803 364 3857 in
391 3806 618 3856 tantam
642 3799 936 3856 insaniam
962 3803 1214 3874 profanae
1235 3801 1391 3874 vocis
1413 3809 1700 3874 erumpat,
1735 3799 1800 3858 ut

145 3872 461 3945 iniustitia:
493 3874 678 3928 Deum
707 3878 932 3945 arguat,
957 3872 1008 3926 si
1027 3872 1134 3945 iuni
1155 3872 1475 3926 indebitam
1500 3873 1798 3929 donaverit

143 3944 425 4019 gratiam,
459 3945 627 4019 alteri
660 3944 978 3998 reddiderit
1009 3944 1262 4019 debitam
1297 3960 1526 4014 poenam
1557 3945 1584 3999 ί)

217 4019 356 4074 CAP.
393 4034 472 4071 1v.
503 4017 704 4088 Itaque
735 4032 800 4070 ex
830 4015 1116 4086 superiori
1149 4015 1326 4084 hujus
1359 4020 1520 4086 parte
1559 4021 1797 4072 senten-

145 4091 262 4157 tias,
298 4106 430 4160 quae
458 4088 619 4142 dicit:
647 4088 814 4155 Cujus
836 4089 948 4160 vult
970 4089 1282 4160 miseretur,
1317 4092 1455 4160 puto
1483 4089 1636 4157 quod
1664 4091 1796 4143 nul-

143 4163 240 4217 lus
256 4158 372 4215 nisi
388 4159 1065 4231 indignusmisericordia
1080 4159 1290 4231 audeat
1303 4158 1792 4229 disputare.Quod

141 4250 281 4288 vero
315 4229 605 4302 sequitur:
643 4232 811 4298 Quem
839 4232 953 4285 vult
980 4231 1226 4296 indurat,
1252 4229 1331 4284 ibi
1355 4231 1658 4301 paululum
1684 4232 1796 4286 hu-

143 4322 337 4360 manae
373 4304 592 4358 mentis
624 4302 868 4357 intentio
898 4302 1057 4357 verbi
1090 4302 1346 4356 novitate
1394 4303 1790 4359 confunditur.

139 4377 252 4431 Sed
277 4393 394 4430 non
413 4375 495 4429 ita
513 4373 962 4445 intelligendum
981 4378 1089 4437 est,
1115 4373 1286 4444 quasi
1307 4373 1459 4428 Deus
1480 4375 1535 4428 in
1557 4374 1792 4428 homine

139 4448 340 4518 ipsam
364 4463 492 4518 quae
517 4464 630 4502 non
649 4445 1304 4518 essetduritianncordis
1327 4455 1614 4516 cperetur.
1641 4447 1788 4509 Quid

1914 3235 2171 3304 pravitas
2205 3234 2391 3303 possit
2416 3247 2727 3304 opponere.
2763 3232 3042 3304 Sequitur
3075 3233 3255 3296 enim,
3291 3239 3354 3289 ut
3382 3237 3431 3289 si
3464 3253 3562 3291 eos

1912 3302 2061 3375 quos
2095 3302 2563 3376 praedestinavit,
2594 3303 2805 3376 illoset
2836 3302 3082 3368 vocavit,
3117 3311 3172 3358 et
3199 3306 3248 3358 si
3280 3323 3377 3361 eos
3411 3325 3561 3376 quos

1908 3373 2156 3440 vocavit,
2191 3376 2322 3429 tllOS
2348 3383 2401 3428 et
2423 3373 2768 3447 juslilicavit
2804 3376 2975 3447 (Rom
3006 3390 3129 3441 νιιι,
3165 3378 3277 3444 30),
3328 3373 3566 3447 qui—nec

1910 3447 2329 3517 praedestinati,
2364 3462 2465 3517 nec
2494 3445 2701 3517 vocati,
2733 3460 2799 3498 ac
2834 3459 2932 3513 per
2963 3445 3072 3499 hoc
3104 3463 3209 3500 nec
3245 3445 3561 3516 jus—tit‘icati

1908 3515 2066 3585 sunt,
2087 3519 2158 3572 ab
2177 3517 2337 3591 omni
2360 3515 2531 3587 culpa
2550 3515 2954 3591 debeantesse
2978 3515 3340 3588 innocentes,
3369 3521 3560 3591 injus-

1906 3593 2080 3659 teque
2125 3591 2194 3643 ab
2246 3589 2330 3642 eis
2378 3603 2478 3656 pro
2510 3587 2641 3641 vitae
2672 3588 2958 3656 pravitate
2985 3592 3315 3658 transactze,
3353 3587 3561 3649 in'illo

1905 3660 2224 3731 agnitionis
2257 3661 2348 3714 die
2380 3659 2819 3731 sintiposcenda
2869 3661 3176 3729 supplicia.
3233 3662 3398 3716 Dicat
3429 3663 3558 3720 istis

1904 3729 2122 3786 Paulus
2136 3732 2458 3802 apostolus,
2476 3729 2733 3801 Nunquid
2748 3729 3173 3801 iniquitasapud
3193 3734 3359 3790 Deum
3380 3737 3555 3803 (Rom.

1906 3821 1982 3870 1x,
2012 3803 2125 3876 tu)?
2151 3804 2355 3876 Statim
2384 3804 2508 3874 ipse
2539 3803 2914 3876 respondeat,
2945 3804 3115 3858 Absit.
3150 3805 3415 3876 Cumque
3446 3807 3556 3863 hoc

1903 3874 2147 3949 fueritin
2163 3875 2420 3949 hominis
2436 3879 2626 3929 mente
2644 3890 2791 3949 sana
2810 3874 3025 3949 pietate
3042 3874 3373 3949 fundatum,
3396 3881 3552 3949 quod

1902 3947 2064 4002 nulla
2096 3948 2173 4002 sit
2202 3947 2485 4017 iniquitas
2507 3945 2660 4012 apud
2695 3951 2899 4020 Deum,
2931 3946 3010 4020 ita
3043 3945 3552 4020 intelligat,(.'_ujus

1899 4020 2018 4073 vult
2060 4022 2375 4092 miseretur,
2427 4021 2478 4072 et
2526 4032 2684 4092 quem
2731 4018 2846 4072 vult
2888 4019 3114 4074 indurat
3161 4018 3348 4090 (Ibid,
3423 4018 3547 4088 18);
3625 4085 3632 4092 ι

1902 4091 2069 4162 quasi
2086 4091 2514 4162 diceret:Cujus
2535 4089 3288 4162 vult_misceretur,etcujus
3305 4110 3416 4146 non
3434 4093 3555 4148 vult

1902 4159 2016 4217 non
2034 4161 2362 4217 miseretur.
2384 4163 2644 4230 Itemque
2667 4159 2775 4214 hoc
2799 4162 2991 4228 ipsum
3012 4159 3217 4218 rursus
3239 4163 3547 4232 intelligat,

1902 4235 2068 4314 quasi
2086 4235 2396 4314 diceretur:
2413 4233 2516 4314 Qui
2531 4249 2643 4314 non
2659 4233 2994 4298 vultdonat,
3011 4238 3240 4314 etaquo
3260 4234 3554 4314 vultdebi-

1899 4310 2025 4360 tum
2051 4306 2255 4378 poscit.
2279 4306 2440 4370 Quod
2465 4304 2557 4378 qui
2579 4304 2770 4356 dicere
2793 4308 3122 4378 perseverat
3143 4304 3459 4378 injustum,
3479 4306 3550 4360 ab

1902 4372 2168 4447 Apostolo
2198 4378 2412 4440 audiat,
2445 4377 2492 4431 Ο
2523 4375 2699 4438 homo,
2735 4378 2795 4447 tu
2853 4372 2950 4447 qui
3003 4389 3056 4447 es
3100 4377 3197 4443 qui
3228 4376 3555 4444 respondeas

1912 4444 2021 4503 Deo
2050 4449 2243 4517 (Ibid,
2274 4447 2690 4517 20)?7Congrue
2721 4444 3012 4517 siquidem
3046 4444 3388 4514 hujusmodi
3439 4447 3555 4502 im-

141 4509 304 4575 e'nim
339 4509 496 4573 aliud
517 4527 603 4574 est
635 4517 874 4583 duritia,
899 4533 1071 4586 quam
1092 4516 1190 4572 Dei
1214 4509 1446 4572 obviare
1474 4518 1798 4573 mandatis?
1833 4509 1876 4573 Β
1911 4509 2174 4588 pietatem
2197 4509 3557 4588 apostolo]ica'reprehenditauctoritas,tantum

141 4594 314 4647 Unde
346 4590 515 4644 illlud
548 4590 753 4645 beatus
783 4589 1116 4659 Stephanus
1140 4589 1372 4643 dicebat
1395 4589 1464 4644 ad
1493 4588 1793 4658 populum:

145 4668 307 4717 Dura
337 4664 568 4725 cervice,
601 4670 654 4715 et
686 4676 796 4714 non
815 4661 1136 4715 circumciso
1155 4659 1338 4723 corde,
1362 4664 1411 4714 et
1435 4660 1691 4728 auribus,
1708 4677 1796 4716 vos

146 4750 363 4805 semper
393 4733 638 4805 Spiritui
666 4735 851 4786 sancto
881 4733 1140 4786 resistitis
1169 4732 1303 4799 (Act.
1335 4748 1448 4805 _v11,_
1470 4733 1585 4802 51).
1619 4734 1800 4796 Quam

147 4803 316 4878 quia
350 4804 466 4878 Deo
501 4804 626 4878 ﬁeri
672 4809 862 4878 putat,
909 4809 1147 4874 propter
1194 4803 1350 4878 quod
1398 4803 1618 4878 dictum
1666 4810 1789 4859 est:

152 4874 326 4946 Quem
348 4875 469 4931 vult
492 4876 744 4943 indurat,
767 4876 961 4945 ipsum
988 4874 1481 4945 prmvaricationis
1506 4875 1804 4930 intueatur

149 4948 488 5012 exordium,
520 4953 578 5002 et
613 4947 731 5002 Deo
781 4947 1037 5002 donante
1087 4947 1459 5018 mandatum,
1510 4963 1610 5016 per
1640 4948 1795 5018 quod

148 5018 642 5092 transgressionis
657 5018 883 5092 culpam
900 5019 958 5073 in
974 5020 1142 5092 corde
1157 5017 1610 5092 fueritoperatus
1625 5017 1808 5074 atten-

149 5093 268 5158 dat,
297 5089 572 5164 quamvis
606 5106 678 5146 ne
711 5089 782 5144 ab
806 5091 933 5162 ipso
968 5090 1232 5164 quidem,
1267 5090 1316 5145 si
1343 5089 1583 5164 negaret
1603 5108 1803 5164 asseng

149 5161 811 5236 sum,potuittentatore
833 5161 1283 5236 compelli.Erg_o
1306 5161 1587 5236 quidquid
1615 5163 1803 5236 quoad

148 5233 877 5306 illam'przevaricationem
895 5241 1066 5288 natus
1087 5233 1356 5305 supplicii
1374 5233 1807 5306 homopatitur,

143 5307 306 5376 justo
339 5305 507 5362 reddi
531 5305 854 5375 meritoque
877 5306 1149 5361 fateatur.
1172 5307 1456 5361 Indurare
1474 5305 1629 5360 enim
1655 5307 1808 5360 Deus

145 5379 338 5434 dcitur
358 5395 519 5443 eum,
547 5393 729 5449 quem
758 5376 988 5449 mollire
1009 5376 1278 5432 noluerit.
1304 5378 1400 5449 Sic
1424 5378 1601 5432 etiam
1626 5394 1806 5432 exca-

152 5451 304 5505 ciare
320 5448 886 5519 diciturcum,quem
906 5448 1239 5504 illuminare
1253 5448 1624 5504 noluerit.Sic
1641 5450 1806 5504 etiam

153 5521 436 5593 repellere
458 5539 594 5577 eum
619 5536 794 5592 quem
813 5537 1016 5576 vocare
1042 5520 1312 5576 noluerit.
1340 5521 1481 5589 Quos
1499 5522 1652 5576 enim
1672 5537 1815 5593 prae-

150 5591 467 5660 destinavit,
505 5591 641 5649 illos
661 5601 714 5646 et
745 5593 974 5647 vocavit:
1007 5601 1057 5647 et
1084 5608 1215 5663 quos
1237 5595 1468 5657 voravit,
1495 5593 1620 5648 illos
1641 5591 1816 5662 justi-

155 5664 341 5749 ﬁravit
367 5667 539 5749 (Rom.
571 5681 695 5732 vni,
724 5665 835 5746 {30).
857 5664 986 5735 Ipse
1011 5668 1167 5719 enim
1187 5664 1347 5720 dedit
1368 5670 1431 5719 ut
1452 5664 1662 5732 simus,
1686 5667 1812 5736 ipse

156 5743 214 5792 ut
250 5736 390 5792 boni
423 5753 552 5792 esse
585 5736 906 5807 possimus.

221 5814 359 5864 Cap.
390 5826 442 5865 ν.
474 5807 770 5864 Praescivit
793 5809 949 5862 enim
976 5824 1079 5861 nos
1103 5808 1234 5878 ejus
1258 5807 1554 5875 divinitas,
1577 5807 1812 5878 sapien-

154 5879 234 5937 tia
257 5879 1322 5951 condiditjustitiadamnavit,gratia
1345 5880 1631 5936 liberavit.
1655 5883 1816 5936 Mun-

155 5953 267 6009 dus
290 5953 448 6008 enim
467 5951 740 6023 quamvis
758 5967 864 6023 pro
880 5955 1146 6022 tempore
1161 5967 1231 6007 ex
1251 5967 1366 6022 quo
1390 5952 1580 6008 factus
1601 5955 1690 6008 est
1707 5969 1818 6008 cce-

1906 4587 1977 4645 de
2007 4589 2452 4659 exaggeratione
2480 4588 2784 4641 nominum
2819 4587 3050 4656 pondus
3075 4587 3392 4652 incutiens.
3415 4607 3557 4646 cum

1911 4662 2070 4723 dicit.
2098 4661 2136 4714 0
2153 4663 2331 4722 homo,
2360 4668 2420 4714 tu
2441 4659 2562 4728 quis
2593 4673 2646 4712 es
2666 4660 2790 4728 quis
2813 4660 3136 4728 respondeas
3161 4662 3296 4716 Deo?
3325 4663 3559 4718 Ohomo

1912 4734 2050 4797 Deo,
2085 4733 2274 4804 lutum
2303 4728 2500 4804 ﬁgulo!
2535 4730 2852 4804 Subjunxit
2874 4731 3029 4804 enim
3051 4731 3203 4788 idem
3234 4735 3556 4804 apostolus!

1912 4805 2171 4875 Nunquid
2199 4803 2330 4856 dicit
2361 4803 2684 4872 ﬁgmentum
2711 4803 2763 4856 ei
2783 4804 2878 4874 qui
2906 4819 2963 4858 se
2985 4803 3158 4871 ﬁncit:
3183 4803 3364 4870 Quare
3381 4810 3459 4862 sic
3478 4824 3563 4862 me

1910 4875 2088 4948 fecisti
2109 4875 2136 4930 ?
2157 4876 2237 4928 An
2263 4875 2558 4948 noninavet
2572 4880 2897 4948 potestatem
2923 4875 3124 4948 ﬁgulus
3155 4878 3261 4932 luti
3281 4894 3346 4933 ex
3371 4878 3564 4932 eadem

1912 4945 2092 5002 massa
2123 4950 2307 5017 facere
2337 4945 2490 5001 aliud
2508 4945 2732 5017 quidem
2753 4963 2847 5002 vas
2874 4949 2934 5000 in
2965 4947 3230 5002 honorem
3255 4950 3416 5003 aliud
3441 4965 3563 5003 vero

1913 5019 2376 5075 incontumeiiam
2391 5021 2515 5087 (1b.,
2536 5019 2599 5072 2t
2614 5018 2659 5086 )‘I
2675 5019 2730 5073 Si
2747 5035 2883 5088 ergo
2899 5018 3216 5078 habet,imo
3233 5019 3370 5088 quia
3389 5019 3566 5073 habet

1916 5096 2265 5163 potestatem
2283 5091 2504 5163 ﬁgulus
2526 5089 2633 5143 luti
2653 5091 2840 5163 facere
2861 5105 2929 5144 ex
2945 5090 3145 5144 eadem
3163 5106 3379 5163 massa,
3405 5090 3565 5144 aliud

1917 5160 2158 5234 quidem
2190 5163 2248 5216 in
2282 5162 2586 5227 honorem,
2619 5160 2776 5215 aliud
2799 5176 2951 5234 vero!
2973 5163 3029 5214 in
3059 5161 3500 5234 contumeliam,
3522 5178 3565 5234 ⁸ο

1919 5230 2115 5300 homo,
2135 5240 2194 5289 tu
2218 5234 2351 5304 quis
2365 5249 2424 5288 es
2445 5234 2543 5302 qui
2564 5231 2920 5304 respondeas
2939 5230 3227 5304 l_)eo,iqui_a
3248 5233 3418 5300 cujus
3439 5231 3570 5286 vult

1919 5301 2318 5360 miseretur—et
2349 5301 2520 5372 quem
2546 5301 2669 5356 vult
2697 5301 2964 5355 indurat?
2982 5303 3089 5355 Sed
3119 5302 3464 5372 priusquam
3492 5304 3567 5359 ad

1919 5375 2257 5446 hujusmodi
2280 5373 2716 5446 conclusionem
2738 5373 2948 5446 beatus
2968 5372 3280 5446 Apostolus
3304 5375 3569 5445 disputa-

1919 5443 2099 5501 tio—nis
2131 5445 2333 5500 ordine
2365 5444 2708 5515 perveniret,
2737 5443 2846 5498 hoc
2870 5444 3239 5515 potissimum
3266 5446 3336 5500 de
3360 5443 3569 5501 veteri-

1920 5519 2032 5574 bus
2054 5517 2263 5572 litteris
2282 5514 2541 5586 sumpsit
2561 5516 2890 5586 exemplum
2905 5514 2982 5581 ,in
3002 5532 3118 5584 quo
3135 5516 3571 5574 indurationem

1920 5607 2048 5660 quae
2081 5607 2115 5644 a
2147 5595 2257 5644 Deo
2309 5588 2429 5642 fieri
2486 5586 3084 5660 dicitur,_edoceret:
3138 5587 3303 5652 Dicit,
3359 5590 3570 5659 inquit,

1922 5657 2204 5729 Scriptura
2236 5661 2533 5714 Pharaoni:
2566 5661 2710 5728 Quia
2734 5658 2792 5712 in
2825 5657 2921 5713 hoc
2951 5661 3134 5730 ipsum
3161 5663 3411 5718 croci/ari
3440 5657 3575 5726 te,ut

1921 5731 2270 5790 ostendamin
2285 5733 2606 5786 tevirlutem
2619 5746 2818 5790 meam.
2832 5735 2956 5785 etut
2977 5734 3350 5788 annuntietur
3374 5750 3577 5790 nomen

1919 5823 2105 5861 meum
2137 5807 2197 5861 in
2238 5803 2501 5859 universa
2530 5808 2688 5858 terra,
2734 5802 2918 5871 (Ibid.,
2975 5805 3073 5869 17;
3109 5805 3279 5861 Exod.
3336 5823 3412 5869 Ix,
3463 5808 3575 5872 16).

1924 5878 2239 5934 Indurasse
2271 5880 2464 5948 autem
2497 5892 2596 5930 cor
2625 5875 3022 5948 ejusipeusin
3046 5877 3246 5948 eadem
3277 5878 3578 5948 Scriptura

1922 5949 2294 6023 apertissime
2326 5947 2567 6016 dicitur,
2598 5963 2732 6003 cum
2765 5945 2952 6019 Moysi
2983 5947 3055 6004 de
3098 5947 3287 6021 signis
3337 5945 3465 6020 quae
3516 5950 3578 6004 in
