3916 6226
130 379 233 434 aut
277 338 281 342 ’

1173 373 1438 429 ιὶΕϐυιΑ
1479 371 1962 428 (ΣΟΜΜΕΝΤΛΤΛ.
2001 371 2150 426 CAP.
2194 372 2279 427 Vl.

3227 371 3332 426 35?.

133 498 463 562 vero-potest
486 489 672 562 aliquis
699 488 856 545 etiam
899 485 1161 562 loquendo
1203 485 1670 562 silentiostudere,
1701 493 1753 551 Α
1777 485 1965 562 quibus
1993 484 2214 562 dumad
2250 495 2526 562 utramque
2576 485 2787 562 missam
2817 481 3054 562 offertur,
3083 482 3209 562 dum.
3233 499 3328 550 pax

133 573 264 632 puta
288 556 854 616 necessaria'duntaxat
882 556 1218 632 proferendo,
1241 556 1672 632 idquebreviter.

131 624 191 685 Et
244 632 503 685 submissa
533 644 661 684 voce
709 646 722 681 :
766 624 1006 699 quamvis
1050 626 1344 699 laudemus,
1393 624 1678 694 beatosque

137 703 488 770 praedicamus
516 714 607 754 eos
646 699 732 768 qui
762 697 980 764 possunt
1006 698 1293 770 valentque
1323 696 1395 749 ita
1428 707 1680 763 perpetuo

133 766 315 832 Silere,
343 787 391 824 ut
425 771 564 823 nullo
596 766 862 822 hominum
894 766 1164 822 consortio
1187 766 1488 833 indigeant;
1519 774 1678 832 atque

135 852 194 894 ut
225 843 324 894 hoc
352 840 502 893 nobis
545 837 820 908 aliquando
863 837 1055 891 donum
1104 836 1240 890 Deus
1284 839 1561 899 concedat,
1588 837 1682 888 ob-

133 910 260 966 nixe
277 910 635 975 deprecamur.

208 978 480 1046 Tertium,
535 993 600 1032 ex
649 977 852 1032 abbatis
883 975 1111 1046 pendere
1144 976 1378 1046 (arbitrio
1414 975 1683 1046 assignare

135 1049 279 1112 dies,
313 1044 488 1111 horas,
523 1057 726 1115 tempus
748 1061 839 1100 seu
868 1045 1120 1112 spatium,
1142 1045 1336 1112 locum,
1367 1044 1683 1115 modumque

135 1118 406 1185 colloquii.
439 1114 744 1171 Communis
774 1126 947 1169 tamen
978 1117 1178 1168 ordinis
1204 1131 1331 1170 usus
1351 1114 1596 1173 obtinuit,
1629 1125 1685 1166 ut

136 1203 248 1244 non
283 1188 382 1241 nisi
407 1187 621 1256 privatis
659 1186 846 1239 diebus
874 1186 1036 1256 abbas
1063 1185 1686 1256 colloquiumpermitte-

136 1253 536 1318 ret.dominicis
562 1256 810 1324 festisque
856 1254 1042 1307 diebus
1070 1253 1350 1324 duodecim
1399 1255 1683 1309 lectionum

137 1329 392 1383 continuo
419 1327 632 1381 silentio
659 1323 998 1390 consecratis.
1031 1325 1093 1378 Et
1120 1335 1266 1378 certe
1295 1323 1432 1378 inter
1459 1324 1689 1392 quinque

139 1397 364 1461 capitula
409 1411 526 1464 quae
571 1393 796 1459 receptis
825 1393 1030 1464 ροηεῇἰὶ
1084 1395 1397 1464 Aquisgran.
1445 1392 1690 1464 capitulis

138 1461 452 1521 addiderunt
479 1465 871 1520 Centuriatores
929 1461 1095 1532 (Tam.
1146 1464 1185 1516 ll
1232 1463 1449 1532 Capitol.
1481 1461 1686 1524 Baluz..

181 1573 195 1588 .
231 1537 384 1604 109:2)
405 1576 418 1598 ,
451 1547 688 1604 quartum
720 1534 786 1587 ita
817 1534 1040 1604 habetur
1072 1552 1085 1586 :
1132 1551 1151 1584 ι
1190 1532 1258 1588 Ut
1286 1534 1340 1604 in
1367 1533 1690 1604 ltebdotnada

181 1573 195 1588 ο
231 1555 384 1604 1032)
405 1576 418 1598 ,
451 1555 688 1604 quartum
720 1555 786 1587 lla
817 1555 1040 1586 llaUClilﬂ'
1072 1555 1085 1586 Σ
1132 1555 1151 1584 ι
1192 1555 1258 1588 υι
1287 1555 1336 1586 ιιι
1367 1555 1688 1585 113110011ιῆυὸ

141 1555 359 1660 βηεειιν
381 1607 432 1657 iu
470 1610 702 1658 claustro
740 1617 840 1657 non
873 1603 1178 1671 loquantur,
1206 1603 1297 1656 sed
1329 1602 1487 1656 lectio
1514 1601 1688 1671 divina

141 1676 214 1729 ab
242 1677 484 1728 oinnibns
514 1683 756 1728 teneatur
785 1713 800 1730 .
829 1670 1072 1727 similiter
1102 1675 1152 1725 in
1185 1671 1512 1726 hebdomaria
1555 1670 1693 1726 Peu-

144 1755 394 1806 tt-costes,
427 1753 478 1797 et
510 1745 558 1797 iu
587 1745 828 1797 omnibus
867 1738 1052 1796 diebus
1079 1742 1376 1806 dominicis,
1401 1757 1494 1796 seu
1518 1741 1569 1794 in
1593 1743 1694 1795 LVa-

143 1815 234 1868 tali
271 1815 492 1878 Domini,
524 1813 658 1867 etin
688 1812 931 1867 omnibus
984 1813 1077 1867 SS.
1130 1811 1278 1865 festis
1327 1812 1624 1878 praacipuis.
1664 1830 1682 1863 ›

143 1866 402 1939 Similiter
425 1866 653 1950 antiqua
679 1866 1098 1936 Consuetudiues
1134 1881 1228 1935 SS.
1260 1866 1691 1950 Benigni'Divio-
1723 1866 1770 1924 Β

146 1953 326 2008 neusis
352 1951 502 2021 (Cap.
533 1955 658 2019 04):
698 1971 716 2002 ‹
748 1953 844 2005 Per
867 1961 988 2005 octo
1015 1952 1130 2004 dies
1167 1951 1399 2016 Pascbaz,
1429 1959 1484 2005 et
1510 1949 1694 2004 Pente-

143 2034 341 2086 costes,
373 2033 424 2075 et
448 2023 640 2075 Natalis
666 2021 892 2086 Domini,
923 2032 975 2074 et
1005 2022 1054 2073 iu
1078 2021 1450 2088 Rogationibus
1479 2061 1495 2084 ,
1542 2031 1597 2073 et
1642 2021 1695 2073 in

146 2095 293 2148 omni
321 2093 571 2154 secunda,
604 2100 809 2158 quarta,
839 2103 891 2144 et
915 2099 1060 2145 sexta
1092 2090 1223 2144 feria
1250 2089 1696 2158 Quadragesimae,

145 2173 200 2217 et
228 2163 278 2215 in
302 2163 546 2215 omnibus
570 2161 634 2214 l2
657 2159 1142 2222 lectionibus,nulla
1167 2159 1226 2213 lit
1255 2159 1447 2214 locutio
1479 2163 1528 2212 in
1547 2165 1694 2212 clau-

145 2240 276 2286 stro.
310 2248 330 2281 ι
371 2232 497 2297 ρυζὲ
540 2231 754 2284 tetidem
798 2230 975 2282 verbis
1018 2239 1226 2284 exstant
1270 2229 1321 2283 in
1370 2229 1530 2281 veteri
1564 2229 1696 2282 Cor-

147 2301 346 2356 beiensi
360 2301 636 2354 Ordinario
650 2314 774 2361 ms.,
788 2298 974 2366 quibus
985 2297 1357 2353 concinitliber
1371 2298 1564 2353 Usuum
1583 2299 1702 2352 Bec-

145 2373 406 2433 centium,
436 2371 691 2437 loquelam
723 2371 774 2420 in
800 2371 1032 2421 claustro
1064 2370 1280 2432 privatis
1306 2369 1560 2437 duntaxat
1588 2369 1700 2437 die-

148 2441 248 2495 bus
275 2434 567 2507 indulgens.
614 2439 838 2492 Ecoutra
864 2438 1064 2491 Statuta
1091 2437 1340 2505 Guigonis
1380 2434 1464 2506 (ϐ.
1484 2439 1534 2502 7,
1564 2453 1618 2490 η.
1644 2436 1698 2504 9)

147 2510 425 2563 dominicis
452 2509 770 2572 colloquium
802 2519 915 2574 post
943 2521 1132 2562 nonam
1158 2511 1482 2574 permittunt;
1511 2507 1700 2574 quibus

148 2577 360 2646 antiqua
390 2577 840 2633 Carthusiensium
871 2586 1062 2630 statuta
1092 2577 1360 2646 adjiciunt
1387 2576 1518 2630 festa
1552 2580 1699 2645 cipi-

151 2645 399 2710 tuli;setl
433 2650 482 2700 in
533 2647 675 2701 Nova
717 2647 1040 2702 Statutorum
1070 2645 1399 2700 Collectione
1424 2646 1701 2714 excipiun-

149 2728 236 2774 tur
262 2719 537 2779 Nativitas.
568 2717 727 2772 Coena
773 2715 998 2781 Domini,
1029 2714 1247 2779 Pascha,
1279 2725 1334 2770 et
1362 2715 1702 2770 Pentecostes

148 2803 272 2842 cum
301 2789 448 2842 fesuis
473 2789 606 2841 intra
638 2787 1015 2841 hebdomadam
1060 2787 1112 2839 in
1139 2784 1544 2853 Quadragesima
1573 2800 1702 2840 con-

153 2857 523 2924 tingeutibus:
581 2870 830 2924 prmterea
885 2853 1106 2926 singulis
1149 2856 1457 2927 septimanis
1505 2858 1702 2925 spatia-

150 2935 386 2982 nlentum
418 2929 732 2981 concedunt.
1609 2950 1613 2956 ⁴

226 2996 417 3048 lloratn
441 2998 699 3064 duplicem
732 2996 783 3050 in
811 2996 896 3051 die
926 2995 991 3050 ad
1025 2993 1344 3065 colloquium
1375 2993 1698 3064 designatam
1739 3020 1742 3022 ν

149 3077 271 3120 esse
297 3065 432 3131 apud
460 3067 826 3122 Cluniacenses
857 3066 1107 3120 discimus
1133 3081 1197 3120 ex
1239 3065 1482 3120 Uldarico
1502 3103 1518 3128 ,
1564 3067 1702 3119 scili-

149 3145 242 3188 cet
269 3143 448 3188 aestate
471 3145 590 3202 post
617 3137 903 3205 capitulum
931 3145 985 3189 et
1007 3151 1196 3189 nonam
1221 3153 1236 3200 ;
1269 3136 1440 3188 hieme
1470 3145 1588 3200 post
1609 3149 1699 3205 ca-

1776 555 1929 608 datur
1951 565 2007 608 et
2027 556 2296 624 accipitur,
2329 557 2450 608 dum
2469 557 2519 609 in
2549 555 2776 623 capitulo
2798 553 2864 607 de
2895 569 2998 606 uno
3049 563 3136 605 aut
3165 554 3331 607 altero

1777 624 1878 678 hoc
1903 633 1957 678 et
1984 625 2110 678 illud
2134 627 2469 681 reclamatur.
2504 627 2627 677 dum
2655 625 2810 676 tantis
2841 625 2892 678 in
2916 624 3192 680 rcl'cciorio
3214 637 3325 676 ser-

1778 700 1934 757 vitur,
1970 710 2070 747 non
2097 697 2308 748 minima
2335 710 2456 764 pars
2475 695 2792 762 expenditur
2815 694 2916 746 (Ιίοεί
2943 709 2956 756 ;
3005 708 3120 761 quae
3161 702 3329 746 tamen

1782 764 1983 832 singula
2011 804 2026 827 ,
2056 765 2241 819 ordine
2273 776 2454 818 nostro
2474 766 2621 817 salvo
2651 773 2704 817 et
2755 765 2956 830 integro
2986 802 3000 822 ,
3059 776 3332 816 remanere

1781 849 1885 886 non
1911 844 2145 900 possunt;
2171 845 2382 904 propter
2409 837 2547 903 quod
2583 835 2615 886 b
2640 847 2712 886 ra
2762 833 3004 900 loquendi
3035 836 3334 904 neressat'io

1782 905 1947 970 magis
1968 915 2048 959 est
2076 901 2281 970 bre'visj
2306 916 2359 958 et
2379 901 2619 957 simiuus
2647 904 3023 971 aliquantulum
3049 901 3330 965 loquimur,

1783 975 1834 1026 in
1861 979 1956 1027 hoc
1984 974 2186 1028 ordinis
2232 975 2443 1042 quidem
2475 988 2628 1027 nemo
2649 975 2817 1026 sensit
2839 973 2998 1024 ullum
3024 985 3140 1023 esse
3166 971 3330 1024 detri-

1783 1052 2033 1114 mentum.
2066 1062 2087 1094 δ
2123 1044 2252 1098 Cum
2277 1059 2405 1114 ergo
2433 1045 2602 1096 nullus
2627 1044 2816 1114 existat
2842 1044 2926 1114 qui
2955 1043 3085 1093 infra
3112 1042 3335 1114 mediam

1785 1113 1966 1167 horam
1993 1115 2246 1176 privatam
2263 1111 2472 1169 missam
2488 1123 2702 1167 cantare
2731 1113 2864 1164 haud
2879 1121 3054 1179 queat,
3079 1111 3210 1162 ultra
3239 1115 3338 1162 hoc

1787 1185 2037 1249 temporis
2083 1187 2345 1247 spatium,
2399 1183 2536 1251 quod
2563 1191 2739 1245 postea
2769 1184 2927 1236 etiam
2978 1182 3336 1234 abbreviation

1786 1265 1886 1315 est,
1908 1253 2070 1321 prima
2097 1255 2372 1307 locutionis
2391 1255 2514 1306 liora
2537 1268 2640 1305 non
2671 1251 3066 1305 exmudebatur.
3101 1251 3338 1304 Secunda

1788 1325 1946 1375 etiam
1976 1338 2044 1376 ex
2067 1325 2254 1378 eodem
2282 1324 2522 1377 lldalrico
2553 1323 2708 1391 longe
2729 1321 2938 1374 brevior
2969 1331 3084 1391 erat
3113 1339 3123 1370 :
3165 1321 3337 1373 «Noua

1790 1403 1965 1446 autem
1989 1433 2005 1458 ,
2039 1395 2206 1462 inquit
2231 1393 2470 1464 (Ibidem)
2493 1432 2508 1457 ,
2534 1394 2597 1445 ad
2629 1390 2786 1464 quam
2819 1399 2943 1464 sunt
2977 1405 3036 1464 se
3077 1390 3294 1464 levaturi
3322 1432 3336 1455 ,

1790 1464 1922 1516 adeo
1953 1460 2254 1528 tarda—erit,
2280 1473 2335 1516 ut
2390 1460 2662 1531 po'stqnani
2697 1462 2747 1513 in
2783 1461 3061 1513 refectorio
3091 1460 3336 1531 biberint,

1791 1544 1845 1585 et
1871 1533 2058 1586 iterum
2089 1534 2331 1602 loquendi
2376 1530 2637 1587 licentiam
2667 1532 2965 1593 habuerint,
3001 1530 3237 1582 eamdem
3268 1530 3343 1581 lo-

1793 1603 1983 1666 quendi
2019 1604 2234 1669 horam,
2260 1615 2313 1657 et
2341 1605 2438 1656 hoc
2461 1604 2794 1656 intervallum
2815 1610 2936 1653 ante
2958 1613 3203 1666 vespa-ras
3237 1615 3339 1652 nou

1795 1671 2058 1726 immerito
2088 1675 2258 1740 potius
2279 1674 2503 1727 dixerim
2532 1673 2732 1725 nullum
2778 1686 2930 1737 quam
2965 1685 3214 1740 parvum:
3247 1684 3344 1722 sae-

1797 1745 1912 1811 pius
1941 1739 2114 1796 autem
2147 1746 2656 1810 priusquamomncs
2679 1746 2728 1793 in
2760 1739 3343 1811 claustro?cousiileant,

1798 1810 1851 1867 et
1876 1813 2062 1878 aliquis
2096 1814 2316 1866 fratrum
2340 1813 2424 1866 vel
2460 1828 2620 1864 unum
2649 1811 2866 1865 verbum
2910 1810 3086 1871 faciat,
3113 1810 3346 1875 pulsatur

1795 1884 2000 1948 signum
2031 1882 2094 1935 ad
2122 1897 2370 1950 vesper-as
2400 1924 2412 1938 .
2461 1892 2514 1936 et
2573 1896 2695 1934 ecce
2743 1880 2988 1947 loquendi
3043 1881 3176 1931 linis.
3219 1897 3234 1927 ι
3272 1879 3352 1950 lit

1797 1953 1920 2005 alibi
1949 1951 2084 2020 (Lib.
2120 1967 2158 2014 ι,
2190 1949 2300 2020 cup.
2329 1952 2420 2019 40)
2471 1953 2541 2012 de
2559 1951 2742 2005 eadem
2777 1951 3069 2014 locutione,
3105 1965 3221 2001 cum
3258 1949 3345 2020 lie-

1797 2032 1879 2076 ret
1901 2019 2016 2088 pust
2043 2019 2284 2076 sextam:
2341 2040 2360 2072 ι
2398 2021 2512 2074 Νοιι
2542 2022 2708 2074 solum
2758 2031 2873 2086 post
2912 2021 3220 2085 capitulum.
3254 2019 3340 2071 set'

1797 2093 1956 2147 etiam
2005 2101 2120 2157 post
2167 2101 2368 2146 sextam
2417 2091 2673 2144 habemus
2745 2090 2988 2155 loquendi
3043 2089 3345 2146 ἰᾶσι-ιιιίειιη,

1797 2175 2093 2229 quanquam
2127 2162 2250 2216 iliud
2293 2163 2516 2228 spatium
2563 2162 2725 2214 soleat
2779 2173 2898 2229 esse
2947 2158 3350 2222 brevissimum;

1799 2227 1918 2285 nam
1944 2227 2045 2284 lion
2077 2232 2300 2299 amplius
2325 2227 2430 2285 erit
2450 2244 2604 2298 quam
2636 2227 2958 2282 utsacerdos
2989 2241 3042 2279 et
3081 2229 3254 2299 canori
3285 2231 3348 2279 ad

1798 2303 2052 2368 majorem
2085 2297 2296 2354 missam
2325 2297 2572 2354 servituri
2605 2301 2780 2352 lavent
2821 2310 3026 2363 manus,
3063 2307 3115 2349 et
3158 2297 3262 2350 sint
3293 2312 3350 2351 se

1799 2371 1864 2424 ad
1896 2370 2217 2424 induendum
2239 2373 2424 2440 parati.
2462 2387 2479 2420 ι

1876 2442 2031 2511 185
2061 2437 2442 2511 Cistercieuses
2464 2455 2525 2492 ex
2550 2439 2746 2511 Jacobo
2760 2437 2825 2491 de
2846 2437 3081 2511 )‘itriaco
3097 2439 3348 2511 integram

1801 2511 1851 2563 iu
1876 2507 2142 2574 colloquio
2171 2512 2350 2564 horam
2384 2509 2750 2562 insumebant:
2791 2527 2808 2558 ι
2839 2507 3135 2570 Silentium,
3188 2509 3354 2576 inquit

1800 2580 1933 2647 (Lib.
1959 2596 1993 2632 ιι
2030 2580 2224 2632 Ilistor.
2263 2579 2435 2631 Occid.
2467 2595 2577 2646 cap.
2613 2577 2721 2646 14),
2760 2593 2852 2643 per
2881 2587 3039 2629 totam
3073 2577 3182 2647 fere
3210 2579 3349 2631 diem

1797 2646 2164 2718 Observantes,
2196 2653 2390 2703 mutuis
2435 2647 2870 2718 collocutionibus
2901 2655 2954 2699 et
2982 2646 3352 2718 collationibus

1799 2717 1956 2774 unam
1979 2721 2076 2774 sibi
2103 2720 2283 2772 horam
2310 2727 2600 2779 reservant,
2635 2717 2855 2771 invicem
2897 2717 3253 2779 consolantes,
3296 2728 3350 2770 et

1785 2791 2027 2844 invicem
2077 2790 2420 2843 instruentes.
2458 2807 2474 2838 ι
2525 2787 2670 2850 Quod
2724 2788 2792 2839 ita
2843 2787 3067 2853 explicat
3119 2787 3355 2841 Julianus

1804 2859 2027 2913 Varnier
2058 2860 2158 2927 (De
2181 2862 2300 2913 Aut.
2335 2857 2494 2911 Praa‘i
2520 2858 2698 2928 Regul.
2725 2856 2783 2910 S.
2821 2855 2906 2920 B.,
2941 2872 3052 2921 cap.
3102 2856 3205 2919 l6|,
3252 2872 3354 2909 non

1797 2933 1949 2997 quasi
1976 2929 2194 2998 singulis
2223 2930 2410 2983 diebus
2441 2942 2592 2981 unam
2627 2928 2808 2998 horam
2838 2929 2900 2978 ad
2934 2937 3162 2998 mutuam
3185 2928 3352 2998 collo-

1802 2996 2078 3052 cntionem
2096 3010 2430 3052 reservarent
2458 3016 2470 3058 ;
2505 2999 2595 3050 sed
2627 2997 2786 3064 quod,
2820 3012 2937 3050 cum
2983 2996 3142 3048 abbas
3175 2996 3352 3048 fratri-

1800 3067 1901 3120 bus
1947 3069 2190 3130 loquendi
2230 3069 2490 3121 licentiam
2534 3067 2863 3135 indulgeret,
2898 3067 3151 3133 integram
3200 3066 3248 3117 in
3305 3068 3354 3120 id

1798 3139 2037 3191 exercitii
2084 3139 2267 3190 horam
2297 3136 2679 3205 impenderent.
2705 3141 2763 3188 Et
2793 3137 2857 3188 de
2883 3136 2980 3186 hac
3016 3139 3139 3205 liora
3165 3136 3350 3187 intelli-

152 3205 376 3280 pitulum
417 3213 476 3280 et
519 3203 738 3280 sextarii.
772 3207 907 3280 Idem
962 3206 1171 3280 videreA
1193 3218 1274 3259 est
1312 3206 1362 3258 in
1393 3204 1696 3280 antiquis
1725 3217 1772 3280 ε
1802 3209 2002 3280 gelidus
2027 3207 2086 3280 ετ
2116 3203 2428 3280 Bernardus,
2463 3207 2547 3280 ubi
2586 3206 2866 3280 superbum
2896 3203 3218 3280 monachum
3261 3205 3354 3280 d_e-

151 3274 372 3342 Benigni
419 3273 750 3328 Divionensis
777 3275 1256 3344 Consuetudinibus
1278 3315 1293 3340 ,
1323 3285 1378 3330 et
1422 3275 1702 3328 Ordinario

149 3345 456 3414 (Sorbeiensi
472 3345 850 3414 passim.18&.
864 3346 1221 3404 Atsecundam
1245 3354 1421 3414 postea
1440 3345 1704 3399 subtraxit

154 3413 346 3467 Petrus
379 3413 733 3475 Venerabilis;
752 3413 896 3468 edito
924 3423 1141 3479 statuto,
1177 3433 1195 3467 ι
1231 3413 1288 3469 ut
1313 3415 1379 3468 de
1409 3415 1614 3468 usitatis
1645 3416 1698 3468 in

58 3513 66 3520 -
151 3483 385 3537 claustro
415 3483 550 3535 binis
579 3482 924 3538 locutionibus
946 3485 1180 3544 secunda
1221 3485 1365 3538 omni
1397 3487 1553 3538 totius
1579 3486 1701 3538 anni

155 3566 395 3620 tempore
421 3551 774 3606 subtrahatur.
809 3571 826 3603 ι
863 3553 997 3606 Usus
1027 3554 1340 3618 Beccenses,
1369 3555 1540 3608 habita
1565 3562 1699 3610 tem-

153 3636 342 3690 porum
373 3623 597 3687 ratione,
626 3624 805 3674 volunt
834 3631 890 3676 ut
923 3641 940 3673 ι
969 3624 1224 3676 Omnibus
1254 3625 1469 3691 privatis
1492 3625 1698 3689 diebus,

151 3693 348 3758 quibus
378 3701 494 3754 post
518 3691 799 3757 capitulum
827 3693 980 3745 tertia
1028 3691 1222 3746 dicitur
1247 3733 1261 3754 ,
1288 3698 1449 3747 semel
1479 3703 1700 3756 tantum,

154 3763 210 3815 id
237 3774 314 3815 εει
343 3773 457 3828 post
478 3761 762 3828 capitulum
812 3762 1090 3829 loquantur
1132 3761 1182 3813 in
1214 3763 1472 3824 claustro,
1507 3764 1606 3816 nisi
1635 3764 1702 3816 ab

153 3832 359 3883 octavis
389 3831 603 3884 Pascha:
627 3846 787 3899 usque
813 3832 878 3883 ad
910 3831 1026 3883 idus
1056 3831 1403 3896 Septembris,
1436 3847 1541 3899 quo
1565 3841 1700 3886 tem-

151 3916 292 3971 pore
323 3903 538 3969 privatis
568 3899 754 3954 diebus
785 3909 902 3966 post
929 3911 1119 3954 nonam
1157 3901 1437 3967 loquuntur
1463 3903 1516 3954 in
1561 3903 1702 3955 clau—

150 3979 290 4026 stro.
321 3972 538 4038 Quando
564 3986 687 4024 vero
733 3971 881 4024 tertia
912 3978 1033 4022 ante
1059 3971 1343 4037 capitulum
1371 3971 1590 4033 dicitur,
1622 3972 1701 4024 bis

153 4041 211 4093 in
227 4042 454 4097 claustro
473 4043 771 4109 lnquuntur,
789 4049 902 4106 post
926 4040 1209 4106 capitulum
1227 4049 1280 4091 et
1303 4050 1418 4106 post
1439 4049 1660 4092 sextam.
1676 4058 1696 4092 ι

151 4109 217 4164 In
236 4111 541 4178 quibusdam
571 4125 696 4165 vero
723 4110 922 4179 Anglia:
966 4109 1297 4163 monasteriis
1327 4111 1450 4160 liora
1477 4109 1542 4162 ad
1595 4111 1705 4162 col-

153 4182 391 4245 loquium
414 4192 543 4235 stata
574 4190 687 4234 erat
716 4191 831 4248 post
858 4180 1158 4244 prandium;
1184 4180 1273 4231 sed
1305 4196 1323 4228 ι
1350 4192 1468 4230 cum
1489 4179 1700 4246 quidam

153 4258 281 4319 post
301 4253 574 4316 prandium
626 4252 896 4318 proniores
925 4257 1050 4319 sunt
1095 4249 1157 4301 ad
1205 4249 1700 4319 loquendunrquod

151 4317 267 4372 iiou
291 4321 523 4388 prodest,
557 4317 711 4388 quam
741 4321 876 4388 quod
906 4318 1127 4388 aedificat
1154 4318 1449 4378 audientes,
1495 4317 1558 4369 ad
1578 4333 1698 4388 ram-

151 4387 431 4460 pliaudum
458 4387 654 4444 cultum
696 4387 912 4460 justitize
936 4429 949 4451 ,
983 4387 1072 4456 qui
1095 4389 1144 4441 in
1170 4388 1382 4460 silentio
1419 4387 1698 4454 reperitur,

148 4458 416 4528 itatutum
442 4470 542 4523 est,
575 4458 714 4528 quod
767 4462 1147 4528 parlameotum
1194 4458 1332 4525 quod
1382 4469 1502 4526 post
1546 4472 1702 4524 pran-

147 4527 304 4582 dium
337 4529 386 4580 in
415 4527 721 4597 quibusdam
751 4527 991 4583 claustris
1019 4530 1130 4583 fieri
1179 4528 1468 4592 consuevit,
1499 4527 1723 4594 penitus

150 4597 523 4662 interdicatur,
547 4609 595 4652 et
625 4600 742 4653 loco
769 4599 929 4665 ipsius
969 4610 1184 4652 vacetur
1213 4599 1425 4652 uberius
1480 4598 1702 4651 medita-

151 4665 390 4737 tionibus
432 4679 492 4737 _et
526 4670 833 4722 lectionibus
863 4669 1179 4737 repetendis.
1219 4688 1237 4719 ι
1283 4667 1700 4737 inquiuntabba-

152 4745 244 4790 tes
271 4735 470 4789 ordinis
502 4739 664 4790 nostri
689 4738 740 4790 in
770 4735 936 4793 editis
964 4754 1100 4793 anno
1123 4739 1258 4793 1249
1287 4739 1514 4792 statutis.
1542 4736 1700 4791 Casa~

152 4807 252 4862 lini
279 4805 459 4873 jejunii
489 4807 674 4876 diebus
700 4819 816 4876 post
843 4823 1108 4875 vesperas,
1134 4809 1320 4862 diebus
1347 4808 1551 4875 prandii
1586 4817 1702 4875 post

151 4889 366 4930 canam
394 4875 758 4944 loquebantur.
795 4877 1007 4931 Plurimi
1032 4893 1127 4932 nec
1165 4878 1304 4932 diem
1324 4919 1340 4942 ,
1391 4891 1490 4931 nec
1518 4878 1698 4931 horam

151 4945 478 5015 assignatam
512 4945 791 5009 habebant,
819 4962 1042 5015 quorum
1073 4962 1158 5002 res
1178 4963 1361 5002 omnes
1389 4962 1455 5001 ex
1483 4963 1584 5002 uno
1607 4946 1698 5001 ab-

151 5014 300 5070 batis
328 5025 453 5068 nutu
484 5015 800 5082 pendebant.

227 5085 437 5149 Quanto
457 5099 578 5139 vero
606 5083 858 5152 temporis
878 5087 1061 5156 spatio
1082 5089 1243 5142 mutui
1287 5087 1529 5156 colloquii
1573 5086 1702 5142 hora

155 5157 581 5225 protraheretur,
609 5169 712 5225 non
740 5169 840 5207 una
868 5155 965 5209 fuit
991 5161 1222 5225 omnium
1252 5155 1574 5212 consuetudo
1590 5172 1704 5211 ruo-

153 5222 535 5295 itasteriorum.
567 5224 641 5277 De
659 5222 1090 5295 Cluniacensibus
1110 5267 1127 5290 ,
1157 5226 1246 5295 qui
1273 5227 1422 5280 binas
1453 5229 1502 5280 in
1519 5228 1605 5282 die
1629 5230 1708 5279 Io-

153 5295 402 5362 cutiones
453 5293 733 5355 habebant,
782 5293 1072 5348 audiendus
1117 5293 1376 5362 imprimis
1411 5295 1700 5352 Udalricus.

157 5361 238 5418 De
261 5363 426 5433 prima
443 5377 559 5429 quae
589 5362 747 5433 ﬁebat
769 5373 884 5429 post
904 5361 1294 5426 capitulum’sic
1322 5367 1534 5420 disserit
1563 5366 1702 5433 (Lib.

158 5449 201 5496 ι,
225 5448 340 5502 cap.
366 5431 459 5499 18)
493 5449 506 5484 :
561 5449 579 5482 ι
622 5431 696 5486 Eo
725 5441 962 5499 tempore
987 5447 1090 5502 quo
1117 5435 1336 5498 primum
1355 5437 1420 5488 ad
1443 5431 1706 5490 monaste-

159 5501 302 5558 rium
330 5503 469 5567 veni,
518 5501 766 5556 sacerdos
809 5504 896 5568 qui
944 5501 1196 5568 privatam
1246 5503 1458 5558 missam
1492 5516 1709 5560 cantare

157 5573 348 5636 voluit,
384 5572 548 5640 potuit
577 5586 692 5627 eam
729 5571 935 5626 interim
967 5569 1160 5640 linire;
1186 5571 1323 5636 quod
1353 5581 1528 5626 tamen
1552 5576 1710 5630 modo

157 5655 284 5699 raro
309 5639 590 5710 contingit,
637 5644 758 5711 quia
801 5640 1078 5695 multitudo
1099 5639 1318 5694 fratrum
1357 5646 1653 5711 acervavit;
1680 5661 1710 5699 a

1800 3273 2058 3339 scribens,
2077 3279 2187 3329 haec
2204 3275 2463 3343 habetUn
2485 3275 2652 3326 Tract.
2680 3276 2742 3325 de
2767 3273 2925 3327 Crad.
2952 3273 3154 3337 lmmt'l.,
3175 3289 3219 3324 ε.
3242 3273 3350 3342 Η»);

1808 3365 1826 3395 ι
1865 3348 1992 3400 Cum
2038 3336 2210 3399 autem
2242 3336 2444 3412 pulsato
2494 3350 2641 3410 signo
2672 3357 2886 3397 necesse
2919 3356 2999 3395 est
3049 3336 3356 3410 interruuqvi
3433 3336 3435 3339 ’

1801 3418 2323 3480 colloquiumJioram
2339 3417 2536 3485 longam
2552 3417 2950 3479 brechueritur
2966 3413 3315 3485 illtcrt'allutu.
3334 3433 3350 3464 ι

1805 3488 1895 3540 llis
1924 3488 1974 3539 in
2026 3487 2326 3554 colloquiis,
2363 3483 2435 3539 ut'
2471 3487 2517 3537 id
2550 3485 2718 3536 obiter
2742 3487 3041 3546 observem,
3075 3483 3357 3554 aliquando

1801 3571 1978 3609 sermo
1998 3549 2248 3625 agebatur
2301 3557 2365 3608 de
2420 3557 2648 3608 litteris:
2682 3555 2740 3608 Si
2771 3559 2829 3604 de
2857 3556 3034 3604 litteris
3066 3549 3223 3604 sermo
3251 3549 3359 3606 ex‘o-

1801 3628 1950 3689 ritur,
1971 3627 2138 3693 inquit
2164 3629 2216 3678 S.
2251 3626 2565 3687 Bernartius,
2593 3636 2751 3680 cetera
2779 3626 3104 3692 proferuntur
3130 3631 3173 3674 et
3197 3641 3356 3686 nova;
3417 3674 3420 3678 .

1800 3695 1969 3747 volant
1993 3697 2266 3757 sementim,
2281 3697 2424 3747 verba
2448 3706 2678 3746 resonant
2709 3695 2989 3760 anipullosa
3016 3709 3033 3754 ;
3074 3693 3355 3759 aliquando

1801 3766 1870 3818 de
1890 3766 2144 3833 religione
2173 3781 2199 3836 :7
2222 3765 2370 3830 Quod
2412 3768 2454 3817 si
2491 3767 2550 3816 dc
2580 3765 2817 3836 religione
2857 3773 3024 3836 agjmr
3049 3801 3063 3836 ,
3092 3764 3259 3836 statim
3285 3767 3358 3815 vi-

1800 3836 1962 3888 siones
1983 3835 2235 3888 etsomnia
2247 3838 2590 3902 proferuntur,
2609 3833 2783 3886 deinde
2800 3834 2975 3884 iaudat
2990 3833 3205 3900 jejunio.
3229 3843 3356 3896 etc.;

1799 3905 2080 3972 aliquando
2107 3905 2172 3956 de
2200 3907 2355 3957 rebus
2379 3905 2576 3969 jociisis
2605 3921 2615 3953 :
2644 3903 2702 3956 Si
2724 3904 2788 3953 ad
2818 3903 3020 3972 ludicra
3048 3917 3208 3952 sermo
3236 3919 3356 3954 con-

1797 3970 2024 4034 vert—itur,
2063 3977 2115 4025 in
2142 3974 2218 4024 his
2251 3984 2436 4040 quanto
2461 3977 2722 4031 assuetior,
2752 3981 2890 4021 tanta
2919 3970 3181 4036 loquacior
3222 3974 3355 4024 inre-

1800 4045 1958 4098 nitur.
1993 4045 2067 4097 Ex
2088 4045 2207 4095 hinc
2221 4039 2746 4109 cnitigeshujnsmodi
2775 4039 3031 4105 colloquia
3061 4054 3160 4090 non
3190 4040 3355 4093 fuisse

1799 4116 2117 4169 communia.
2153 4111 2249 4164 hoc
2277 4122 2355 4165 est
2381 4112 2624 4163 omnibus
2654 4109 2805 4161 simul
2837 4109 2885 4160 in
2929 4122 3087 4160 unum
3118 4114 3358 4162 coeunti-

1799 4182 1913 4243 bus,
1950 4187 2041 4235 sed
2091 4184 2227 4234 inter
2256 4195 2312 4233 se
2354 4181 2416 4231 ad
2461 4179 2724 4246 proprium
2763 4177 2966 4230 libitum
2998 4176 3178 4229 divisis
3206 4220 3220 4242 ,
3266 4189 3356 4232 aut

1797 4254 1862 4304 ad
1891 4263 2073 4305 nutum
2104 4251 2342 4309 abbatis;
2371 4251 2600 4316 alioquin
2625 4248 2677 4301 S.
2703 4248 3018 4304 Bernartius.
3052 4247 3139 4314 qui
3174 4246 3357 4303 luisset

1801 4336 2034 4386 praesens
2064 4361 2078 4384 ,
2127 4323 2169 4374 si
2195 4321 2493 4374 communia
2539 4319 2892 4382 exstitissent,
2926 4316 3121 4368 ludicra
3159 4331 3356 4385 nequa-

1798 4405 1957 4459 quam
2014 4405 2197 4458 passus
2243 4389 2447 4442 fuisset.
2498 4392 2664 4454 Quam
2694 4391 2994 4459 frequenter
3040 4396 3215 4459 autem
3267 4390 3356 4442 illa

1801 4455 1927 4513 liora
1957 4455 2259 4514 occurreret
2288 4475 2382 4512 nos
2405 4462 2531 4512 latet
2557 4477 2569 4510 :
2621 4457 3044 4511 sanctimoniales
3065 4455 3361 4512 Strictioris

1803 4531 2159 4584 Observantite
2205 4530 2404 4594 ordinis
2456 4529 2819 4582 Cisterciensis
2868 4528 2917 4580 in
2975 4527 3218 4594 Hispania
3266 4528 3363 4595 (In

1729 4571 1782 4632 1)
1803 4571 2159 4654 ἑὲἱιῖζὶιὶῗὲἶῖ
2175 4571 2819 4666 εἴίἷζῖἓῖηιῖἱίἓὶεἶὲᾶζἾὶῖ
2836 4571 3238 4663 [Sosidi—([5.
3266 4571 3364 4667 iis")

1804 4672 1966 4725 semel
2005 4673 2056 4722 in
2090 4668 2414 4722 llebdoniada
2443 4681 2587 4722 extra
2617 4669 2906 4723 Adventum
2937 4677 3026 4722 aut
3053 4668 3365 4735 Quadrage.

1805 4741 2199 4808 simamjuucta:
2227 4740 2604 4792 recreatiouem
2628 4739 2825 4792 habent
2855 4747 2975 4808 ante
3008 4740 3088 4808 vel
3129 4748 3248 4804 post
3275 4754 3362 4793 ve-

1804 4823 1987 4874 speras
2009 4806 2073 4861 ad
2105 4821 2286 4862 nutum
2325 4809 2603 4863 abbatissae
2627 4824 2642 4870 ;
2669 4806 2956 4861 dummodo
2985 4807 3099 4860 dies
3130 4808 3219 4859 ille
3255 4825 3360 4862 non

1806 4883 1875 4931 sit
1903 4881 2307 4933 communionis.
2355 4879 2605 4933 Similiter
2644 4876 2697 4930 in
2755 4876 2983 4941 antiquis
3031 4875 3359 4931 Fuliensiuln

1803 4949 2298 5007 Cniistitntionibus.
2331 4963 2446 5015 cap.
2479 4952 2509 5000 6
2539 4963 2553 4999 :
2593 4964 2609 4995 ι
2649 4946 2822 5000 Semel
2850 4953 3049 5015 tantum
3083 4945 3134 4996 in
3163 4943 3363 5015 hebdo-

1807 5019 1960 5072 mada
1994 5020 2078 5072 die
2103 5021 2235 5071 feeto
2274 5013 2522 5069 fratribus
2566 5016 2778 5082 aliquod
2809 5031 2870 5068 ex
2925 5013 3006 5066 llis
3030 5014 3316 5069 intervallis
3345 5056 3360 5079 ,

1806 5089 1998 5157 quibus
2023 5090 2211 5142 absunt
2239 5105 2266 5138 τι
2289 5087 2472 5157 choro,
2498 5085 2585 5154 pio
2606 5095 2659 5139 et
2674 5084 2919 5155 religioso
2949 5083 3209 5151 colloquio
3234 5097 3364 5137 con-

1805 5156 2015 5217 Sumere
2047 5178 2066 5210 ›
2111 5156 2425 5225 permittitur
2454 5162 2490 5207 ⁸.
2605 5224 2608 5225 ν
2664 5223 2674 5225 _
2761 5224 2764 5225 ν
2919 5181 2928 5192 .

1878 5229 2018 5283 ldem
2071 5221 2181 5281 fere
2227 5227 2429 5293 vigebat
2480 5224 2614 5288 apud
2663 5223 2902 5293 insignes
2952 5223 3071 5276 illos
3117 5221 3366 5293 eremitas

1810 5301 2118 5368 quibuscum
2171 5292 2465 5368 vive’batWS.
2504 5292 3130 5368 DonlinicusLOEicatus._
3166 5292 3228 5345 lli
3282 5295 3365 5368 ni-

1809 5361 2020 5431 mirum,
2043 5375 2175 5420 teste
2205 5364 2358 5418 Petro
2378 5365 2608 5418 Damiani
2634 5363 2720 5428 (In
2764 5362 2862 5414 Vit.
2892 5362 2953 5428 S.
2981 5361 3184 5415 Domin.
3211 5378 3255 5412 c.
3281 5362 3361 5430 ὓ),

1818 5455 1838 5490 ι
1878 5439 2126 5493 tenebant
2149 5449 2240 5502 per
2270 5443 2431 5487 totam
2461 5433 2843 5488 hebdomadam
2867 5432 3113 5485 districta
3135 5447 3360 5487 censura

1813 5508 2101 5566 silentium,
2139 5505 2278 5570 quod
2311 5513 2487 5572 utique
2505 5504 2764 5572 dominica
2790 5502 2875 5554 die
2903 5511 3026 5572 post
3054 5516 3358 5569 vesperum,

1814 5578 2095 5642 cibumque
2135 5570 2436 5642 solventes,
2470 5574 2727 5642 habebant
2747 5570 2992 5637 loquendi
3027 5573 3248 5629 inviccul
3269 5588 3365 5631 us-

1815 5661 1918 5716 que
1943 5641 2019 5700 ad’
2043 5641 2408 5712 completionis
2436 5641 2664 5696 officium
2703 5642 3019 5696 libertatein.
3058 5659 3078 5692 ι
3255 5667 3258 5669 λ

228 5797 252 5820 ⁸
286 5793 523 5850 ln‘editis
555 5806 678 5846 vero
704 5805 794 5844 an.
816 5791 970 5854 1651,
998 5791 1211 5862 singulis
1234 5791 1405 5848 diebus
1432 5809 1519 5863 per
1541 5796 1762 5865 spatium
1800 5800 1948 5854 unius
1974 5798 2171 5853 circiter
2198 5798 2336 5854 liora:
2365 5813 2397 5851 α
2422 5779 2677 5870 superiore
2700 5797 3039 5866 assignandw.

435 5883 706 5944 ΡΑτιιοι..
743 5879 962 5945 LXVI.

2792 5890 2866 5950 12
