3916 6226
524 335 623 382 εςςπ
690 350 702 359 -
1081 391 1085 401 ,
1829 337 1885 394 s.
1928 337 1986 392 ιι.
2033 334 2375 394 essentcrt

524 358 623 382 ιι-..ἱ

3359 26 3873 172 -μι-

3621 336 3742 392 ’588

587 443 808 495 Tantam
839 444 1209 512 indulgentiam
1245 445 1351 501 suis
1371 461 1471 498 non
1508 443 1752 500 videntur
1776 446 2057 499 indulsisse
2087 450 2131 506 Α
2163 442 2515 501 StatutalLib.
2536 459 2721 512 ιιι-ηρ.
2741 442 3266 512 6,tom.IVSpicil.):
3289 461 3310 495 ι
3331 441 3560 511 Quando
3575 444 3734 512 loqni

519 511 859 566 Cass-incuses
890 557 904 576 ,
933 511 1150 581 quorum
1199 519 1582 570 Declarationes
1605 516 1657 567 in
1690 515 1898 582 llegttlaa
1937 529 2057 579 cap.

521 582 551 632 ϋ
625 586 731 632 Ιιίι-ιι
788 583 1019 635 habent:
1086 617 1105 637 .
1137 587 1213 640 Ad
1261 585 1603 650 ellugiendam
1649 584 2063 646 enervationezn,

529 659 727 723 praelati
765 667 820 710 et
846 655 936 708 alii
985 657 1282 716 superiores
1312 671 1412 708 ιιι-ιι
1455 654 1747 707 concedant
1773 653 1953 704 solatia
1977 667 2067 705 aut.

526 727 899 789 I'L‘Cl‘t'allonf‘s,
927 728 1023 777 n‘si
1048 726 1263 778 alt-ruis
1287 725 1718 789 hebdomadibus,
1749 736 1963 787 excepta
1989 735 2070 775 ta-

528 811 647 847 men
694 796 1097 858 Quadrauesinta
1127 805 1180 848 et
1218 795 1486 856 Adventu,
1513 793 1703 860 quibus
1748 793 2068 857 temporibus

525 869 668 918 uetas
701 875 782 916 est
809 865 937 918 talia
958 863 1206 929 cogitare,
1241 863 1427 915 nedum
1454 862 1772 929 permittere.
1813 878 1831 911 ι
1881 860 1932 912 In
1965 861 2068 913 itit-

525 934 721 999 prt-ssis
749 942 919 984 tamen
952 948 1090 984 anno
1133 934 1264 984 liii”).
1297 932 1762 986 Declaratiouibus.
1795 945 1888 996 pro
1925 931 2069 982 alter-

527 1005 599 1053 nis
629 1003 1044 1062 hebdomadibus,
1081 1004 1294 1055 labi-tur
1333 1001 1542 1067 singulis
1566 1000 1986 1062 hebdomadibus;
2015 1009 2071 1053 et

527 1078 742 1139 insuper
771 1082 874 1123 tam
923 1085 1242 1123 Itovtcuttattt
1290 1081 1520 1138 antiqua:
1566 1071 1954 1122 Ueclai-atioues
2000 1072 2066 1121 ad

524 1157 642 1206 cap.
675 1142 743 1194 48
773 1142 1048 1193 hortantur
1068 1143 1387 1206 superiores,
1432 1149 1487 1190 ut
1514 1139 1720 1200 benigni
1750 1139 1854 1190 sint
1884 1139 1954 1190 ad
1979 1153 2068 1189 re-

525 1214 818 1262 creationcs
844 1210 1106 1270 fratribus,
1131 1211 1387 1272 i'rzccipue
1403 1207 1822 1260 solt-utuitatilms
1843 1207 2069 1270 duplici-

527 1281 644 1338 bus,
669 1297 783 1344 quae
806 1295 906 1331 non
946 1289 1226 1332 occurrunt
1276 1280 1327 1331 itt
1356 1279 1594 1332 Adventu
1635 1287 1724 1329 aut
1766 1279 2070 1345 Quadi-age-

523 1351 676 1406 siina.
705 1348 1087 1401 concedendas.

591 1420 1016 1471 (Jaunildnleuses
1046 1416 1192 1488 (Lib.
1241 1433 1252 1468 ι
1285 1415 1496 1488 Constit.
1523 1414 1792 1488 Camnld.)
1819 1429 1940 1469 cum
1966 1414 2071 1468 dis-

525 1500 744 1552 pensant
781 1504 808 1539 a
837 1485 1065 1538 silentio
1093 1501 1182 1552 per
1215 1487 1438 1538 tut-diam
1470 1487 1722 1537 duntaxat
1765 1485 1946 1538 horam
1979 1499 2070 1548 per

524 1558 658 1608 virid
680 1560 855 1616 'rium,
884 1569 972 1608 aut
995 1556 1222 1621 aliquam
1255 1556 1409 1606 aliam
1444 1555 1741 1608 monasterii
1775 1564 1997 1619 partem,
2019 1557 2068 1606 ill

522 1641 620 1691 qua
647 1636 951 1692 perpetuum
978 1643 1078 1677 non
1102 1636 1270 1692 v-geat
1300 1626 1586 1685 silentium,
1609 1623 1929 1690 colloquium
1954 1637 2071 1689 per-

526 1698 754 1746 inittuut.
785 1695 1009 1745 tasaliui
1051 1696 1282 1762 quoii-tie
1319 1695 1475 1763 186
1515 1710 1540 1744 a
1564 1708 1713 1747 canta
1743 1694 1804 1745 ad
1833 1693 2068 1763 comple-

525 1766 734 1824 t0iiunt,
771 1765 847 1817 vel
877 1764 1059 1816 diebus
1099 1763 1281 1831 jejunii
1333 1762 1361 1814 εἰ
1392 1778 1600 1828 vespera
1641 1762 1880 1816 etiamad
1921 1777 2069 1814 cntu-

523 1832 802 1900 plt'ltll'llllll
835 1834 1268 1902 colloquebautnr
1290 1871 1308 1894 ,
1338 1834 1404 1884 ita
1434 1843 1688 1902 tameuut
1719 1833 1807 1884 illo
1836 1840 2071 1902 tempore

524 1914 732 1967 possvnt
758 1903 820 1954 atl
851 1906 1012 1958 cellas
1032 1903 1297 1966 sem-dere,
1329 1911 1376 1954 et
1411 1901 1618 1954 lectioni
1671 1912 1824 1966 atque
1846 1901 2070 1952 orationi

524 1984 708 2024 vacare
736 1988 748 2022 :
775 1983 886 2038 post
912 1974 1180 2040 prandium
1209 1987 1334 2023 vero
1364 1969 1458 2022 sub
1488 1971 1699 2025 silentio
1719 1984 1811 2038 per
1842 1971 2066 2022 mediam

524 2042 702 2093 libram
735 2044 1134 2096 dcautbulalutnt
1165 2043 1213 2092 in
1245 2042 1417 2094 ltorto.

599 2111 991 2165 Bursfctdcuses
1023 2126 1114 2164 nec
1142 2111 1279 2162 diem
1308 2149 1323 2172 ,
1356 2124 1451 2162 nec
1483 2109 1664 2162 horam
1693 2150 1707 2167 .
1737 2123 1835 2162 nec
1866 2117 2070 2174 tempus

520 2193 613 2232 seu
648 2187 867 2245 spatium
904 2181 1145 2248 colloquii
1177 2181 1579 2233 dt-tertttiuatum
1613 2177 1855 2231 habuisse
1885 2179 2067 2248 Viden-

523 2256 626 2310 tur,
646 2251 735 2302 scd
769 2253 817 2303 in
840 2246 1202 2304 Cmrcmouiali
1237 2248 1336 2300 hoc
1369 2259 1566 2300 tantum
1597 2248 1883 2300 decernunt
1912 2246 2067 2305 (bist.

521 2319 575 2379 ’5,
602 2335 708 2387 cap.
745 2322 830 2386 to)
859 2337 872 2371 :
937 2338 957 2371 ι
996 2323 1037 2374 Λ
1067 2321 1178 2372 Solo
1211 2320 1400 2371 abbate
1451 2327 1504 2387 et
1535 2318 1708 2387 priore
1729 2355 1742 2376 ,
1764 2330 1882 2387 _seu
1913 2315 2070 2387 etiam

520 2383 886 2452 subpriore'iu
938 2389 1125 2456 prioris
1163 2389 1420 2445 absentia,
1466 2383 1712 2456 loquendi
1763 2385 1967 2456 licentia
2018 2389 2069 2439 in

526 2461 844 2511 tt.tttl;tslerio
876 2453 963 2511 aut
991 2467 1139 2511 extra
1167 2456 1504 2518 conctidatur,
1534 2455 1632 2506 nisi
1657 2453 1791 2507 forte
1815 2454 1969 2507 alicui
1989 2456 2069 2506 al-

524 2528 620 2578 teri
673 2543 766 2593 pro
797 2529 909 2580 vire
940 2529 1113 2595 aliqua
1158 2526 1373 2594 speciali
1405 2539 1563 2595 super
1591 2523 1690 2595 hoc
1719 2523 1785 2576 ab
1804 2524 1991 2595 abbate
2020 2533 2072 2578 et

521 2597 696 2662 priore
718 2593 1140 2650 l'tteritcoucessa
1175 2603 1425 2659 potestas.
1461 2593 1599 2646 Dans
1629 2593 2069 2662 loquenditicen-

529 2665 651 2714 tiam
679 2662 930 2718 frattilius
949 2667 1092 2717 dicat
1119 2682 1130 2714 :
1160 2663 1481 2725 Benedicite;
1511 2662 1651 2714 etilli
1677 2661 2026 2726 reSpondeant
2053 2680 2065 2713 :

529 2733 660 2783 Deus-
685 2750 699 2784 :
726 2747 773 2786 et
797 2751 856 2786 ex
891 2745 1010 2785 ιυιιιτ
1036 2735 1232 2786 licitum
1256 2733 1350 2785 erit
1371 2735 1434 2783 dc
1461 2730 1730 2798 permiSsis
1760 2732 1822 2783 ad
1851 2732 2069 2784 invicem

525 2806 763 2854 conferre
789 2819 952 2868 usque
972 2803 1036 2854 ad
1057 2805 1290 2856 iteratam
1305 2801 1496 2854 silentii
1523 2799 1925 2864 impositiOnem,
1954 2815 2070 2868 qua:

529 2871 641 2921 liet-i
696 2877 826 2922 solut
857 2888 949 2938 per
1003 2876 1113 2922 lucc
1143 2871 1344 2922 verba:
1382 2871 1702 2938 Adjutoriunt
1750 2885 1974 2921 nos'rum
2021 2873 2071 2922 in

528 2939 725 2990 nomine
777 2937 997 2992 Domini.
1053 2939 1186 2992 Nulli
1216 2954 1342 3006 ergo
1365 2937 1560 3004 absque
1587 2937 1795 2990 licentia
1827 2939 1962 3007 loqui
1995 2944 2072 2993 ias

527 3021 626 3066 t-St.
658 3009 742 3062 sed
775 3013 942 3060 baluta
975 3013 1068 3062 lit'c
1095 3009 1180 3060 itia
1205 3049 1222 3076 ,
1250 3020 1345 3076 aut
1373 3008 1619 3059 facultate
1648 3010 1890 3074 loquendi
1917 3049 1931 3069 ,
1966 3024 2069 3061 non

529 3081 768 3146 loquatur
809 3080 908 3132 nisi
960 3075 1266 3146 priuatis-.0:
1311 3075 1634 3140 Benedicite,
1673 3088 1727 3129 et
1767 3093 2067 3144 responso:

526 3145 790 3200 Dmuilms.
833 3166 850 3198 ο

600 3217 670 3269 lle
714 3216 955 3283 colloquii
1009 3217 1122 3270 loco
1167 3219 1322 3268 varia:
1374 3218 1581 3269 fuerunt
1623 3215 2063 3270 monasteriorum

526 3288 970 3344 consuetudines;
1005 3302 1121 3338 nam
1153 3286 1208 3339 S.
1243 3285 1534 3338 Adalardus
1561 3286 1610 3335 iu
1641 3285 1858 3337 Statntis
1885 3286 1976 3338 lib.
2005 3300 2060 3348 tt,

527 3370 646 3420 cap.
685 3359 738 3419 ϐ,
767 3357 1125 3408 llllt'lltllttl‘llllll
1155 3355 1381 3420 assignat
1410 3368 1424 3412 ;
1455 3351 1852 3416 Clunianeuscs,
1887 3354 2063 3406 Divio-

526 3438 741 3484 nenses,
772 3424 1118 3485 Parisienscs,
1153 3425 1470 3476 Ileccenses.
1512 3431 1566 3472 et
1590 3421 1676 3472 alii
1714 3423 2064 3475 communiter

529 3492 770 3544 monachi
812 3491 930 3544 'cutn
971 3489 1430 3545 Cartbusiensibus
1459 3491 1804 3556 loquebantur
1844 3493 1892 3541 in
1918 3494 2064 3543 clau-

528 3571 677 3622 stro;
706 3561 1132 3614 Camalduleuses
1160 3563 1209 3612 in
1243 3558 1507 3610 viridario.
1539 3562 1599 3608 At
1635 3572 1753 3609 raro
1780 3567 1923 3611 extra
1957 3573 2066 3611 mo-

529 3639 813 3682 nasteruun
836 3646 940 3682 rect
953 3630 1174 3684 eatiouis
1188 3631 1355 3696 gratia
1372 3626 1772 3680 deatnbulautes
1785 3633 2069 3682 monachos

531 3711 732 3751 Veteres
755 3697 1010 3752 oliendcs.
1507 3718 1509 3720 ·

601 3771 746 3833 Quod
773 3778 976 3834 spectat
1021 3768 1084 3821 ad
1130 3767 1338 3821 modum
1374 3763 1486 3820 sive
1535 3766 1772 3820 ordinem
1805 3766 1855 3820 in
1904 3766 2068 3828 collo-

528 3839 651 3902 quio
679 3840 980 3900 tenendum,
1012 3841 1070 3892 1"
1095 3838 1220 3891 illud
1250 3852 1350 3889 non
1375 3836 1690 3903 ineipiebant
1712 3836 1810 3888 nisi
1839 3837 2068 3902 pra’utis-

529 3922 624 3958 so:
655 3905 957 3961 Benedicitc.
987 3926 1004 3958 ο
1046 3908 1164 3960 Post
1189 3906 1492 3974 capitulum,
1525 3906 1688 3973 inquit
1713 3921 1813 3958 tus.
1839 3909 1892 3959 S.
1927 3905 2069 3960 l’--tri

528 3992 681 4040 supra
711 3977 886 4030 Divatu
915 3978 1245 4032 Urdiuarium
1267 4015 1281 4037 ,
1323 3976 1538 4029 sedeant
1564 3990 1750 4028 omnes
1772 3977 1822 4027 in
1839 3979 2068 4029 claustro

521 4045 600 4098 ad
644 4047 981 4114 colloquiutn.
1030 4049 1220 4100 Audito
1249 4047 1420 4111 itaque
1466 4059 1713 4114 tympano
1757 4055 1974 4113 pergant
2003 4046 2069 4099 ad

527 4125 749 4179 sextam;
778 4132 878 4183 qua
905 4126 1131 4176 cantata.
1162 4126 1491 4169 revertantur
1533 4115 1958 4183 a.lco|loquium,
1989 4116 2070 4166 di-

528 4198 715 4251 ratque
743 4182 953 4238 ultimus
974 4188 1022 4237 in
1048 4187 1232 4237 ordine
1268 4190 1493 4237 novatus
1527 4199 1539 4234 :
1573 4182 1884 4242 Bemdicite.
1914 4195 1965 4238 et
1993 4185 2070 4237 sic

532 4255 813 4320 loquantur
841 4254 907 4307 de
924 4253 1488 4313 consuetudinibus,de
1511 4253 1662 4306 bonis
1688 4263 1742 4304 et
1765 4253 2070 4305 aediﬁcatio-

530 4323 614 4386 nis
654 4325 894 4388 eloquiis.
937 4341 956 4374 ι
993 4324 1139 4388 Apud
1195 4322 1591 4374 Bursfeldeoses
1616 4334 1668 4373 et
1697 4323 2068 4375 Cartlmsianos

534 4406 636 4442 non
662 4394 896 4450 ultimus,
925 4393 1017 4444 sed
1039 4406 1150 4454 ipse
1181 4391 1269 4458 qui
1295 4390 1553 4456 colloquio
1583 4400 1825 4456 prmerat.
1857 4389 2071 4444 Benedi-

531 4461 627 4508 cite
648 4461 875 4511 dicetiat.
907 4461 967 4511 lli
997 4463 1152 4512 etiam
1199 4463 1476 4524 antequam
1499 4459 1780 4526 quidquam
1813 4459 1954 4526 loqui
1984 4463 2064 4512 in-

533 4527 791 4590 ciperent,
819 4530 1046 4594 aliquam
1068 4529 1344 4580 lectionem
1371 4528 1772 4593 prtcmitlebant.
1803 4545 1822 4578 ι
1851 4527 2071 4593 Quando

535 4604 654 4660 post
697 4611 884 4647 nouam
934 4599 983 4648 in
1014 4597 1235 4650 ecclesia
1290 4596 1480 4647 dictam
1519 4597 1704 4648 diebus
1756 4598 1965 4661 capituli
2021 4599 2070 4650 ia

534 4665 764 4715 claustro
791 4667 1135 4717 convenimus
1158 4709 1170 4727 ,
1206 4667 1446 4732 inquiunt
1495 4664 1547 4715 iu
1593 4680 1726 4718 nova
1751 4666 2073 4721 Collectione

536 4735 879 4786 Statutorutu.
915 4742 1342 4801 timeantequam
1390 4734 1701 4798 sedeamus,
1741 4735 1830 4801 qui
1889 4745 2076 4800 przeest

535 4805 817 4853 i-onvcutui
845 4801 971 4853 dicit
996 4800 1325 4855 :Beuezlictte.
1349 4803 1546 4856 Deinde
1573 4800 1807 4866 sequitur
1832 4804 1986 4855 lectio
2008 4806 2078 4860 de

534 4873 757 4924 Statutts
781 4874 859 4923 vel
879 4871 1200 4937 Evangeliis;
1245 4888 1341 4938 qua
1369 4873 1533 4932 (inita,
1561 4871 1880 4938 colloquium
1909 4872 2069 4928 habe-

537 4957 676 5000 mus,
705 4941 757 4992 iu
776 4955 880 5006 quo
911 4945 1086 4992 nullus
1113 4946 1390 4996 consulere
1418 4943 1572 4994 debet
1601 4950 1808 4994 secreto
1829 4979 1844 5002 ,
1876 4943 1960 4995 vel
1988 4958 2076 4995 su-

532 5026 766 5073 surrare,
799 5013 878 5062 vel
925 5012 1102 5062 dico-re
1145 5011 1343 5076 aliquid
1389 5010 1524 5077 quod
1570 5009 1701 5062 nolit
1739 5009 1805 5063 ab
1832 5011 2079 5064 omnibus

535 5083 752 5149 intebigi
800 5080 884 5134 vel
911 5081 1104 5131 audiri.
1150 5081 1397 5149 Eauulem
1440 5080 1769 5147 disciplinam
1795 5079 2081 5149 observare

532 5148 777 5204 tidentur
807 5149 1236 5204 sanctimoniales
1267 5148 1555 5202 Strictioris
1591 5148 1951 5202 Observantite
1996 5163 2085 5202 or-

530 5221 670 5274 dinis
691 5220 1058 5274 Cisterciensis
1075 5217 1127 5271 in
1153 5207 1418 5283 llt‘spania,
1437 5232 1657 5285 quarum
1670 5217 2084 5271 ConStittttiones

533 5293 714 5342 volunt
741 5288 887 5358 (Cap.
911 5289 1092 5356 ll),ut
1116 5304 1137 5336 ί
1165 5287 1251 5338 ulzi
1270 5289 1535 5358 abbatissa
1563 5288 1826 5342 licentiam
1845 5300 2086 5358 recreau-

533 5360 584 5408 di
619 5362 696 5413 vel
722 5356 1052 5423 collo-utendi
1100 5356 1327 5421 dederit,
1360 5359 1464 5409 sint
1492 5358 1750 5426 colloquia
1791 5356 2034 5425 religiosa
2062 5394 2078 5418 ,

534 5427 599 5480 ad
622 5432 758 5495 quod
784 5430 982 5481 servire
1008 5429 1198 5496 poterit
1243 5440 1356 5492 pnis
1381 5428 1567 5494 aliqtis
1586 5429 1740 5496 liber.
1776 5442 1797 5476 ι

608 5497 731 5550 Data
756 5508 928 5550 autem
943 5495 1106 5553 semel
1136 5496 1382 5563 loquendi
1420 5495 1649 5559 licentia,
1674 5497 1801 5562 duo,
1834 5495 1917 5550 vel
1948 5504 2073 5558 tres,

540 5566 782 5627 pluresve
809 5569 962 5620 simul
989 5584 1016 5620 a
1048 5567 1321 5632 superiore
1337 5563 1709 5633 jungebantur;
1732 5566 2071 5634 quibuscum,

541 5647 639 5682 non
656 5650 770 5683 cum
792 5636 927 5692 aliis.
942 5639 1007 5689 de
1025 5636 1180 5688 rebus
1195 5633 1424 5687 honestis
1438 5635 1602 5700 etpiis
1623 5633 1920 5689 sermonem
1936 5635 2040 5688 iuvi
2054 5663 2073 5674 -

539 5712 650 5748 cum
687 5703 990 5758 miscebant.
1016 5707 1088 5758 lta
1119 5705 1466 5780 prtescribunt
1497 5704 1710 5773 antiqua
1735 5705 1790 5758 S.
1824 5705 2067 5759 Adalardi

2102 4495 2153 4553 D

2170 517 2310 577 licet,
2333 515 2454 579 quia
2479 516 2672 568 locutio
2693 529 2901 582 semper
2923 515 2990 568 ibi
3011 517 3086 580 (in
3101 517 3435 579 dormitorio)
3455 519 3733 568 servanda

2167 595 2268 644 est,
2293 586 2404 637 sive
2426 583 2550 651 duo,
2581 597 2672 637 seu
2700 593 2806 638 tres
2825 625 2839 644 .
2862 598 2955 638 seu
2976 585 3135 636 etiam
3165 588 3338 650 plures
3364 625 3380 650 ,
3414 587 3576 638 sicuti
3613 587 3734 638 ficri

2173 654 2324 722 187
2343 653 2490 722 solet
2518 654 2728 722 quando
2753 653 2820 706 de
2847 654 3079 721 capitulo
3104 665 3357 722 surgunt,
3391 653 3738 722 coniungan-

2168 721 2269 775 tur.
2299 743 2314 772 ι
2339 721 2433 776 Vel
2473 722 2790 789 prorniscue,
2823 732 2879 777 ut
2907 724 3104 776 ferebat
3134 723 3362 780 animus.
3396 721 3732 788 quibuscum

2167 791 2416 857 cupiebat
2459 792 2816 859 unusquisque
2859 792 3206 857 loquebatur:
3248 802 3302 845 et
3346 792 3460 845 haec
3508 792 3738 845 videtur

2171 861 2330 914 fuisse
2371 861 2787 914 Cluniacensium
2810 902 2824 920 .
2854 861 3306 914 Cartlmsit-nsium
3327 902 3341 918 .
3377 861 3484 914 imo
3513 871 3572 915 et
3609 862 3736 915 (li--

2171 929 2510 984 terciensium
2533 971 2547 988 .
2581 941 2635 980 ut
2668 945 2825 998 supra
2865 930 3167 998 collegimus
3209 946 3270 984 ex
3314 932 3371 984 S.
3407 931 3690 984 Bernardo
3713 972 3732 992 ,

2167 1000 2513 1053 consuetudo.
2553 997 2704 1053 Tunc
2742 997 2832 1066 qui
2877 997 3044 1066 aliqua
3090 1015 3147 1053 re
3192 1000 3530 1066 indigebant,
3587 1002 3733 1054 hanc

2171 1069 2497 1136 potissimum
2537 1083 2602 1122 eo
2641 1081 2876 1135 tempore
2906 1069 3184 1134 petebant,
3219 1079 3275 1121 ut
3303 1069 3370 1123 de
3396 1066 3734 1123 Clttniaceno

2170 1138 2314 1190 sibus
2343 1137 2525 1190 scribit
2549 1138 2821 1206 Udalricus
2841 1181 2856 1195 .
2884 1149 2937 1190 et
2963 1139 3422 1192 Cartltusiensibus
3448 1144 3561 1191 sats
3593 1155 3734 1206 prae-

2171 1207 2353 1260 scribit
2387 1206 2555 1260 Guido
2580 1204 2660 1259 bis
2700 1208 2910 1260 verbis:
2942 1226 2960 1257 ι
2998 1208 3119 1260 Post
3142 1223 3330 1260 uenam
3370 1204 3731 1262 conveniunt:

2173 1277 2223 1328 iu
2251 1277 2476 1330 claustro
2515 1278 2582 1330 de
2628 1278 2840 1330 utilibus
2877 1276 3140 1330 locutuii:
3185 1278 3237 1330 in
3281 1279 3379 1330 hoc
3416 1278 3598 1343 spatio
3647 1278 3733 1330 in-

2169 1354 2438 1410 caustum,
2469 1361 2874 1414 peigamenum,
2903 1362 3128 1413 pennas.
3161 1355 3357 1398 cretam
3377 1386 3392 1408 .
3429 1349 3600 1399 libros
3628 1361 3728 1399 seu

2173 1415 2419 1482 legendos
2448 1431 2538 1467 seu
2571 1416 2990 1468 tratisrrihendos
3015 1431 3044 1468 a
3069 1417 3321 1476 satrista;
3350 1431 3378 1468 a
3408 1416 3732 1482 coquinaria

2171 1499 2296 1537 vero
2326 1485 2584 1552 legumina
2609 1524 2625 1548 ,
2656 1485 2730 1537 sal
2752 1525 2766 1546 ,
2796 1495 2849 1536 et
2875 1495 3061 1538 ctuti-ra
3096 1485 3394 1552 lujusmodi
3425 1483 3727 1552 poscimus,

2171 1563 2224 1607 et
2253 1550 2554 1622 accipimus.
2581 1575 2598 1606 ι
2625 1553 2718 1606 Vel
2750 1555 2976 1621 denique
3004 1550 3186 1608 omnes
3217 1571 3320 1606 uno
3351 1556 3400 1606 itt
3427 1550 3552 1607 loco
3584 1550 3726 1606 resi-

2172 1623 2390 1685 dentes,
2417 1638 2473 1677 ste
2504 1625 2725 1676 invicem
2757 1627 3026 1692 loquentes
3057 1624 3454 1684 auscultabunt,
3489 1632 3554 1675 ut
3585 1624 3734 1677 velle

2171 1693 2374 1746 videtdr
2419 1694 2473 1745 S.
2521 1693 2869 1758 llildegardis.
2913 1695 3080 1760 Atque
3125 1695 3188 1744 ad
3233 1693 3328 1744 hos
3377 1692 3720 1759 potissimum

2173 1774 2374 1828 spectat
2401 1763 2650 1830 praeclara
2680 1763 2765 1815 illa
2787 1762 2842 1816 S.
2871 1761 3045 1815 Basilii
3068 1762 3356 1814 admonitio
3383 1762 3579 1830 (Serm.
3604 1761 3640 1812 Ξ
3659 1764 3724 1814 de

2174 1830 2342 1884 Instit.
2367 1832 2662 1899 monach.):
2690 1850 2708 1881 t
2738 1832 2939 1884 Inutilis
2967 1846 3169 1891 sermo,
3200 1842 3250 1882 et
3281 1845 3396 1897 quae
3424 1846 3490 1884 ex
3522 1835 3725 1885 mutuis

2172 1903 2447 1969 colloquiis
2489 1902 2673 1953 oritur'
2702 1906 2999 1967 importuna
3043 1903 3201 1953 elatio
3243 1913 3345 1952 ηοω
3390 1900 3720 1966 proferatur,

2173 1972 2261 2022 sed
2301 1974 2342 2024 si
2384 1970 2507 2037 quid
2549 1971 2674 2023 utile
2712 1972 2775 2022 ad
2815 1970 3210 2022 :cdilicationetu
3251 1969 3548 2022 animarum
3572 2009 3588 2033 ,
3623 1970 3722 2022 hoc

2171 2041 2338 2093 solum
2368 2041 2612 2093 convenit
2643 2040 2778 2108 loqui
2805 2056 2819 2101 ;
2853 2049 2905 2092 et
2937 2042 3046 2091 btec
3087 2039 3194 2106 ipsa
3225 2041 3521 2108 quzentdia
3554 2051 3682 2092 sunt
3702 2079 3718 2102 ,

2167 2125 2288 2162 cum
2315 2111 2530 2170 ordine,
2561 2120 2613 2160 et
2641 2107 2848 2162 deet-nti
2877 2118 3111 2171 tempore
3131 2147 3144 2168 .
3174 2117 3226 2160 et
3255 2107 3435 2176 abhis
3468 2123 3496 2159 a
3525 2111 3720 2176 quibus

2168 2179 2272 2232 dici
2317 2187 2540 2246 oportet.
2571 2178 2625 2232 Si
2660 2177 2775 2242 quis
2818 2178 2886 2231 de
2926 2176 3260 2231 inferioribus
3300 2175 3402 2241 sit,
3445 2175 3721 2244 exspectet

2171 2248 2339 2303 donec
2368 2250 2616 2301 invitetur
2640 2247 2703 2299 ad
2735 2248 3045 2316 loquendum
3074 2261 3102 2298 a
3133 2259 3444 2316 superiore;
3475 2262 3720 2302 susurra-

2173 2318 2342 2370 tiones
2371 2331 2498 2371 vero
2527 2329 2682 2385 atque
2723 2318 2787 2368 ad
2806 2315 2972 2370 aures
3001 2315 3320 2385 locutiones,
3351 2326 3405 2368 et
3438 2332 3484 2381 pi
3503 2331 3530 2369 r
3560 2327 3720 2368 nutus

2173 2384 2882 2455 SigniﬁcatiOues’submove
2919 2393 3068 2450 ntur,
3117 2384 3237 2453 quia
3283 2387 3580 2438 su~urratio
3628 2401 3720 2438 su-

2165 2458 2459 2521 spic'onem
2502 2456 2840 2508 detractionis
2867 2457 3040 2513 liabet.
3083 2465 3136 2506 et
3173 2469 3288 2521 quae
3318 2469 3411 2519 per
3441 2463 3626 2507 nutum
3657 2457 3718 2506 lit

2171 2526 2479 2592 signiﬁcatio
2502 2567 2515 2590 ,
2547 2525 2725 2577 dolum
2756 2523 2978 2592 alicujus
3011 2524 3084 2576 rei
3128 2525 3289 2592 latere
3329 2523 3566 2575 indicat:
3612 2523 3718 2576 fra-

2171 2591 2240 2648 tri
2267 2610 2421 2662 porro
2457 2610 2520 2647 ex
2567 2595 2648 2646 bis
2675 2595 2862 2648 talibus
2891 2591 3175 2662 nascuntur
3199 2591 3315 2662 odia
3347 2601 3411 2662 et
3450 2592 3718 2660 suspicio-

2171 2659 2284 2718 nes;
2309 2664 2519 2729 Quoties
2547 2677 2668 2716 vero
2698 2664 2833 2716 inter
2855 2677 2912 2715 se
2935 2661 3247 2728 colloquium
3278 2659 3470 2712 habere
3497 2659 3716 2716 necesse

2168 2743 2252 2787 est
2272 2775 2286 2796 ,
2316 2735 2526 2786 modum
2555 2732 2695 2785 vocis
2725 2733 3009 2785 necessitas
3035 2729 3252 2784 deliniat
3271 2770 3284 2786 .
3318 2737 3377 2781 ut
3402 2729 3611 2783 scilicet
3636 2731 3710 2782 illi

2170 2803 2256 2871 qui
2284 2818 2446 2870 prope
2473 2812 2553 2856 est
2573 2841 2587 2861 .
2615 2802 2831 2871 dulciori
2862 2813 2988 2852 voce
3024 2799 3335 2871 loquantur;
3381 2809 3709 2871 eumautem

2170 2867 2255 2939 qui
2287 2867 2439 2942 longe
2466 2880 2581 2942 est,
2611 2870 2781 2922 altiori
2810 2883 2938 2942 voce
2977 2867 3355 2942 appellent,_t_tt
3379 2871 3468 2936 qui
3499 2869 3592 2942 dat
3616 2874 3712 2922 ali-

2168 2937 2254 2994 cui
2293 2937 2604 3004 con'silium,
2646 2947 2734 2990 aut
2775 2939 3000 3000 aliquant
3048 2938 3112 2989 de
3151 2951 3207 2989 re
3247 2937 3417 3003 aliqua
3458 2940 3710 2992 exhorta-

2170 3012 2364 3063 tionem
2397 3010 2591 3065 habet.
2634 3007 2818 3068 majori
2858 3016 2913 3060 et
2950 3007 3202 3074 asperiori
3248 3019 3374 3058 voce
3411 3016 3608 3070 utatur,
3649 3019 3708 3059 ut

2172 3079 2301 3132 nibd
2355 3077 2790 3131 contumeliosum
2846 3075 2896 3128 iu
2927 3086 3185 3129 conventu
3215 3076 3526 3142 repe=iatur.
3565 3096 3583 3128 ι
3625 3078 3703 3130 An

2094 3143 2142 3206 C
2175 3164 2300 3200 vero
2343 3149 2408 3199 de
2456 3145 2751 3214 ltujustnodi
2795 3145 3057 3213 colloquio
3099 3145 3463 3212 intelligendus
3508 3146 3578 3200 sit
3624 3149 3706 3199 liic

2169 3220 2312 3272 locus
2342 3231 2403 3268 ex
2436 3213 2550 3266 Vita
2580 3215 2636 3268 S.
2671 3214 2936 3267 Pachomtt
2961 3231 2972 3265 :
2999 3231 3019 3264 t
3043 3213 3377 3268 Consuetudo
3397 3225 3572 3268 autvm
3603 3216 3704 3267 illis

2169 3296 2280 3340 erat
2315 3283 2422 3352 jam
2453 3285 2573 3336 inde
2619 3283 2684 3336 ab
2724 3283 2904 3350 initio,
2946 3283 3434 3352 circavesperam,
3480 3285 3700 3338 manuali

2167 3351 2328 3410 Opere
2361 3369 2424 3406 ac
2469 3367 2619 3406 Cinna
2664 3355 2888 3420 peractis
2909 3392 2924 3417 ,
2956 3353 3007 3406 in
3037 3369 3194 3406 unum
3220 3351 3390 3406 simul
3429 3351 3702 3406 considere

2166 3423 2231 3476 ad
2261 3424 2570 3475 scrutaudas
2598 3422 2929 3489 Scriptoras,
2960 3423 3025 3476 ab
3051 3423 3194 3476 omni
3225 3423 3322 3475 alia
3353 3422 3700 3475 sollicitudine

2168 3503 2293 3546 tunc
2322 3492 2506 3554 liberi,
2542 3494 2882 3560 prieterquam
2907 3493 2974 3546 ab
3000 3506 3063 3546 ea
3100 3507 3215 3560 qua:
3257 3494 3482 3546 salutem
3523 3506 3698 3546 eorum

2168 3562 2539 3617 eottcernebat.
2566 3578 2584 3611 ι
2970 3577 2980 3587 ·

2241 3631 2403 3683 Porro
2428 3640 2598 3682 utrum
2625 3628 2806 3683 istbaec
2825 3629 3082 3699 colloquia
3103 3628 3462 3684 recreationes
3489 3638 3576 3682 aut
3599 3628 3696 3680 alio

2168 3701 2381 3755 nomine
2408 3699 2669 3767 appellare
2694 3701 2879 3764 liceat,
2909 3715 3085 3764 parum
3109 3704 3296 3761 relert,
3323 3714 3442 3752 cum
3471 3714 3572 3750 non
3599 3708 3696 3750 tam

2169 3772 2232 3823 ad
2263 3771 2658 3823 delectationem
2687 3786 2841 3837 quam
2870 3772 2933 3822 ad
2964 3769 3291 3822 iulirtnorum
3335 3770 3582 3837 solatium
3620 3770 3696 3816 in;

2169 3841 2312 3893 dulta
2353 3849 2472 3891 sint.
2516 3839 2670 3892 Certe
2697 3836 2713 3894 ζ
2757 3841 2888 3892 sicut
2931 3853 3123 3903 corpus
3167 3850 3409 3889 recreare
3446 3836 3696 3894 dicimus.

2169 3924 2288 3962 cum
2317 3919 2432 3974 post
2460 3909 2668 3974 longum
2691 3907 2945 3977 je;uuium
2974 3905 3248 3977 vilissuuis
3269 3907 3404 3977 cibis
3425 3904 3695 3977 vescimur,

2169 3979 2239 4032 ita
2269 3993 2386 4030 cum
2419 3989 2533 4043 post
2563 3974 2821 4045 prolixum
2851 3977 3111 4030 silentium
3139 3975 3207 4027 de
3237 3974 3388 4045 bonis
3412 3982 3468 4025 et
3493 3974 3558 4024 ad
3584 3974 3698 4045 aedt-

2171 4041 2467 4102 [icatioueut
2509 4041 2730 4114 eloquiis
2775 4048 3054 4112 loquimur,
3105 4045 3203 4114 hoc
3242 4043 3559 4114 exhausto-ii
3596 4041 3698 4114 ani-

2171 4123 2313 4170 uium
2343 4110 2626 4188 recreare,
2651 4116 2777 4168 nihil
2809 4110 3283 4188 v_etat.appellare.,
3314 4110 3596 4188 dummodo
3621 4111 3698 4162 ab-

2169 4196 2238 4238 sit
2263 4178 2444 4238 omnis-
2463 4186 2530 4236 de
2557 4178 2751 4236 sa-culo
2770 4223 2786 4244 ,
2815 4183 2882 4236 de
2912 4178 3120 4249 regibus
3139 4218 3155 4240 ,
3190 4178 3511 4244 principi-us
3530 4219 3542 4235 .
3577 4194 3697 4245 prac-

2171 4257 2288 4308 latis
2309 4297 2323 4319 ,
2353 4257 2572 4321 aliisque
2598 4253 2893 4316 bujustnodi
2914 4292 2930 4313 ,
2961 4263 3078 4317 qua:
3107 4249 3298 4321 passim
3325 4259 3504 4300 vetant
3528 4261 3695 4321 omnes

2173 4336 2279 4376 tam
2313 4317 2526 4376 veteri-'3
2561 4337 2716 4388 quam
2756 4329 2994 4373 recentes
3035 4320 3410 4388 monachorum
3453 4317 3695 4388 constitu-

2179 4394 2380 4456 tiones,
2411 4405 2608 4443 sermo.
2651 4389 2816 4442 Recte
2843 4389 3056 4440 omnino
3085 4401 3182 4440 ms.
3217 4387 3347 4440 liber
3371 4390 3436 4440 de
3471 4387 3693 4441 Doctrina

2178 4463 2488 4529 novitiorum
2521 4479 2528 4508 t
2559 4459 2684 4524 Cap.
2715 4457 2778 4529 M
2803 4460 2855 4522 ):
2884 4473 2902 4506 t
2930 4457 3201 4529 Nunquam
3245 4459 3475 4529 loquaris
3512 4458 3577 4509 de
3608 4470 3695 4507 ssc-

2176 4525 2338 4594 culo,
2375 4529 2456 4582 vel
2496 4529 2562 4580 de
2598 4528 2836 4594 guerris;
2876 4539 2974 4578 nec
3012 4527 3190 4578 audias
3229 4525 3550 4586 refe-tentes,
3588 4538 3692 4573 cum

2178 4601 2304 4652 itltul
2334 4599 2402 4651 sit
2431 4611 2693 4650 Venenum
2723 4595 3051 4648 morttiernm
3081 4598 3428 4647 annuat-um.»
3464 4594 3585 4646 Vide
3609 4595 3692 4646 Pe-

2178 4673 2244 4723 tri
2278 4666 2510 4720 Damiani
2538 4679 2720 4730 cpusc.
2748 4665 2838 4725 49,
2863 4678 2978 4731 cap.
3012 4663 3096 4716 10.

2248 4739 2506 4791 Castorum
2547 4746 2694 4786 extra
2741 4733 3034 4801 huiusmodi
3077 4733 3370 4801 colloquia,
3412 4734 3482 4787 de
3521 4731 3690 4801 quibus

2181 4809 2436 4860 hactenus
2463 4806 2576 4855 fuso
2601 4803 2968 4866 disseruimus,
2998 4819 3216 4871 qua-que
3242 4815 3392 4858 erant
3419 4818 3535 4855 rara
3553 4841 3568 4864 ,
3595 4816 3693 4868 per-

2183 4889 2392 4943 petuum
2425 4873 2666 4943 monachi
2697 4871 2961 4925 silentium
2989 4876 3268 4926 servabant
3288 4917 3302 4937 ,
3339 4874 3498 4942 138
3522 4872 3693 4935 genvis-

2183 4941 2330 4998 simis
2357 4944 2513 4996 etiam
2541 4941 2880 5010 subjicientes
2920 4943 3089 5007 pinnis
3127 4943 3254 4995 illud
3287 4941 3486 4996 temere
3516 4943 3689 5010 violan-

2183 5020 2283 5066 tes.
2320 5013 2388 5064 De
2421 5011 2504 5064 his
2543 5009 2713 5078 pretiis
2749 5013 2997 5064 adversus
3034 5011 3232 5066 silentii
3273 5009 3690 5078 infractoresslte-

2183 5087 2307 5151 gula
2334 5077 2612 5144 cujusdam
2630 5082 2714 5151 ad
2736 5080 3020 5135 Monachus
3046 5085 3115 5135 ita
3143 5078 3553 5151 decernit_(Cnp.
3581 5077 3687 5151 lli):

2190 5146 2210 5202 ἱ
2240 5151 2294 5203 lu
2321 5152 2578 5219 omnibus
2591 5148 2718 5202 ttihil
2759 5151 3108 5219 loquendum,
3139 5152 3235 5205 nisi
3267 5148 3407 5218 quod
3437 5146 3690 5201 necessitas

2186 5217 2508 5290 peposcerit.
2552 5218 2606 5273 Si
2644 5220 2759 5290 quis
2800 5217 2991 5288 praeter
3031 5224 3165 5274 lianc
3204 5217 3564 5286 disciplinam,
3589 5228 3687 5267 cum

2187 5289 2416 5344 Clamore
2443 5297 2498 5342 et
2523 5289 2788 5342 acerbiore
2825 5305 3070 5345 sermone
3109 5290 3470 5352 responderit,
3511 5292 3690 5338 notetur

2187 5372 2460 5426 usquequo
2489 5362 2796 5429 corrigatur.
2841 5363 2893 5414 Si
2934 5373 3107 5415 autem
3139 5363 3238 5413 lioc
3261 5358 3391 5429 vitio
3416 5357 3578 5429 curari
3603 5367 3687 5406 non

2185 5425 2408 5498 poterit,
2435 5425 2673 5494 ejiciatu'r
2697 5429 2766 5482 ab
2794 5433 2992 5498 unitate
3023 5431 3260 5483 fratrum.
3280 5427 3504 5498 [Pinnae
3531 5425 3688 5498 incerti

2184 5497 2414 5550 auctoris
2442 5501 2576 5563 apud
2606 5500 2663 5552 ὃ.
2693 5495 2970 5563 Basiliam,
3003 5517 3057 5553 n.
3092 5501 3156 5552 15
3181 5516 3192 5549 :
3222 5516 3241 5547 t
3271 5495 3328 5550 Si
3358 5495 3477 5564 quis
3511 5496 3680 5559 vesperi

2184 5575 2303 5642 post
2347 5565 2696 5642 Pate_r__noster
2730 5568 3030 5642 inveniatur
3055 5569 3396 5642 colloquens,
3423 5576 3688 5642 excoluiss-

2180 5633 2432 5690 nicetura
2461 5637 2617 5691 Liber
2643 5639 2985 5706 Antiquarum
3015 5639 3380 5690 Deﬁnitionum
3411 5633 3687 5706 prditum?-

2179 5710 2449 5761 torciensis
2477 5707 2642 5778 (Diu.
2669 5708 2719 5774 7,
2743 5699 2794 5763 οξ
2813 5707 2877 5777 5)
2902 5725 2918 5761 :
2946 5726 2964 5758 t
2990 5708 3087 5774 Qui
3131 5713 3363 5761 scienter
3402 5704 3468 5754 de
3507 5699 3686 5755 summio
