3916 6226
279 455 382 514 369

1313 447 1591 515 iiscum
1629 457 2104 541 COSIlIEt‘iTA'I‘A.
2147 458 2294 516 car.
2336 458 2420 515 vr.

3362 461 3473 515 570'

287 585 307 619 ι
334 564 848 639 Silentiumjnquit,
875 567 929 624 In
957 568 1198 623 omnibus
1219 570 1524 624 sectandum
1549 580 1649 636 est,
1674 580 1728 624 et
1749 580 1826 624 ta-
1851 579 1900 634 Α
1931 571 1994 624 lis
2036 570 2176 636 loqui
2205 569 2505 639 supradicto
2547 568 2702 624 modo
2746 569 2938 626 licebit.
2981 588 2998 622 ι
3033 570 3250 624 Tantam
3290 582 3462 627 tamen

280 639 435 692 cendi
467 637 740 704 disciplina
772 655 864 705 per
888 642 1063 693 omnia
1094 640 1328 696 facienda
1353 651 1455 702 est,
1485 643 1711 695 maxime
1736 656 1828 693 au-

281 716 388 762 tem
412 705 561 776 juxta
592 708 803 762 missam
830 718 882 763 et
910 724 1166 764 mensam.
1205 729 1224 762 ι
1263 712 1336 763 Ita
1363 714 1520 765 etiam
1550 710 1607 766 S.
1639 710 1696 764 P.
1733 712 1830 764 8e-

285 777 521 849 nedictus
549 793 807 849 summum
845 778 930 849 ad,
953 795 1187 834 mensam
1229 779 1491 849 silentium
1539 779 1830 849 praescribit

281 861 398 917 cap.
429 847 498 902 58
520 887 538 912 ,
568 857 622 901 et
649 848 713 901 ad
741 848 1025 903 oratorium
1068 864 1186 918 cap.
1227 848 1295 902 52
1317 892 1332 915 ,
1366 850 1453 905 ubi
1493 847 1591 906 sub
1616 847 1830 905 nomine

281 918 511 986 oratorii
539 918 872 986 intelligenda
901 929 983 973 est
1022 919 1178 974 etiam
1207 921 1439 974 sacristia
1475 938 1487 972 :
1520 920 1656 974 unde
1695 920 1830 974 inter

281 987 341 1040 S.
386 985 632 1042 Adalardi
662 985 890 1052 capitula
922 991 1126 1044 tertium
1175 991 1394 1044 habetur
1435 988 1512 1044 De
1555 991 1750 1044 silentio
1777 993 1828 1042 in

281 1057 566 1121 secretario,
596 1073 682 1112 seu
711 1061 765 1110 in
811 1057 1050 1113 ecclesiis.
1085 1060 1363 1114 Existimat
1400 1062 1558 1114 etiam
1605 1059 1831 1114 Benedi-

281 1134 400 1182 ctus
445 1125 734 1182 Hael’tenus
759 1129 1022 1184 silentium
1052 1145 1080 1182 a
1111 1132 1166 1184 S.
1210 1130 1491 1184 Benedicto
1534 1130 1828 1184 institutum

282 1194 447 1250 fuisse
471 1196 522 1250 in
545 1198 877 1263 dormitorio,
905 1199 1044 1267 quod
1063 1214 1126 1252 ex
1157 1215 1222 1254 eo
1247 1200 1444 1268 colligit
1467 1200 1606 1267 quod
1634 1199 1828 1254 nemini

281 1274 403 1338 post
441 1269 840 1334 completorium
882 1271 1018 1338 loqui
1062 1272 1223 1336 permi
1255 1279 1328 1322 tat
1355 1271 1413 1326 S.
1457 1270 1632 1331 Pater.
1662 1279 1718 1324 et
1743 1271 1830 1324 vix

278 1335 388 1390 Ilio
415 1345 650 1405 tempore
676 1339 910 1402 solerent
950 1335 1140 1393 l'ratres
1170 1341 1531 1394 dormitorium
1574 1340 1827 1393 habitare.

279 1405 615 1460 Contrarium
639 1417 807 1463 tamen
839 1409 1044 1464 videtur
1066 1413 1114 1463 in
1142 1410 1360 1465 Statutis
1383 1410 1440 1465 S.
1471 1410 1716 1463 Adalardi
1740 1410 1828 1463 lib.

282 1490 341 1548 t_t,
369 1491 484 1548 cap.
516 1479 569 1548 6.
603 1477 706 1531 Sed
745 1493 914 1548 neque
945 1480 993 1533 id
1024 1489 1231 1544 apparet
1265 1496 1327 1535 ex
1359 1481 1834 1534 Consuetudinibus

283 1546 344 1619 δ.
374 1546 640 1619 Benedicti
679 1546 992 1604 Amaniensis
1018 1549 1186 1619 (Tum.
1222 1551 1282 1603 IV
1316 1551 1608 1618 Aualect.),
1641 1553 1690 1602 in
1713 1551 1834 1619 qui-

284 1616 382 1670 bus
406 1617 706 1676 decernitur
740 1637 756 1667 ι
794 1619 845 1671 in
873 1616 1104 1672 oratorio
1132 1635 1390 1674 summum
1423 1616 1756 1675 silentium...
1783 1621 1834 1674 in

282 1686 519 1740 sacrario
546 1701 787 1754 magnum
818 1689 1148 1744 silentium...
1185 1691 1234 1743 in
1273 1691 1552 1746 refectorio
1573 1705 1834 1744 summum

189 1786 194 1792 -
281 1757 619 1810 Silentium...
645 1760 694 1810 in
721 1759 961 1812 claustris
982 1760 1107 1810 lioi-a
1132 1763 1369 1814 lectionis
1397 1776 1658 1815 summum
1675 1762 1835 1815 silen-

284 1827 439 1886 tium,
483 1845 501 1877 ι
538 1826 673 1880 nulla
704 1829 993 1883 dormitorii
1027 1829 1157 1883 facta
1189 1832 1473 1886 mentione.
1510 1832 1582 1886 De
1614 1832 1838 1884 nonnul-

209 1939 211 1942 ι
286 1895 350 1946 lis
403 1905 576 1950 tamen
625 1900 957 1951 monasteriis
1008 1899 1198 1954 ibidem
1249 1901 1503 1956 additur:
1543 1919 1559 1950 ι
1600 1901 1838 1954 Vidimus

283 1947 1836 2040 at...sumagas;;.bii;',‘;i"assignatas;
1867 1947 1913 2006 Β

285 2037 662 2110 taciturnitatis
683 2038 862 2092 venire
901 2039 1201 2104 desideret,
1236 2041 1375 2110 quod
1417 2037 1587 2110 nullus
1616 2042 1835 2094 fratrum

283 2104 338 2179 in
366 2106 602 2179 quolibet
651 2108 765 2161 loco
811 2110 947 2177 loqui
981 2111 1174 2177 aliquid
1227 2104 1615 2179 praesumebat,
1646 2122 1839 2179 praeter

283 2178 390 2228 duo
426 2179 491 2230 ad
537 2176 638 2250 hoc
682 2176 947 2250 deputata.
987 2200 1005 2230 ι
1041 2176 1289 2244 Quaenam
1335 2196 1495 2250 porro
1523 2176 1701 2236 essent
1749 2182 1838 2234 illa

282 2251 391 2319 duo
435 2253 546 2319 loca
573 2249 821 2301 locutioni
865 2251 1119 2303 destinata
1150 2249 1349 2304 ibidem
1372 2268 1474 2305 nou
1506 2252 1834 2319 exprimitur.

284 2317 717 2390 sed__observattt
743 2319 1104 2390 dignissimum
1155 2319 1369 2388 prorsus
1413 2317 1657 2377 existimo
1700 2322 1838 2390 quod

284 2386 566 2456 subjicitur
595 2405 606 2440 :
648 2407 665 2438 ι
704 2387 754 2440 In
785 2386 1004 2442 ecclesia
1046 2386 1242 2442 nullum
1274 2402 1467 2458 praater
1495 2386 1729 2446 allii-iuni
1757 2392 1839 2446 da-

285 2472 483 2530 vinum,
516 2465 570 2509 et
589 2459 744 2511 verba
776 2461 1050 2512 oratimiis.
1075 2461 1128 2512 Si
1157 2463 1307 2514 alicui
1339 2461 1554 2516 cuilibet
1586 2463 1725 2530 loqui
1752 2478 1842 2513 ne-

283 2529 503 2580 cessitas
529 2539 664 2590 erat,
697 2531 1178 2600 tactovestitneuto
1200 2532 1422 2594 abbatis,
1454 2533 1533 2585 vel
1561 2529 1841 2600 cujuslibet

285 2600 484 2670 lratris,
516 2601 695 2670 annuit
727 2599 788 2650 ad
824 2598 905 2670 illa
949 2600 1090 2665 lnCu;
1127 2605 1482 2669 CXIlOSIllSQIIC
1515 2598 1840 2670 paucissimis

288 2667 494 2733 verbis,
529 2669 610 2720 vel
655 2669 1083 2733 rationabilibus,
1129 2673 1303 2724 statim
1345 2667 1738 2737 abscesserunt,
1773 2673 1840 2724 ti-

287 2747 493 2790 mentes
522 2753 586 2790 ne
612 2750 822 2806 propter
847 2743 1137 2793 necessaria
1163 2745 1342 2807 verba,
1368 2745 1417 2795 in
1449 2744 1629 2796 nociva
1657 2753 1705 2794 et
1731 2746 1843 2795 inu-

289 2808 395 2858 tilia
429 2808 736 2862 inciderent.
771 2827 788 2860 t
824 2807 984 2877 Cujus
1015 2812 1363 2866 observantia:
1395 2815 1615 2877 praxim,
1641 2813 1683 2865 si
1709 2813 1843 2867 bene

286 2877 524 2950 tuemini,
559 2880 736 2931 videre
780 2888 861 2932 est
905 2884 954 2932 in
989 2880 1098 2934 Vita
1132 2882 1346 2936 Notkeri
1391 2885 1591 2936 Ilalbttli
1634 2899 1756 2936 δίει).
1788 2900 1837 2950 v,

287 2947 528 3014 hancque
580 2951 800 3003 fortasse
853 2953 1064 3010 resriicit
1119 2953 1262 3005 locus
1293 2970 1355 3006 ex
1408 2953 1540 3006 libro
1572 2954 1750 3007 λιιι-ειν.
1783 2947 1840 3007 S.

290 3018 540 3070 llllllSlalll
571 3037 622 3070 ιι.
651 3022 719 3073 20
751 3037 765 3071 :
801 3037 818 3068 ι
859 3021 948 3072 Ille
986 3021 1157 3075 sciens
1189 3024 1348 3075 moris
1378 3039 1480 3075 non
1510 3040 1628 3077 esse
1664 3041 1845 3078 mona-

285 3087 414 3139 chos
438 3089 741 3163 in_o_ratorio
771 3088 928 3163 loqui,
957 3091 1130 3159 digitis
1161 3093 1329 3145 inuu:t
1355 3093 1524 3160 ipsum
1555 3094 1623 3145 ibi
1646 3098 1842 3163 nequa-

283 3157 662 3229 quamdcbere
691 3161 851 3227 loqui,
885 3179 902 3210 ι
939 3157 1065 3224 ειεῖ,
1093 3177 1210 3229 quae
1240 3157 1407 3216 obiter
1428 3165 1562 3217 dieta
1593 3157 1844 3218 ωηιξη-

286 3229 376 3300 nio
402 3227 476 3300 ad
497 3228 890 3300 Cluniaceuses,
916 3227 1137 3300 quorum
1171 3233 1410 3298 antiquas
1438 3234 1844 3287 consuetudines

285 3297 594 3372 describens
613 3299 907 3364 Udalricus,
925 3297 1002 3354 sic
1026 3297 1404 3372 loquitur(Lib.
1436 3319 1493 3367 ιι,
1513 3319 1560 3356 c.
1590 3305 1674 3372 5):
1702 3321 1716 3352 ι
1743 3304 1842 3356 Ta-

285 3366 366 3421 les
392 3369 443 3441 in
471 3369 703 3422 claustro
731 3382 854 3423 sunt
875 3366 1118 3436 ol'licinae,
1151 3375 1202 3426 in
1231 3366 1418 3441 quibus
1448 3366 1689 3426 traditum
1711 3385 1791 3428 est
1812 3390 1840 3426 ιι

287 3437 526 3504 patribus
554 3441 748 3514 nostris
771 3450 824 3514 et
851 3443 1118 3514 praeﬁxum
1165 3453 1221 3497 ut
1247 3437 1552 3514 perpetuum
1585 3445 1843 3497 silentium

286 3519 530 3560 teneatur
555 3526 569 3574 ;
603 3509 655 3564 in
685 3512 942 3575 ecclesia,
973 3509 1286 3568 dormitorio
1312 3509 1639 3579 ,irel'ectorio
1662 3555 1676 3577 ,
1709 3528 1764 3569 et
1794 3517 1845 3568 in

285 3579 516 3646 coquina
551 3582 812 3650 regulari;
847 3583 897 3634 in
947 3585 1026 3636 bis
1070 3583 1198 3636 locis
1244 3596 1347 3637 tam
1398 3586 1449 3638 in
1481 3587 1566 3639 die
1593 3601 1744 3650 quam
1793 3585 1847 3638 in

288 3662 446 3701 nocte
466 3690 482 3712 ,
514 3651 576 3723 si,
608 3653 689 3704 vel
724 3667 880 3704 unum
933 3654 1147 3706 verbum
1177 3670 1386 3723 quoquo
1413 3656 1655 3708 audiente
1683 3656 1852 3721 loqui-

287 3729 394 3792 tur,
429 3737 528 3792 non
564 3721 713 3774 facile
744 3723 946 3774 veniam
978 3723 1174 3790 absque
1198 3721 1396 3792 judicio
1427 3733 1675 3777 meretur.
1702 3744 1718 3775 ι
1748 3727 1847 3778 Ea-

285 3789 413 3862 dem
443 3791 682 3857 leguntur
715 3793 763 3843 in
809 3807 935 3846 mss.
969 3789 1536 3862 Benigni'llivioneusis
1560 3794 1850 3848 Consuetu-

286 3860 498 3932 dinibos
525 3875 643 3928 cap.
668 3863 755 3916 51.
779 3864 844 3915 At
873 3865 1036 3916 multo
1059 3860 1206 3932 plura
1233 3866 1442 3917 silentio
1463 3864 1666 3917 addicm
1691 3865 1850 3918 fuisse

287 3930 404 4001 loca
432 3941 572 3996 patet
595 3946 658 3983 ex
689 3935 930 3999 sequenti
960 3930 1095 3987 I’etri
1121 3934 1447 3988 Venerabilis
1473 3945 1668 3988 statuto
1689 3934 1848 4001 (Stat.

291 4000 381 4074 Ill)
416 4017 428 4052 :
469 4019 497 4074 At
525 4002 580 4053 In
624 4002 907 4074 inlirmaria
938 4004 1311 4067 Cluniacensi,
1341 4021 1456 4069 quae
1499 4000 1728 4074 quinque
1760 4007 1855 4058 lia-

287 4071 530 4144 bitaculis
559 4072 655 4144 sub
673 4088 776 4124 uno
809 4085 946 4126 Icelo
973 4076 1154 4128 divisis
1171 4071 1529 4144 distinguitur,
1552 4071 1854 4128 talidiscre-

289 4141 433 4215 tione
460 4142 722 4194 silentium
754 4153 1014 4207 te-nettlttr,
1046 4157 1099 4199 ut
1127 4147 1177 4199 in
1205 4161 1264 4200 ea
1291 4141 1435 4211 parte
1467 4151 1514 4199 in
1539 4161 1636 4215 qua
1661 4146 1851 4200 Iratres

287 4211 667 4285 defunguntur,
691 4228 806 4280 qua:
830 4217 995 4265 media
1023 4225 1118 4268 est.
1148 4227 1200 4270 et
1222 4220 1272 4268 in
1296 4217 1379 4269 illa
1420 4233 1536 4284 qua:
1555 4211 1801 4285 superior
1822 4235 1849 4268 ιι

289 4293 438 4354 parte
471 4282 756 4335 meridiana
790 4293 890 4345 est,
940 4286 1208 4339 Silentium
1238 4298 1289 4340 et
1318 4282 1599 4341 collocutio
1632 4282 1853 4354 antiquo

293 4349 454 4421 194
479 4369 624 4405 more
651 4364 918 4414 servetur;
957 4357 1005 4406 in
1039 4358 1202 4408 tritius
1235 4373 1361 4410 vero
1389 4358 1505 4410 aliis
1533 4359 1746 4410 claustri
1770 4349 1857 4411 re—

287 4429 489 4492 gularis
532 4425 796 4477 silentium
830 4433 1089 4478 teneatur.
1121 4429 1209 4480 Sic
1250 4429 1298 4479 in
1339 4429 1474 4481 cella
1512 4429 1850 4492 novitiorum,

288 4500 345 4544 et
366 4491 626 4559 adjacenti
666 4501 918 4562 ciaustro,
948 4496 1057 4548 sive
1095 4497 1339 4557 ol'liciuis,
1371 4499 1603 4564 exceptis
1645 4491 1853 4552 novitiis

289 4575 342 4614 et
369 4577 552 4616 eorunt
583 4568 854 4633 magistro,
898 4565 986 4633 qui
1019 4566 1102 4617 ubi
1147 4576 1197 4620 et
1238 4568 1448 4634 quando
1479 4568 1616 4635 loqui
1659 4571 1852 4630 solent,

292 4635 604 4699 loquentur;
637 4641 870 4704 exceptis
900 4639 1055 4690 etiam
1085 4639 1345 4704 episcopis
1378 4646 1430 4689 et
1455 4638 1732 4691 abbatibus
1759 4653 1848 4690 su-

1929 642 2120 695 silentii
2145 642 2524 696 districtionem
2555 643 2603 693 in
2633 643 2804 707 parvis
2831 642 2976 696 cellis
2999 656 3091 695 seu
3131 643 3464 706 prioratibus.

1930 722 1986 765 ut
2013 722 2200 766 vocant
2223 753 2238 772 .
2287 714 2422 766 haud
2451 712 2690 780 exigebat
2725 711 2858 765 idem
2891 711 3073 764 I’ctrus
3101 709 3425 766 Venerabilis
3451 731 3464 774 ;

1932 797 2050 834 tiam
2089 790 2284 835 statuto
2316 781 2384 834 42
2425 783 2679 845 decernit,
2713 800 2730 832 ι
2767 793 2820 834 ut
2851 781 2934 834 ubi
2979 781 3250 834 dunderim
3281 784 3468 834 Iratres

1929 865 2047 905 esse
2074 867 2175 904 non
2205 853 2486 918 potuerint,
2515 852 2698 905 saltem
2729 853 2779 904 in
2807 853 3102 908 relectorio.
3131 861 3184 904 et
3215 852 3471 906 dormito-

1932 922 2011 974 rio
2037 936 2272 989 semper;
2292 923 2343 974 in
2370 923 2597 976 claustro
2613 936 2735 976 vero
2761 921 2824 974 ab
2843 922 2965 973 hora
2995 922 3289 987 vespertina
3306 938 3470 990 usque

1933 991 1997 1044 ad
2028 992 2207 1044 horam
2251 993 2456 1046 tertiam
2486 992 2714 1056 alterius~
2741 990 2842 1044 diei
2891 990 3171 1056 perfectum
3203 992 3467 1044 silentium

1933 1067 2189 1116 teneatur.
2218 1060 2346 1114 Nam
2385 1061 2523 1130 qttod
2555 1062 2916 1114 uuiversaliter
2951 1063 2998 1112 in
3027 1062 3268 1114 omnibus
3297 1062 3468 1115 eccle-

1932 1129 2025 1200 siis
2045 1146 2253 1197 semper
2272 1143 2323 1184 ot
2345 1129 2535 1200 ubique
2559 1134 2723 1184 teneri
2745 1131 2951 1195 ili-beat,
2975 1142 3171 1184 certum
3193 1139 3290 1184 est.
3315 1149 3331 1182 ι

2005 1198 2061 1252 In
2089 1201 2374 1269 Anglicano
2403 1198 2465 1254 εξ
2504 1201 2690 1254 Albani
2721 1200 3061 1262 monasterio,
3092 1203 3206 1268 post
3242 1199 3470 1254 medium

1934 1271 2180 1323 sawulum
2225 1286 2294 1333 XI,
2333 1270 2523 1330 Paulus
2550 1272 2710 1323 abbas
2738 1273 2972 1336 ejusdem
3020 1271 3117 1325 loci
3155 1288 3174 1320 ι
3209 1272 3470 1324 sil-:utium

1935 1341 2294 1393 oninimodum
2321 1344 2369 1394 in
2400 1341 2641 1403 ecclesia,
2665 1342 2714 1393 in
2743 1345 2992 1406 claustro,
3022 1341 3070 1392 in
3101 1343 3394 1404 releclorin,
3421 1353 3474 1395 et

1939 1411 2164 1464 maxime
2189 1413 2239 1463 iu
2264 1411 2570 1465 dormitorio
2597 1411 2956 1463 in\ioI:-b.liter
2977 1411 3242 1463 observari
3274 1411 3473 1469 Consti-

1936 1481 2050 1544 tuit,
2091 1497 2113 1531 ι
2148 1491 2202 1533 ιιι
2227 1481 2410 1535 scribit
2446 1480 2716 1534 Matthmus
2747 1480 2969 1532 Parisios
2999 1478 3088 1547 (In
3135 1479 3264 1532 Viris
3302 1481 3476 1547 viginti

1920 1551 2086 1602 'm'um
2111 1550 2346 1604 abbatum
2362 1552 2420 1605 S.
2453 1549 2673 1618 Albani),
2692 1549 2778 1618 qui
2799 1553 2951 1602 etiam
2984 1552 3134 1617 paulo
3160 1559 3278 1617 post
3295 1549 3471 1603 addit:

1945 1639 1961 1670 ι
2000 1622 2052 1674 In
2080 1622 2364 1674 inlirmaria
2389 1621 2676 1686 silentium,
2703 1621 2958 1688 praecipue
2985 1631 3154 1673 autem
3184 1621 3231 1673 in
3254 1621 3474 1688 capella,

1938 1699 1992 1744 ct
2018 1689 2210 1758 ubique
2246 1701 2363 1760 post
2391 1691 2783 1755 completorium
2817 1691 2975 1743 teneri
3005 1690 3292 1743 constituit.
3327 1709 3344 1740 ι
3379 1690 3478 1760 Ea-

1938 1761 2056 1813 dem
2085 1760 2218 1826 loca,
2249 1759 2576 1814 inlirmitorio
2600 1770 2838 1824 excepto,
2868 1761 3076 1813 silentio
3111 1772 3358 1828 perpetuo
3386 1759 3478 1814 de-

1941 1841 2124 1898 putant
2169 1831 2359 1884 summi
2409 1831 2680 1898 pontifices
2709 1831 3038 1884 Innocentius
3085 1830 3146 1882 IlI
3197 1827 3248 1884 et
3277 1827 3477 1898 Grego-

1943 1900 2050 1952 rius
2081 1899 2144 1953 ΙΧ
2165 1941 2180 1964 ,
2211 1903 2260 1954 in
2292 1901 2447 1955 editis
2489 1915 2582 1968 pro
2625 1900 2972 1954 Benedictinis
2998 1898 3477 1954 constitutionibus.

1938 1969 2190 2024 Similiter
2217 1971 2273 2025 S.
2304 1967 2630 2039 Stephanus,
2655 1971 2855 2023 ordinis
2895 1967 3377 2024 Grandimmttensis
3404 1972 3480 2022 in-

1939 2044 2168 2100 stitutor,
2214 2041 2265 2093 iit
2308 2041 2500 2105 Ilegula
2527 2056 2640 2108 cap.
2687 2040 2777 2098 47.
2818 2040 2868 2094 id
2899 2040 3034 2102 quod
3077 2050 3194 2106 post
3222 2041 3482 2094 Innocen-

1941 2111 2066 2163 tium
2097 2110 2160 2161 IV
2191 2113 2458 2164 renovavit
2478 2109 2800 2172 Clemens",
2820 2119 3008 2162 statuta
3037 2125 3208 2178 pinna,
3240 2121 3296 2162 ut
3321 2129 3336 2157 ι
3367 2112 3482 2178 qui-

1940 2194 2144 2248 ntoque
2162 2179 2332 2234 .l'rater
2359 2181 2611 2242 fractione
2636 2179 2758 2233 dicti
2783 2180 2974 2232 silentii
2999 2181 3327 2233 considerat.-
3349 2181 3480 2232 laeta

1941 2266 2062 2304 reus
2086 2252 2324 2314 inventus
2351 2252 2526 2313 luerit,
2547 2266 2638 2317 pro
2663 2251 3080 2316 transgressione
3101 2249 3348 2317 qualibet,
3367 2249 3480 2303 sine

1941 2320 2296 2375 anericordia
2327 2330 2382 2374 et
2406 2321 2815 2388 dispensatione,
2843 2321 2910 2371 sit
2937 2334 3036 2372 una
3065 2319 3149 2371 die
3179 2322 3228 2370 in
3271 2333 3402 2385 pane
3429 2328 3484 2373 et

1940 2406 2094 2458 aqua,
2127 2400 2182 2445 et
2225 2393 2274 2444 in
2303 2392 2531 2459 capitqu
2572 2392 2894 2451 verberetur,
2929 2390 3025 2442 nisi
3057 2390 3199 2456 prius
3227 2389 3483 2454 completa

1944 2469 2088 2527 parte
2114 2461 2434 2528 paenitentiae
2459 2470 2612 2530 potus
2639 2477 2810 2527 aquae,
2838 2471 2891 2513 et
2920 2461 3140 2514 aliorum
3168 2459 3483 2514 cibariorum

1943 2531 2271 2585 abstinentiae
2292 2535 2360 2585 de
2375 2547 2496 2586 vera
2519 2532 2808 2586 humilitate
2832 2530 3150 2597 pmniientis.
3171 2541 3222 2583 et
3239 2531 3302 2583 de
3328 2532 3486 2596 ipsius

1945 2602 2096 2652 lirmo
2123 2602 2392 2668 proposito
2418 2603 2727 2658 emendandi
2761 2601 2917 2667 priori
2951 2602 3032 2664 vel
3061 2601 3176 2668 ejus
3204 2602 3371 2671 locum
3403 2611 3486 2671 te-

1943 2672 2085 2722 nenti
2119 2671 2229 2725 fore
2256 2686 2374 2724 cum
2403 2685 2469 2724 eo
2496 2685 2658 2739 super
2696 2671 2906 2723 residuo
2933 2669 3251 2738 poenitentize
3281 2669 3486 2722 videbic

1945 2750 2029 2792 tur
2070 2739 2517 2806 dispensandum;
2549 2751 2603 2794 et
2645 2741 2688 2792 si
2735 2741 2926 2808 sa-pius
2968 2741 3044 2792 sic
3085 2748 3352 2792 correctus
3382 2755 3487 2791 non

1943 2810 2320 2877 emendavi-rit,
2346 2826 2406 2865 ex
2437 2823 2558 2864 tunc
2587 2826 2679 2874 pro
2700 2812 2930 2873 qualibet
2954 2809 3365 2876 transgreSsioi-e
3393 2822 3486 2876 per

1945 2881 2076 2934 duos
2101 2880 2214 2935 dies
2251 2883 2301 2934 in
2344 2882 2459 2934 solo
2488 2880 2769 2940 relcctorii,
2799 2880 2928 2941 aliis.
2956 2879 3370 2939 comedentibns,
3403 2895 3487 2930 scr

1945 2951 2075 3004 dcns
2106 2966 2237 3018 pane
2265 2967 2447 3016 grossii
2470 2952 2675 3004 familia:
2702 2962 2754 3004 et
2782 2965 2915 3016 aqua
2943 2961 3222 3003 contentus
3263 2959 3446 3001 cxistat
3465 2976 3490 2990 ο

1947 3037 2007 3075 ac
2035 3022 2134 3076 illis
2161 3021 2365 3077 duobus
2390 3021 2575 3075 diebus
2606 3025 2659 3074 in
2685 3021 2913 3088 capitulo
2940 3025 3177 3087 vapulet;
3211 3035 3308 3072 nec
3334 3032 3487 3086 stipe;

1947 3093 2010 3144 iis
2029 3106 2054 3142 a
2077 3092 2249 3156 priore
2276 3093 2354 3146 vel
2383 3092 2488 3145 alio
2515 3091 2828 3159 przesidente
2853 3090 3024 3144 valeat
3044 3089 3356 3158 dispeusiri.
3381 3105 3491 3141 ma-

1941 3161 2044 3230 jori
2075 3176 2224 3230 paena
2251 3177 2342 3230 per
2367 3161 2592 3230 priorem
2617 3162 2832 3214 ulterius
2863 3162 3170 3225 puniendus,
3197 3159 3240 3212 si
3266 3161 3491 3230 bocme-

1947 3229 2050 3283 ruit
2077 3229 2389 3296 protervitas
2414 3234 2758 3286 contumacis.
2789 3249 2805 3280 ι
2829 3231 3097 3283 I’itedtctis
3122 3241 3342 3295 quatuor
3365 3229 3492 3282 locis

1947 3303 2157 3354 silentio
2172 3303 2451 3355 destinatis;
2465 3302 2838 3354 Cistercienses
2854 3300 3049 3352 addunt
3065 3300 3333 3364 scriptoria
3349 3297 3488 3364 (Lib.

1943 3372 2098 3438 antiq.
2130 3369 2358 3440 Dr/iuir.,
2387 3373 2504 3423 dist.
2529 3371 2580 3435 7,
2604 3386 2716 3438 cap.
2743 3371 2822 3436 5),
2858 3369 3161 3440 ubicunque
3182 3383 3243 3420 ex
3272 3382 3491 3440 consue-

1947 3437 2126 3494 tudine
2171 3437 2405 3495 scrihunt
2450 3437 2710 3494 monachi.
2756 3439 3040 3492 Addendus
3086 3440 3300 3504 insuper
3347 3437 3490 3490 locus

1946 3513 2261 3571 communis.
2286 3516 2478 3578 inquo,
2499 3527 2562 3566 ex
2582 3512 2797 3578 antiquo
2821 3509 3020 3562 ordinis
3036 3510 3197 3562 nostri
3226 3522 3390 3571 more,
3417 3523 3493 3560 in-

1949 3582 2192 3637 \io!abile
2213 3577 2476 3636 silentium
2496 3577 2824 3644 servabatur,
2843 3593 2899 3633 ut
2922 3589 3142 3647 patetex
3169 3577 3489 3644 Ilildemaro,

1949 3653 2310 3720 antiquissimo
2332 3652 2545 3722 Regulae
2567 3661 2978 3704 commentatore
3026 3650 3076 3703 in
3110 3650 3260 3720 195
3290 3650 3386 3702 hoc
3406 3663 3495 3701 ca-

1951 3732 2040 3791 put
2067 3725 2132 3774 ita
2162 3721 2431 3777 scribente
2459 3743 2470 3773 ε
2509 3740 2526 3771 ι
2563 3723 2616 3776 Si
2647 3723 2834 3774 Iliensis
2862 3733 3064 3788 tempus
3095 3721 3266 3791 luerit,
3296 3728 3348 3770 et
3371 3733 3495 3784 pro-

1952 3790 2066 3859 pter
2095 3793 2256 3862 l'rigus
2301 3796 2643 3846 convenerint
2685 3805 2869 3862 omnes
2903 3793 2952 3844 in
3003 3805 3160 3844 unum
3206 3790 3269 3862 ad
3300 3792 3496 3862 calefa-

1949 3859 2192 3915 ciendum
2219 3877 2294 3924 se,
2327 3864 2591 3916 silentium
2621 3861 2777 3914 debet
2804 3861 2874 3916 ibi
2901 3874 3037 3925 esse,
3067 3871 3122 3913 et
3149 3860 3321 3912 nullus
3341 3859 3502 3914 debet.

1953 3933 2024 3984 ibi
2071 3933 2231 4000 loqui.
2270 3951 2290 3984 ι
2326 3935 2389 3985 lit
2430 3949 2495 3986 ex
2522 3934 2579 3986 S.
2628 3932 2877 3983 Dunstani
2923 3930 3211 3983 Concordia
3244 3944 3259 3980 :
3293 3947 3312 3978 ι
3354 3937 3388 3980 Α
3417 3945 3500 4000 ca-

1952 3999 2472 4057 Iendis’Novembris
2505 4003 2826 4055 com-edatur
2865 4001 3110 4054 lratribus
3144 4013 3388 4052 acerssus
3435 3999 3498 4052 ad

1951 4073 2122 4140 ignem
2153 4073 2275 4125 dum
2309 4074 2592 4126 necessitas
2619 4070 2949 4137 compulerit,
2980 4081 3031 4140 et
3074 4068 3280 4134 frigoris
3311 4067 3500 4122 nimie.

1953 4155 2030 4195 tas
2054 4144 2369 4203 incubuere,
2392 4143 2529 4210 quod
2552 4147 2722 4194 tium-tt
2743 4143 2840 4191 sub
2861 4139 3068 4191 silentio
3092 4140 3199 4192 liat.
3229 4155 3246 4184 ν

2022 4213 2172 4278 Quod
2202 4207 2490 4281 Spectabat]
2527 4214 2845 4281 recentiores
2874 4207 3499 4281 congregationesLCas-

1953 4276 2188 4337 sinettses
2218 4276 2399 4337 volunt
2428 4281 2652 4353 (θέειον.
2694 4280 2890 4334 Cmam.
2921 4276 2996 4353 odi
3034 4279 3181 4353 licg._,
3207 4293 3257 4353 _c.
3287 4276 3408 4353 :32),
3441 4289 3499 4353 ut

1962 4375 1978 4404 ι
2014 4359 2264 4408 Servetur
2293 4348 2502 4421 semper
2531 4353 2794 4404 silentium
2821 4353 2868 4403 iu
2899 4351 3094 4421 choro,
3113 4348 3163 4402 in
3187 4348 3502 4421 dormitorio

1956 4443 1999 4478 ει
2038 4427 2090 4477 in
2123 4419 2598 4486 rel'ectorio,etiam
2629 4434 2776 4475 extra
2802 4424 2981 4473 borum
3015 4419 3336 4482 rcfcctionis,
3367 4429 3421 4470 et
3447 4419 3499 4471 in

1955 4495 2180 4559 quadam
2219 4505 2364 4563 parte
2411 4494 2626 4547 claustri
2663 4498 2801 4546 circa
2837 4493 3165 4563 capitulum,
3196 4500 3418 4553 excepto
3447 4489 3502 4563 si

1959 4568 2008 4617 in
2036 4565 2191 4618 dictis
2219 4559 2348 4618 locis
2377 4576 2643 4631 oporteret
2665 4566 2840 4631 aliqua
2867 4559 3002 4630 loqui
3031 4562 3278 4622 breviter,
3298 4569 3351 4612 et
3378 4559 3538 4626 sub-2'

1962 4637 2122 4688 missa
2153 4650 2296 4688 voce.
2335 4634 2640 4700 llujusniodi
2676 4636 2835 4686 etiam
2866 4633 3133 4684 silentium
3172 4639 3503 4700 serveturiad

292 4704 740 4776 pervenientibus,
771 4699 974 4775 'majori
1005 4699 1200 4776 priore,
1241 4699 1293 4760 et
1321 4709 1683 4776 subprioribus
1712 4710 1853 4761 urdi-
1881 4708 1930 4767 D
1955 4708 2132 4774 ignem
2176 4699 2510 4776 communem
2543 4703 2780 4776 fratrum.
2808 4720 2844 4776 Δι
2873 4702 3102 4755 Calasini
3146 4699 3504 4776 renovamin-

293 4775 374 4826 nis
403 4775 731 4837 custodibus,
776 4781 862 4844 qui
905 4779 956 4830 in
988 4775 1221 4845 partibus
1252 4780 1413 4846 ipsius
1447 4778 1595 4831 cellae
1621 4780 1848 4831 novitio-

293 4861 430 4908 rum,
459 4857 510 4898 et
539 4846 634 4908 ipsi
661 4845 800 4911 quut
833 4857 1098 4914 poterunt,
1130 4859 1184 4902 et
1217 4845 1576 4916 inprazsentta
1619 4858 1850 4901 tantum-

292 4919 450 4968 modo
476 4931 659 4969 eorum
698 4915 806 4969 alii.
847 4917 900 4968 In
931 4919 1246 4985 operatoriis
1286 4915 1410 4972 vero
1442 4921 1698 4972 universis
1725 4933 1850 4974 con-

291 4991 494 5039 tinuum
535 4995 772 5057 teneatur
811 4987 1099 5052 silentium,
1129 5004 1352 5057 excepto
1379 5005 1484 5042 uno
1513 4999 1712 5042 tantum
1744 5005 1854 5042 ma-

291 5059 456 5120 gistro
484 5054 895 5134 uniuscujusque
929 5054 1500 5134 pperptorize'domus,
1528 5063 1854 5134 el_eICepltS

290 5129 606 5192 «peratoriis
653 5141 800 5179 nova:
830 5127 1106 5188 ecclesiai'.
1155 5139 1208 5182 et
1235 5131 1547 5196 operatoriis
1595 5131 1848 5197 ipsorum.

291 5197 554 5250 'l‘eueatur
581 5199 798 5262 insuiier
826 5199 1042 5249 claustri
1073 5199 1338 5252 silentium
1374 5205 1422 5251 iu
1452 5201 1775 5260 cmucieri0,
1799 5209 1855 5253 et

289 5267 522 5320 claustro
549 5269 839 5321 C(Blllelel‘il
866 5307 882 5330 ,
925 5271 976 5320 in
1007 5269 1332 5322 sacristaniis
1362 5275 1608 5324 omnibus
1631 5312 1644 5332 ,
1689 5279 1742 5322 et
1771 5271 1849 5321 via

290 5354 409 5408 quae
437 5338 500 5388 atl
546 5338 734 5390 domos
762 5341 1062 5406 superiores
1088 5339 1252 5403 ducit,
1281 5357 1397 5407 quae
1421 5342 1568 5409 juxta
1600 5340 1851 5409 majorem

290 5409 572 5463 ecclesiam
603 5417 745 5477 sunt,
779 5421 833 5461 et
855 5410 905 5461 in
934 5409 1296 5474 adjacentibus
1323 5412 1474 5473 locis,
1506 5414 1744 5477 exceptis
1763 5427 1852 5463 su-

289 5479 542 5550 pradictis
563 5476 844 5534 abbatibus
862 5489 918 5534 et
936 5481 1220 5550 prioribus,
1250 5482 1438 5549 quibus
1463 5483 1514 5536 in
1539 5476 1770 5552 partibus
1789 5481 1850 5535 il-

1962 4771 2188 4829 iiocentii
2232 4774 2386 4839 Papa:
2437 4771 2498 4826 Ill
2540 4771 3015 4830 Coustitutionem,
3056 4785 3157 4839 qua
3205 4771 3511 4836 przccipitur

1965 4865 1984 4897 ι
2031 4845 2296 4898 silentium
2326 4843 2595 4896 observari
2625 4843 2677 4894 in
2719 4852 2942 4910 quatuor
2971 4843 3099 4893 locis
3143 4840 3498 4905 regularibus.

1960 4917 2161 4970 scilicet
2191 4916 2244 4968 iu
2273 4914 2521 4980 ecclesia,
2549 4913 2803 4968 claustro.
2843 4912 3143 4968 reiectura»,
3174 4921 3227 4980 et
3254 4910 3507 4962 dorlmltt-

1962 4989 2062 5047 rio.
2112 5005 2132 5037 ι
2165 4986 2304 5040 Idem
2353 4983 2530 5037 videre
2561 4984 2720 5047 estin
2746 4982 2901 5035 editis
2941 4995 3079 5034 anno
3113 4979 3246 5032 1556
3286 4981 3508 5031 Statutis

1960 5057 2340 5109 reformatoriis
2367 5069 2462 5122 pro
2491 5056 2812 5107 monasterio
2852 5052 2909 5104 S.
2943 5052 3181 5122 l'orciaui
3205 5089 3242 5122 ,_
3270 5058 3322 5100 et
3367 5064 3509 5122 anno

1963 5127 2098 5180 ιδιε)
2129 5141 2224 5192 pro
2250 5117 2570 5179 monasterio
2599 5123 2659 5175 S.
2683 5123 2972 5177 Columbae.
3017 5117 3337 5192 r‘tiliensium
3363 5118 3506 5192 Con-

1960 5188 2263 5249 stitutioues
2291 5210 2408 5261 cap.
2436 5195 2506 5267 4f).
2534 5192 2768 5246 addunt:
2803 5191 2865 5267 In
2897 5193 3147 5267 capitulo.
3175 5190 3408 5267 Denique
3453 5188 3509 5267 in

1959 5283 2090 5319 nova
2111 5257 2423 5320 collectione
2445 5265 2770 5320 Statutorum
2791 5257 3244 5317 Cartliiisiensium
3264 5257 3508 5310 decerni-

1959 5349 2044 5390 tur
2074 5336 2254 5407 (Parte
2281 5354 2334 5399 tt,
2362 5352 2408 5386 ε.
2444 5336 2528 5399 Η,
2553 5352 2605 5384 ιι.
2634 5335 2714 5403 9),
2742 5345 2799 5386 ut
2827 5351 2846 5384 ι
2880 5334 3152 5407 silentium
3179 5330 3387 5407 ubique,
3412 5328 3508 5383 sed

1960 5403 2186 5462 maxime
2215 5409 2265 5460 in
2289 5407 2535 5465 ecclesia,
2559 5407 2807 5473 capitulo,
2841 5404 3150 5466 relectorio,
3184 5403 3429 5453 claustro
3454 5410 3508 5449 rt,

1959 5495 2136 5532 rasura
2167 5480 2399 5533 strictius
2420 5486 2682 5532 servetur.
