3916 6226
508 430 598 481 Ζῗι

1899 418 1953 469 S.
2001 417 2055 470 ι’.
2100 414 2456 470 ΒΕΝΕιιῑεϊι

3602 406 3711 460 37?.

1859 767 1941 825 De
1988 765 2223 825 Humili
2231 773 2374 823 ta'te.

577 890 778 945 Clamat
823 892 971 949 nobis
1000 896 1175 950 divina
1225 897 1524 965 Scriptura,
1566 896 1786 961 fratres,
1833 897 2015 949 dicens
2044 912 2054 946 :
2089 901 2133 953 Α
2166 893 2393 945 tionibus
2432 892 2625 945 nostris
2655 892 2726 944 ita
2756 890 2915 945 Deum
2945 904 3163 959 semper
3193 901 3516 957 praesentem
3546 904 3736 946 osten-

507 984 686 1036 (jmnis
716 985 801 1052 qui
825 1002 875 1037 se
900 987 1086 1039 exultat
1135 986 1512 1053 humiliabitar,
1544 1000 1591 1040 et
1628 991 1711 1052 qui
1740 1004 1791 1041 se
1829 987 2063 1039 ltumiliat

506 1075 813 1129 exaltabitur
838 1077 987 1145 (Luc.
1022 1081 1151 1151 xw).
1184 1080 1312 1134 Cum
1350 1081 1462 1135 lucc
1488 1096 1615 1150 ergo
1638 1060 1788 1146 dicit,
1833 1081 2063 1134 ostendit

510 1163 661 1217 nobis
706 1181 916 1220 omnem
973 1172 1347 1225 exultationem
1391 1186 1560 1241 genus
1605 1186 1723 1225 esse
1759 1170 2019 1240 superbia:
2046 1189 2058 1201 ο

507 1258 654 1328 quod
704 1272 764 1312 se
788 1275 977 1316 cavere
1007 1262 1269 1332 Propheta
1321 1263 1766 1330 ituli_cat,.dicens
1815 1263 2059 1326 Domine.

507 1361 608 1399 non
643 1359 713 1402 est
742 1353 1017 1405 exaltatum
1063 1370 1149 1407 cor
1190 1372 1384 1419 meum,
1418 1372 1572 1425 neque
1598 1340 1719 1410 elati
1761 1366 1876 1411 sunt
1928 1359 2063 1411 oculi

507 1440 622 1503 mei,
657 1457 810 1510 neque
839 1443 1088 1498 ambulavi
1130 1447 1184 1499 iu
1214 1449 1443 1517 magnis,
1472 1465 1628 1519 neque
1654 1451 1710 1503 in
1749 1451 2060 1504 mirabilibus

507 1548 660 1599 super
697 1550 773 1585 me
806 1533 976 1605 (Psal.
1027 1537 1210 1605 ουκ).
1243 1538 1346 1592 Sed
1373 1538 1542 1607 quid?
1571 1539 1631 1595 Si
1666 1556 1764 1594 non
1807 1540 1925 1592 hum
1948 1542 2063 1593 lttr

507 1623 796 1684 sentiebam,
815 1627 904 1677 sed
920 1627 1132 1680 exaltuvi
1146 1630 1364 1681 animam
1386 1646 1566 1695 meam,
1583 1631 1713 1684 sicut
1737 1628 2017 1685 obluctatus
2035 1642 2059 1668 ει

506 1728 656 1780 super
684 1724 841 1765 matre
862 1731 954 1766 sua
976 1714 1024 1780 δ,
1053 1718 1125 1769 ita
1154 1719 1394 1773 retribues
1421 1720 1473 1772 in
1508 1722 1728 1773 animum
1755 1736 1936 1773 meam.

582 1799 752 1866 Unde,
787 1804 993 1868 fratres,
1025 1808 1066 1858 si
1094 1822 1314 1862 summa:
1344 1810 1651 1864 humilitatis
1682 1812 1925 1866 volumus
1952 1815 2063 1867 cul-

508 1909 630 1947 men
655 1896 943 1965 attingere,
975 1910 1026 1953 et
1069 1902 1133 1954 ad
1161 1903 1535 1971 exaltationem
1564 1904 1707 1957 illam
1756 1906 2025 1960 cheSIem
2044 1948 2061 1972 ,

502 1985 567 2037 ad
596 2003 749 2055 quam
782 2005 874 2056 per
903 2007 1049 2059 praes:
1072 1998 1174 2047 mis
1208 1997 1326 2049 vita:
1358 1996 1704 2051 humilitatem
1727 2000 2057 2067 ascenditur,

508 2077 749 2132 volumus
778 2083 1029 2136 velociter
1057 2089 1335 2150 pervenire
1361 2106 1372 2138 :
1402 2090 1604 2142 actibus
1636 2093 1830 2146 nostris
1873 2108 2060 2148 ascen-

508 2167 755 2223 dentibus
781 2182 827 2235 ο,
855 2172 994 2226 scala
1041 2174 1130 2227 illa
1176 2176 1422 2246 erigenda
1452 2188 1534 2233 est
1571 2195 1689 2250 quae
1719 2182 1769 2235 in
1796 2183 2003 2237 Somnio
2031 2181 2058 2219 ά

2164 983 2259 1047 dit,
2291 983 2472 1036 dicens
2498 1000 2511 1035 :
2548 984 2794 1035 Scrutaris
2824 984 2975 1035 corda
2994 991 3040 1033 et
3069 997 3211 1036 renes
3243 980 3381 1035 Deus
3408 982 3587 1050 (Psal.
3615 986 3736 1037 ml.

2167 1073 2229 1126 Et
2253 1074 2439 1126 iterum
2467 1090 2480 1125 :
2520 1072 2763 1125 Dominus
2791 1072 2923 1124 novit
2948 1071 3272 1140 cogitationes
3296 1073 3584 1137 hominum,
3605 1091 3740 1141 quo-

2164 1167 2299 1219 niam
2333 1181 2469 1218 caute
2497 1175 2612 1219 sunt
2642 1174 2667 1201 ο
2700 1164 2870 1232 (Psal.
2901 1168 3072 1233 xcut).
3107 1166 3173 1219 Et
3206 1166 3329 1220 item
3358 1166 3530 1220 dicit:
3562 1166 3737 1220 Intel-

2162 1256 2328 1309 lexisti
2354 1256 2677 1323 cegitationes
2702 1271 2835 1308 meas
2861 1272 2891 1308 a
2917 1254 3063 1322 longe
3091 1255 3271 1327 (Psal.
3307 1264 3571 1323 cum")
3594 1275 3609 1311 :
3643 1268 3701 1312 et
3721 1299 3737 1323 ,

2165 1346 2298 1412 Quia
2320 1348 2555 1416 cogitatio
2574 1346 2794 1400 hominis
2817 1347 3137 1413 conﬁtebitur
3152 1349 3240 1400 tibi
3257 1346 3427 1416 (Psal.
3480 1363 3625 1402 ιιι*
3692 1349 3734 1417 ).

2162 1436 2315 1502 Nam,
2344 1447 2402 1491 ut
2429 1422 2696 1492 sollicitud
2713 1438 2781 1491 sit
2810 1440 2948 1491 circa
2979 1440 3325 1508 cogitationes
3354 1454 3481 1493 suas
3516 1454 3737 1507 perver-

2163 1543 2277 1589 sas,
2307 1529 2447 1583 dicat
2489 1543 2699 1597 semper
2729 1529 2873 1583 utilis
2923 1527 3087 1583 frater
3115 1529 3167 1583 in
3195 1530 3358 1584 corde
3398 1545 3498 1584 suo
3534 1546 3550 1583 :
3582 1530 3735 1585 Tunc

2161 1636 2257 1676 ero
2306 1620 2679 1675 immaculatus
2719 1636 2897 1676 coram
2933 1635 3031 1685 eo,
3059 1621 3105 1677 si
3148 1622 3504 1678 observavero
3536 1640 3621 1679 me
3668 1624 3735 1681 ab

2161 1715 2441 1782 iniquitate
2470 1730 2585 1768 mea
2617 1714 2787 1783 (Psal.
2817 1714 2969 1784 xvu).

2238 1808 2389 1876 197
2423 1805 2757 1860 Voluntatem
2797 1820 2925 1859 vero
2957 1804 3247 1874 propriam,
3279 1804 3351 1860 ita
3382 1805 3562 1861 facere
3602 1822 3733 1877 pro.

2163 1898 2429 1962 hibemur,
2459 1914 2578 1952 cum
2608 1898 2733 1951 dicit
2762 1897 3037 1967 Scriptura
3066 1897 3215 1953 nobis
3242 1916 3255 1952 :
3296 1895 3363 1950 Et
3388 1915 3420 1952 a
3450 1900 3733 1952 uoluntati-

2150 1989 2250 2066 .bus
2274 1991 2373 2042 tuis
2394 2000 2611 2043 avertere
2628 1999 2655 2038 Ρ
2680 1987 2866 2058 (Eccli.
2921 1988 3093 2057 ινιιι).
3119 1990 3185 2044 Et
3203 1994 3389 2045 iterum
3415 2009 3429 2046 :
3462 1992 3732 2057 Rogamus

2163 2076 2327 2135 Deum
2357 2089 2381 2127 ιι
2408 2080 2458 2131 in
2482 2080 2755 2145 oratione,
2783 2093 2838 2132 ut
2871 2081 2961 2132 tiat
3010 2079 3150 2133 illius
3187 2080 3433 2133 voluntas
3481 2081 3537 2133 in
3580 2082 3731 2135 nobis

2164 2167 2373 2238 (Matth.
2397 2170 2492 2236 vt).
2519 2169 2782 2224 Ducentur
2801 2184 2930 2237 ergo
2952 2170 3141 2224 merito
3165 2185 3270 2224 non
3298 2172 3472 2224 facere
3495 2181 3727 2226 nostram

506 2254 671 2314 Jacob
720 2263 961 2329 apparuit
991 2264 1142 2332 (Gen.
1174 2270 1387 2336 xxviii),
1419 2285 1512 2338 per
1547 2287 1703 2337 quam
1747 2273 1794 2326 ei
1840 2274 2057 2328 descen-

2173 2260 2505 2321 voluutatem,
2543 2276 2660 2311 cum
2680 2273 2926 2312 cavemus
2955 2259 3113 2324 illud,
3147 2259 3285 2328 quod
3315 2259 3446 2314 dicit
3484 2271 3669 2315 sancta
3702 2268 3726 2297 '

508 2347 694 2405 dentes
731 2354 885 2425 196
926 2364 978 2408 et
1006 2359 1351 2413 ascendentes
1396 2362 1563 2429 angeli
1614 2363 2060 2417 monstrabantur.

505 2440 618 2495 Non
647 2444 786 2497 aliud
816 2449 931 2502 sine
953 2448 1109 2502 dubio
1132 2450 1421 2507 descensus
1452 2453 1541 2507 ille
1564 2464 1615 2508 et
1644 2469 1895 2510 ascensus
1917 2472 1946 2509 a
1970 2471 2061 2509 no-

504 2531 588 2588 bis
609 2534 946 2605 intelligitur,
977 2538 1080 2591 nisi
1104 2541 1419 2596 exultatione
1440 2543 1787 2613 descendere,
1811 2556 1865 2600 et
1892 2547 2063 2601 humi-

503 2624 650 2677 litate
671 2627 977 2683 ascendere.
998 2628 1144 2684 Scala
1164 2646 1289 2686 vero
1310 2634 1422 2702 ipsa
1440 2645 1637 2697 erecta,
1661 2648 1837 2692 nostra
1857 2650 1937 2692 est
1958 2640 2061 2693 vita

504 2716 557 2769 in
602 2718 830 2773 saeculo:
857 2736 975 2789 qua:
1020 2722 1293 2779 humiliato
1328 2728 1488 2782 corde
1523 2742 1553 2781 a
1579 2727 1802 2783 Domino
1844 2728 2064 2796 erigitur

505 2806 570 2861 ad
597 2811 809 2864 ccelum.
838 2811 1029 2867 Latera
1053 2815 1193 2869 enim
1222 2817 1458 2885 ejusdem
1489 2819 1667 2885 scalae,
1698 2819 1923 2873 dicimus
1962 2837 2061 2874 no-

504 2908 673 2951 strum
696 2914 814 2953 esse
836 2916 1028 2970 corpus
1054 2914 1108 2979 et
1128 2908 1392 2966 animam;
1426 2907 1478 2960 in
1509 2924 1611 2976 qua
1642 2908 1801 2962 latera
1834 2918 1856 2945 υ
1888 2909 2064 2963 diver-

503 2998 594 3041 sos
615 2986 808 3055 gradus
831 2988 1139 3053 humilitatis
1162 2994 1245 3053 vel
1265 2993 1557 3064 disciplina:
1572 2998 1814 3053 evocatio
1841 2994 1858 3034 ί
1886 2997 2063 3053 divina

503 3067 869 3139 ascendendus
897 3084 1139 3140 inseruit.

577 3171 781 3227 Primus
810 3174 981 3244 itaque
1012 3177 1321 3235 humilitatis
1366 3181 1560 3250 gradus
1592 3192 1710 3249 est,
1743 3183 1788 3237 si
1820 3185 2061 3237 timorem

505 3257 596 3314 Dei
631 3269 656 3307 ε
696 3261 795 3316 sibi
843 3273 967 3318 ante
995 3268 1177 3320 oculos
1211 3282 1421 3336 semper
1474 3285 1707 3338 ponens,
1739 3272 2058 3326 oblivionem

508 3352 726 3407 omnino
753 3352 917 3423 fugiat
940 3350 1005 3421 ll;
1034 3367 1088 3411 et
1122 3371 1333 3426 semper
1359 3359 1428 3413 sit
1454 3375 1657 3416 memor
1680 3363 1913 3415 omnium
1944 3378 2063 3431 quae

509 3445 760 3512 pracepit
783 3446 953 3500 Deus:
985 3454 1039 3501 et
1066 3449 1290 3516 qualiter
1316 3446 1334 3487 ί
1368 3459 1768 3505 contemnentes
1796 3451 1979 3517 Deum,
2007 3455 2058 3507 in

507 3534 800 3601 gehennam
835 3551 929 3604 pro
951 3538 1180 3605 peccatis
1202 3539 1437 3594 incidunt
1461 3542 1476 3590 t
1506 3558 1519 3605 ;
1544 3550 1597 3596 et
1622 3544 1780 3597 vitam
1807 3554 2059 3599 aternam

2163 2346 2432 2416 Scriptura
2467 2368 2480 2401 :
2506 2348 2641 2402 Sunt
2665 2350 2758 2404 viae
2777 2366 2891 2420 qua:
2918 2351 3150 2403 videntur
3184 2350 3467 2405 hominibus
3499 2358 3522 2386 '
3548 2362 3728 2414 rector;

2161 2457 2377 2507 quarum
2417 2442 2538 2509 ﬁnis
2588 2458 2747 2512 usque
2785 2442 2852 2494 ad
2884 2443 3195 2511 profundum
3246 2442 3433 2510 inferni
3481 2443 3727 2513 demergit

2160 2532 2338 2603 (Prov.
2374 2534 2508 2604 xvi).
2546 2534 2609 2588 Et
2640 2549 2758 2588 cum
2805 2534 2927 2588 item
2958 2547 3209 2587 cavemus
3245 2537 3263 2572 ⁸
3299 2534 3450 2597 illud,
3489 2534 3631 2605 quod
3658 2535 3726 2589 de

2163 2625 2544 2693 negligentibus
2573 2626 2769 2680 dictum
2798 2636 2879 2680 est
2900 2634 2926 2660 υ
2954 2643 2967 2678 :
3000 2623 3239 2695 Cori-apti
3265 2636 3413 2689 sunt,
3444 2637 3491 2679 et
3525 2626 3721 2679 abomi-

2162 2717 2354 2769 nabiles
2383 2715 2509 2783 facti
2536 2726 2652 2769 sunt
2675 2717 2728 2768 in
2757 2715 3095 2768 voluntatibus
3122 2724 3151 2751 ν
3189 2715 3292 2768 suis
3316 2714 3634 2784 (PsalJut).
3668 2715 3725 2768 In

2163 2808 2441 2863 desideriis
2463 2822 2590 2862 vero
2613 2807 2787 2862 carnis
2813 2808 2882 2862 ita
2912 2808 3063 2861 nobis
3089 2808 3249 2860 Deum
3286 2806 3563 2861 credamus
3584 2818 3721 2861 sem-

2164 2917 2257 2972 per
2276 2915 2394 2955 esse
2410 2911 2747 2969 prmsentem,
2762 2916 2880 2954 cum
2898 2899 3023 2953 dicit
3037 2896 3296 2968 Propheta
3316 2899 3538 2953 Domino
3559 2918 3572 2951 :
3597 2902 3725 2952 Ante

2163 3003 2209 3046 te
2239 3004 2311 3046 est
2340 3008 2484 3045 omne
2513 2992 2819 3045 desiderium
2857 3006 3022 3043 meum
3053 2988 3228 3057 (Psal.
3260 2990 3488 3058 xsxvn).
3518 2989 3719 3044 Caven-

2163 3082 2287 3137 dum
2313 3098 2439 3152 ergo
2482 3083 2600 3137 ideo
2628 3082 2826 3135 malum
2853 3080 3195 3145 desiderium,
3241 3081 3362 3150 quia
3395 3096 3537 3135 mors
3568 3095 3720 3134 εεςιις

2165 3176 2435 3231 introitum
2481 3174 2846 3229 delectationis
2890 3172 3063 3242 posita
3110 3181 3211 3228 est.
3264 3173 3415 3228 Unde
3451 3171 3719 3239 Scriptura

2165 3267 2436 3337 praecipit,
2465 3267 2646 3321 dicens
2680 3284 2690 3317 :
2728 3265 2850 3318 Post
2897 3264 3325 3332 concupiscentias
3364 3276 3474 3317 tuas
3514 3280 3613 3315 non
3639 3279 3721 3314 cas

2165 3357 2353 3429 (Eccli.
2375 3359 2548 3425 xvm).
2580 3357 2715 3426 Ergo
2739 3356 2784 3411 si
2802 3356 2936 3410 oculi
2964 3354 3173 3409 Domini
3197 3355 3536 3421 speculantur
3552 3353 3720 3406 bonos

2164 3460 2218 3506 et
2244 3450 2441 3513 malus,
2467 3459 2519 3502 et
2553 3448 2803 3501 Dominus
2827 3450 2893 3501 de
2923 3447 3058 3501 etnlo
3079 3461 3291 3513 semper
3319 3444 3533 3513 respicit
3562 3458 3723 3512 super

2167 3539 2302 3593 filios
2332 3541 2599 3592 hominum
2626 3536 2794 3605 (Psal.
2905 3537 3057 3606 xm),
3086 3552 3139 3590 ut
3171 3538 3350 3590 videat
3380 3536 3424 3589 si
3452 3545 3534 3588 est
3560 3535 3717 3588 intel-

506 3614 623 3691 quz
651 3625 956 3680 timentibus
978 3627 1140 3682 Deum
1166 3640 1454 3698 praeparata
1478 3643 1577 3694 est,
1604 3635 1780 3687 animo
1799 3648 1896 3688 suo
1922 3650 2061 3688 sem-
2088 3634 2133 3695 C
2167 3632 2361 3701 ligens,
2390 3640 2482 3685 aut
2514 3616 2797 3699 requ;rens
2818 3630 2982 3684 Deum
3009 3647 3022 3682 :
3053 3638 3107 3684 et
3148 3629 3194 3682 si
3223 3628 3291 3682 ab
3329 3628 3527 3695 angelis
3571 3626 3718 3681 nobis

507 3730 604 3784 per
629 3718 840 3771 evolvat
862 3715 910 3773 ι.
933 3720 998 3773 Εῑ
1026 3722 1330 3776 cusmdiens
1352 3736 1411 3775 se
1433 3723 1575 3777 omni
1610 3726 1736 3777 hora
1764 3739 1793 3777 a
1825 3723 2059 3793 peccatis

502 3815 560 3862 et
588 3808 760 3873 vitiis,
804 3809 853 3862 id
896 3820 980 3864 est
1006 3812 1417 3879 cogitationum,
1447 3813 1671 3882 lingua},
1702 3813 1976 3867 oculorum
2016 3811 2057 3876 ι,

505 3912 776 3965 manuum,
810 3901 1023 3968 pedum,
1056 3902 1135 3955 vel
1164 3903 1450 3958 voluntatis
1480 3906 1706 3974 propriae
1733 3921 1746 3957 :
1775 3906 1866 3959 sed
1891 3918 1943 3959 et
1968 3906 2057 3960 de-

504 3991 696 4046 sideria
728 3994 902 4046 carnis
934 4002 1204 4062 amputare
1231 3993 1441 4049 festinet
1472 4002 1532 4046 ω.
1750 4000 1761 4009 “

578 4082 827 4139 Aisdmet
854 4098 911 4138 se
944 4084 1101 4138 homo
1129 4084 1195 4139 de
1238 4084 1389 4141 etelis
1424 4100 1636 4155 semper
1659 4100 1686 4137 a
1721 4085 1829 4140 Deo
1865 4084 2057 4149 reSpiei

503 4174 648 4227 omni
681 4174 830 4240 hora,
868 4184 920 4229 et
970 4175 1100 4229 facta
1134 4190 1229 4229 sua
1281 4178 1331 4229 iu
1362 4177 1504 4230 otnni
1547 4177 1663 4229 loco
1688 4184 1714 4210 ιι
1745 4177 1813 4229 ab
1842 4187 2055 4243 aSpectu

506 4267 804 4322 Divinitatis
848 4267 1051 4333 videri,
1085 4280 1137 4323 et
1174 4270 1239 4323 ab
1268 4271 1468 4339 angelis
1498 4269 1640 4324 omni
1689 4269 1814 4323 hora
1863 4283 2058 4323 renun-

501 4361 637 4415 tiari.
677 4358 1011 4415 Demonstrat
1032 4363 1179 4416 nobis
1206 4363 1305 4417 hoc
1325 4361 1608 4434 PrOpheta,
1632 4378 1752 4417 cum
1780 4363 1832 4416 in
1858 4362 2056 4431 cogita-

572 4500 599 4529 "
639 4495 744 4555 AL,
769 4493 1091 4548 ablactatum.

568 4560 597 4599 δ
638 4565 742 4625 AL,
776 4576 982 4617 matrem
1011 4581 1174 4619 suam.

576 4643 599 4701 ἐ
643 4635 800 4687 Deest
826 4637 959 4701 apud
990 4635 1129 4689 Hild.
1153 4635 1556 4689 ascendentibus.

572 4699 597 4738 ι¹
638 4706 747 4771 AL,
778 4699 971 4757 somno.

571 4782 603 4847 ἐκ
636 4774 747 4847 ΑΙ..Δ
772 4774 825 4847 in
845 4791 957 4847 qua?
993 4776 1170 4847 latera.
1205 4775 1312 4836 AL,
1361 4778 1489 4830 inter
1516 4793 1632 4847 qua:
1656 4777 1837 4832 latera.
1868 4778 1982 4841 AL,
2004 4778 2055 4830 in

497 4846 699 4911 quibus.
724 4844 831 4905 AL,
853 4845 906 4895 in
930 4846 1103 4912 quibus
1132 4847 1384 4898 lateribus.

575 4912 593 4951 ί
627 4915 699 4966 Ita
724 4928 905 4967 omnes
933 4930 1094 4976 ηιςςά
1124 4919 1212 4966 sed
1245 4915 1379 4968 llild.
1404 4931 1522 4969 cum
1545 4916 1717 4981 editis,
1748 4919 1958 4971 vacatio.

575 4994 598 5051 ε
629 4984 785 5037 Deest
809 4986 944 5051 apud
976 4985 1113 5038 Hild.
1139 4994 1191 5038 et
1215 4984 1264 5036 in
1293 5001 1396 5037 uno
1424 5003 1545 5047 ηις..
1590 4987 1701 5038 Dei.

569 5050 599 5127 li
625 5054 783 5108 Hild..
804 5050 1097 5110 oblivionem
1114 5066 1472 5121 prteceptorum
1498 5056 1590 5109 Dei
1613 5059 1814 5112 omnino
1831 5059 2047 5127 fugiens.

498 5126 703 5191 Afﬂig.,
729 5127 997 5177 elationem
1024 5129 1227 5179 omnino
1255 5127 1413 5195 fugiat
1444 5131 1735 5181 monac/tus.

577 5195 593 5233 ί
626 5198 819 5258 Uxun.,
849 5195 1136 5264 Cuncord.,
1170 5195 1334 5259 Flor.,
1367 5208 1420 5248 ut
1448 5198 1681 5265 qualiter.

583 5271 601 5323 l
628 5270 822 5330 tlxou.,
849 5265 1127 5337 gehennam
1167 5268 1227 5318 de
1255 5268 1469 5334 peccatis
1500 5270 1753 5322 incedunt.
1795 5269 1960 5334 FIOr.,
2000 5272 2051 5323 in

499 5340 729 5409 gehenna
762 5342 822 5388 de
855 5338 1069 5409 peccatis
1096 5338 1341 5409 incidunt.
1371 5338 1602 5403 Cassin.,
1634 5338 1820 5399 (Σοιιιξ.ν
1857 5342 2048 5409 Regula

497 5408 734 5477 Magistri
775 5424 896 5471 ms.,
921 5407 1145 5475 geltenna
1174 5408 1235 5459 de
1261 5410 1474 5471 peccatis
1503 5409 1768 5472 incendat;
1795 5407 1954 5477 quam
1979 5413 2051 5463 le-

496 5481 730 5530 ctionem
760 5478 972 5537 prmiert
995 5478 1289 5529 Menardus.
1329 5478 1585 5532 b'oherius
1625 5490 1796 5531 tamen
1827 5484 1893 5533 ita
1920 5481 2050 5533 scri-

496 5546 612 5601 bit:
650 5564 669 5596 ι
708 5548 1027 5615 Sumragdus
1069 5558 1119 5599 et
1170 5547 1328 5599 Italici
1385 5548 1580 5601 habent
1610 5569 1622 5602 :
1657 5548 1946 5601 Gehennam
1990 5554 2051 5603 de

535 5618 717 5670 eccatis
739 5618 1029 5670 inCentlunt.
1066 5617 1235 5669 Prima
1265 5618 1436 5670 littera
1467 5619 1633 5686 magis
1660 5620 1830 5679 plana,
1860 5621 2046 5673 minori

519 5688 690 5755 ndiget
723 5690 916 5755 glossa.
948 5707 966 5739 ι
1003 5685 1099 5739 Nih
1129 5687 1354 5739 lotninus
1381 5685 1704 5741 Italica’nihil
1736 5689 1890 5743 habet
1912 5691 2050 5743 (Μῆ-

495 5758 730 5829 e_ultatis,
757 5770 851 5829 nec
871 5758 984 5810 sine
1010 5757 1350 5829 fundamento
1375 5762 1634 5829 vulgatam
1666 5760 1941 5815 lectionem
1965 5776 2045 5815 re-

498 5821 937 5940 j‘icitagenardus,
971 5835 1217 5892 tauquam
1240 5828 1307 5881 ab
1336 5821 1580 5899 imperito
1601 5843 1900 5888 correctore
1925 5846 2047 5900 pru-

521 5904 596 5943 εει
693 5924 709 5940 .

568 5906 709 5940 nam.

2166 3710 2431 3791 deputatis
2460 3720 2695 3789 quotidie
2736 3720 2824 3775 die
2853 3729 3116 3785 noctuque
3148 3719 3371 3772 Domino
3413 3718 3593 3772 facturi
3623 3733 3717 3769 no-

2164 3820 2277 3865 stro
2308 3820 2333 3847 ι
2364 3826 2524 3881 opera
2572 3820 2754 3865 nostra
2804 3810 3138 3873 nuntiantur,
3164 3809 3455 3863 cavendum
3492 3818 3571 3861 est
3596 3823 3717 3876 ergo»

2164 3904 2309 3958 Omni
2333 3906 2479 3967 hora,
2506 3900 2724 3967 fratres,
2747 3902 2882 3955 sicut
2901 3902 3031 3956 dicit
3056 3902 3106 3955 in
3130 3901 3334 3970 psalmo
3353 3900 3628 3969 Propheta,
3656 3916 3715 3951 ne

2167 4011 2263 4050 nos
2282 3995 2610 4050 declinantes
2637 3994 2690 4049 in
2719 3996 2857 4048 malo
2884 4004 2936 4049 et
2957 3994 3170 4048 inutiles
3200 3992 3367 4046 factos
3393 3992 3563 4062 (Psal.
3594 3992 3710 4053 ut),

2166 4087 2339 4155 aliqua
2372 4088 2497 4140 hora
2528 4087 2748 4153 anllClal
2778 4088 2944 4151 Deus,
2987 4094 3043 4141 et
3072 4086 3335 4154 parcendo
3362 4083 3515 4138 nobis
3545 4085 3593 4136 in
3623 4083 3712 4135 hoc

2168 4189 2426 4246 tempore,
2450 4178 2574 4248 quia
2597 4179 2715 4248 pius
2762 4188 2863 4241 est,
2908 4186 2964 4231 et
3012 4184 3286 4245 exspectat
3304 4185 3333 4223 θ’
3361 4190 3459 4229 nos
3486 4174 3711 4228 Cull‘erll

2162 4271 2213 4323 in
2246 4272 2453 4334 melius,
2484 4286 2549 4325 ne
2569 4271 2711 4325 dicat
2737 4271 2887 4327 nobis
2907 4269 2961 4324 in
2992 4269 3168 4324 futuro
3198 4286 3211 4321 :
3245 4266 3373 4322 Hice
3396 4269 3557 4337 fecisti
3587 4276 3605 4301 ι
3626 4307 3641 4331 ,
3669 4277 3710 4319 et

2162 4361 2299 4415 tacui
2322 4361 2491 4431 (Psal.
2522 4365 2687 4431 sus).

2239 4492 2263 4530 ιι
2295 4495 2656 4559 Recentiores,
2690 4497 2925 4549 revolvat.

2241 4562 2257 4601 ι
2291 4567 2448 4620 Deest
2475 4567 2735 4618 oculorum
2766 4568 2814 4619 in
2844 4566 3032 4630 Conc.,
3052 4567 3195 4620 Flor.
3220 4576 3276 4619 et
3305 4581 3435 4621 mss.
3464 4568 3664 4621 Cassio.

2234 4643 2273 4708 ξπ
2297 4638 2574 4708 Menardus
2600 4638 2710 4689 inec
2733 4644 2886 4690 verba
2906 4649 3169 4706 amputare
3184 4638 3383 4699 festinet
3404 4638 3706 4708 amputanda

2164 4706 2463 4759 existimat:
2495 4717 2706 4760 exstant
2734 4720 2904 4760 tatur-tt
2937 4708 2986 4759 in
3016 4708 3135 4760 cod.
3160 4712 3332 4761 Uxon.

2234 4783 2263 4813 ³
2290 4776 2401 4841 AL,
2425 4778 2562 4828 Omni
2580 4777 2723 4840 loco,
2751 4778 3044 4841 οιιιίδδογὶη.

2236 4854 2260 4882 °
2288 4847 2408 4899 [huc
2439 4849 2618 4907 verba,
2642 4850 2881 4915 quoniam
2911 4864 3051 4899 tanta
3076 4852 3221 4915 sttit,
3238 4848 3433 4907 desunt
3454 4852 3505 4903 in
3527 4848 3704 4912 0mm,

2161 4915 2387 4975 Cassin.,
2408 4918 2595 4978 Coum,
2630 4920 2790 4975 lliid.,
2823 4918 2945 4988 Lyr.
2970 4917 3263 4986 Compend.
3284 4918 3478 4975 eiuli’is
3503 4936 3519 4979 ;
3551 4934 3609 4973 ea
3629 4932 3704 4972 ta-

2084 4976 2133 5035 D
2163 5002 2281 5039 men
2305 4989 2521 5053 eminuit
2546 4976 2898 5042 llildemarus.

2232 5068 2257 5105 ι’
2284 5061 2477 5121 0mm,
2506 5068 2686 5112 (inerte.

2231 5136 2257 5175 (ι
2282 5127 2439 5181 Deest
2474 5127 2634 5182 Deum
2661 5132 2711 5181 in
2736 5129 2899 5181 Cone.
2935 5140 2987 5183 et
3021 5130 3158 5183 Flor.

2233 5207 2252 5233 τ
2284 5198 2438 5251 Deest
2462 5212 2637 5251 sancta
2669 5200 2719 5251 in
2745 5200 2921 5261 (2355.,
2947 5202 3105 5253 Conc.
3139 5211 3191 5251 et
3219 5199 3363 5252 Flor.

2232 5277 2253 5304 ⁶
2279 5270 2386 5329 ΑΙ..
2438 5270 2667 5322 ridentur
2692 5269 2753 5320 ab
2781 5270 3082 5321 hominibus.
3119 5270 3277 5330 llild.,
3317 5269 3530 5329 Saltim,
3572 5271 3706 5322 (Zon-

2158 5338 2364 5401 i-hcns.,
2390 5341 2535 5407 Lyr.,
2566 5348 2808 5406 putantur
2827 5341 2891 5392 ab
2921 5340 3221 5393 hominibus.
3254 5346 3453 5404 υλυιι.ν
3481 5352 3708 5405 putantur

2157 5407 2459 5462 hominibus.

2232 5480 2247 5513 ⁸
2279 5480 2453 5542 Cass,
2480 5494 2736 5547 ponemus.
2772 5479 2933 5546 Flor.,
2968 5494 3255 5548 pareamus.

2224 5557 2249 5584 ¹³
2283 5549 2478 5609 Oxon.,
2510 5549 2755 5615 scriptum
2775 5562 2868 5603 est.

2224 5628 2250 5657 ν
2280 5620 2522 5688 Quinque
2562 5633 2689 5672 mss.
2732 5636 2849 5673 cuiu
2895 5619 3206 5689 quibusdam
3251 5620 3443 5684 editis,
3468 5620 3706 5689 volupta-

2152 5691 2300 5743 tibus.

2225 5770 2251 5797 ι
2277 5761 2450 5821 (1358.,
2482 5761 2730 5829 facti-rum
2759 5771 3064 5815 nostrorum.

2225 5838 2253 5877 γ
2283 5830 2481 5891 Stnar.,
2512 5843 2828 5898 exspectans.
2864 5833 2986 5899 Lyr.
3029 5844 3079 5889 et
3115 5830 3703 5899 l‘lbt'ulwexspectando,

2234 5908 2253 5935 ‘
2281 5902 2602 5970 (lattt‘licns.,
2640 5902 2742 5956 ita't'
2770 5903 2974 5972 fecistis.

3448 6170 3449 6173 η
3480 6130 3727 6181 ,κλείῶ
3748 6168 3775 6179 -
