3916 6226
49 379 168 432 535

1100 379 1367 433 REGCLA
1401 377 1879 432 COMMENTATA.
1918 377 2069 432 CAP.
2117 377 2226 431 VII.

3159 376 3260 428 580

49 492 320 557 accipere
345 504 639 560 possumus.
662 489 725 561 _l'
754 487 929 560 Usque
951 489 1014 543 ad
1045 472 1295 552 mortem,
1321 489 1370 542 id
1388 499 1472 561 est
1487 496 1616 561 _tnto
1645 492 1694 553 Α
1717 501 1858 561 saepe
1904 487 2228 561 distrahendi
2280 489 2358 546 vel
2387 488 2608 561 emendi
2657 488 2822 560 gratia
2881 489 2955 561 ad
3001 487 3262 543 nundinas

49 566 191 617 vitae
221 557 460 626 tempore
479 603 494 624 ,
534 576 638 629 quo
662 557 820 615 sensu
846 557 900 615 S.
930 561 1225 615 Bernarilus
1249 564 1320 614 ait
1347 560 1444 629 (De
1472 557 1616 614 Prte-

50 643 220 700 :epto
251 641 298 684 el
334 631 497 700 Disp.,
528 648 641 698 cap.
672 633 726 698 6)
759 648 770 683 :
809 648 833 694 ι,
865 631 955 684 Est
983 646 1108 684 sane
1132 632 1338 698 quidam
1367 629 1619 683 obedien-

50 705 152 755 Liue
197 703 356 756 limes
381 703 665 756 secundum
696 711 922 770 tempus,
955 701 1064 769 ipsa
1091 702 1342 764 temporis
1376 701 1622 754 extremi-

49 784 146 825 tas
167 811 183 834 ,
218 783 280 825 ut
307 773 352 824 is
379 774 447 824 sit
476 773 731 832 terminus
755 771 1063 825 obedientim
1092 773 1178 837 qui
1204 783 1252 826 et
1284 771 1400 824 vita:
1433 785 1448 823 :
1481 772 1619 823 hunc

50 841 232 895 rnobis
261 844 484 895 maxime
523 841 774 909 unigeniti
809 841 895 894 Dei
921 842 1253 896 commendat
1281 840 1576 907 exemplum
1598 877 1616 903 ,

49 912 154 1018 gini
208 911 381 966 factus
422 920 504 966 est
547 910 685 964 Patri
729 911 980 965 obedieus
1006 925 1171 977 usque
1215 911 1277 965 ad
1310 920 1567 989 niortem._
1594 925 1614 960 ι

93 983 119 1001 ⁸
173 983 357 1018 Ilennn
383 981 443 1018 ad
490 991 709 1018 mnu-tom
775 989 824 1018 nl
873 982 914 1018 ei
960 995 1174 1018 nnnnccn
1197 983 1259 1018 eis
1308 981 1614 1018 nhmlmnlml

49 980 119 1033 Ξ⁹
173 983 357 1046 Usque
380 981 444 1034 ad
490 991 733 1044 mortem,
775 989 830 1034 ut
873 982 915 1034 si
959 995 1174 1034 necesse
1196 983 1264 1033 sit
1308 980 1622 1033 obedientize

49 1065 233 1106 causa
269 1051 434 1118 ipsam
465 1061 686 1104 mortem
716 1049 922 1114 subire,
971 1067 1072 1121 non
1113 1051 1353 1121 refugiat.
1395 1049 1622 1121 Uterque

50 1135 266 1174 sensus
305 1121 530 1188 optimus
572 1131 684 1184 est,
713 1129 770 1174 et
799 1119 1110 1174 monachum
1143 1119 1398 1190 imprimis
1427 1119 1620 1190 decet;

49 1191 160 1243 sed
219 1192 305 1243 liic
351 1191 476 1244 solis
519 1189 601 1243 liis
639 1190 890 1256 competit
929 1191 1016 1257 qui
1064 1190 1189 1242 nihil
1221 1188 1326 1244 'sibi
1357 1205 1386 1243 a
1413 1188 1622 1257 Christo

49 1263 293 1313 uliaraus
330 1260 520 1324 aliquid
552 1259 881 1320 existimant,
912 1256 964 1312 et
1005 1275 1100 1326 pro
1126 1259 1240 1327 ejus
1268 1256 1622 1327 amoreiomni

49 1329 383 1383 obedientia
419 1344 480 1382 se
505 1330 737 1383 subdunt
761 1329 978 1395 majori;
1010 1333 1058 1381 in
1089 1326 1255 1383 arnore
1283 1330 1412 1384 enim
1440 1326 1624 1381 Christi

49 1415 159 1452 nec
194 1401 375 1452 modus
407 1400 609 1466 ponitur
635 1415 724 1452 nec
745 1415 1001 1464 mensura,
1035 1409 1089 1453 ut
1118 1399 1344 1466 loquitur
1369 1397 1626 1453 Bolierius

49 1470 114 1523 in
185 1469 362 1534 primo
407 1482 600 1522 comm.
652 1468 817 1522 Porro
869 1469 989 1522 huic
1055 1469 1365 1524 humilitatis
1410 1467 1627 1536 gradui,

49 1539 342 1661 όξρίἶηὲηι
390 1538 681 1608 superbiae,
735 1538 1078 1595 rebellionem
1128 1540 1350 1609 opponit
1392 1539 1452 1595 S.
1503 1536 1629 1596 Ber-

49 1625 90 1661 n
143 1625 250 1661 rtu
292 1645 308 1661 .
1375 1637 1378 1640 ~

49 1623 308 1664 narttus.
1375 1637 1378 1640 ~

457 1719 532 1774 De
558 1731 734 1788 quarto
762 1722 1057 1776 humilitatis
1082 1724 1259 1792 gradu.

143 1809 376 1884 Quartus
413 1812 710 1884 humilitatis
745 1814 931 1884 gradus
963 1824 1064 1877 est,
1104 1814 1148 1868 si
1176 1814 1228 1865 in
1267 1813 1378 1884 ipsa
1405 1813 1628 1884 obedien-

50 1883 142 1935 tia
169 1881 327 1951 duris
351 1891 397 1935 et
425 1883 688 1935 contrariis
710 1881 856 1936 rebus
875 1922 891 1947 ,
913 1886 988 1937 vel
1011 1885 1159 1936 etiam
1187 1881 1481 1951 quibuslibet
1506 1885 1628 1938 irro-

93 1950 205 2004 atis
227 1951 433 2020 injuriis
448 1954 598 2026 tacita
615 1954 916 2026 conscientia
937 1950 1231 2026 patiemiaiit
1245 1953 1626 2026 amplectatur.]

69 2021 397 2088 Supremam
443 2021 754 2076 obedientize
797 2024 1168 2091 perfectionem
1221 2021 1408 2077 hocin
1437 2021 1628 2091 quarto

50 2091 393 2144 humilitatis
413 2092 576 2159 gradu
597 2091 654 2146 S.
682 2092 988 2146 Benedicms
1003 2095 1292 2148 constituit.
1319 2093 1372 2146 ln
1393 2095 1633 2148 secundo

50 2160 295 2283 avlide!"
344 2163 568 2230 propria:
613 2162 893 2216 voluntatis
940 2165 1116 2216 odium
1143 2165 1363 2232 jubens,
1406 2162 1469 2216 ad
1499 2163 1627 2217 obe-

104 2231 336 2282 ientiam
382 2234 696 2283 monachum
739 2232 1094 2283 disnosuerat;
1133 2235 1186 2283 in
1217 2233 1369 2283 tertio
1398 2235 1538 2283 omni
1570 2247 1627 2283 se

104 2231 336 2300 ientiam
382 2234 696 2284 monachum
739 2232 1094 2300 disposuerat;
1133 2235 1186 2286 in
1217 2231 1369 2290 tertio
1398 2235 1538 2285 omni
1570 2247 1629 2289 se

51 2299 272 2366 majori
317 2300 541 2353 subdere
563 2301 789 2366 docens,
818 2299 1148 2357 obedientem
1188 2302 1512 2367 reddiderat;
1545 2303 1630 2358 hic

53 2369 387 2448 vero-dura
405 2408 420 2431 ,
453 2371 714 2448 contraria
731 2411 744 2432 ,
788 2372 1152 2448 irrogaiasque
1173 2372 1390 2448 injurias
1416 2374 1479 2448 _in
1505 2372 1630 2426 obe-

55 2439 285 2508 dientia
309 2452 459 2506 :equo
480 2440 656 2492 animo
684 2439 923 2506 amplecti
947 2439 1273 2508 prreeipiens,
1297 2442 1626 2497 obedientem

55 2506 227 2580 omni
253 2521 318 2562 ex
354 2509 746 2580 partciperlicit.
774 2511 936 2564 Porro
960 2513 1194 2579 quamvis
1221 2506 1350 2565 dura
1371 2555 1386 2580 ,
1417 2524 1628 2566 contra-

61 2579 154 2634 ria
179 2618 196 2643 ,
235 2580 478 2646 irrogata:
505 2578 742 2644 injuriae,
772 2581 836 2632 ad
879 2578 1014 2634 idem
1060 2578 1452 2648 significandum
1506 2598 1627 2650 pro-

63 2654 292 2702 miscue
322 2659 1052 2720 nonnunquam_usurpentur,
1083 2652 1168 2704 hic
1212 2660 1386 2704 tamen
1435 2652 1630 2720 aliquid

63 2721 226 2774 inter
254 2728 532 2783 utrumque
560 2717 874 2790 discriminis
903 2717 1171 2788 proferunt
1194 2721 1391 2787 antiqui
1418 2717 1634 2790 Regula:

59 2787 916 2860 commentatores._llildeinaro,
947 2805 965 2836 ι
1010 2790 1140 2860 dura
1165 2790 1398 2860 Stllll‘lﬂa
1424 2787 1540 2857 quae
1565 2792 1633 2845 ad

65 2857 364 2912 materiam
389 2858 462 2911 rei
484 2856 706 2928 attinent
725 2898 738 2916 ,
760 2856 903 2910 verbi
925 2858 1089 2924 gratia
1111 2899 1125 2922 ,
1153 2857 1304 2912 sicuti
1326 2869 1406 2913 est
1433 2856 1632 2928 petram

67 2930 296 2990 levare,
342 2936 430 2978 aut
476 2927 664 2996 aliquid
702 2928 967 2981 immensa:
1005 2928 1373 2995 magnitudinis
1418 2942 1629 2996 portare

63 2997 166 3050 vel
199 3010 379 3064 agere.
428 3015 446 3046 ι
491 2995 630 3051 Idem
676 2997 866 3050 docent
907 2996 1198 3051 Bernardus
1226 2995 1553 3052 Cassinensis
1579 3009 1634 3052 et

69 3065 802 3136 Bolterius._Turrecremata
830 3081 955 3119 vero
981 3069 1106 3119 dura
1137 3067 1372 3136 intelligit
1401 3081 1635 3136 resgra—

65 3150 186 3205 ves,
212 3146 265 3186 et
291 3133 538 3205 diiiiciles
563 3137 627 3189 ad
653 3136 1036 3205 exsequendum
1072 3154 1083 3187 :
1116 3136 1192 3190 sic
1219 3133 1463 3190 nimirum
1493 3133 1636 3204 leges

1717 559 2030 613 deatinatur.
2071 579 2088 611 ι
2135 560 2269 614 Hinc
2313 560 2475 614 abbas
2519 558 2800 614 Zacharias
2843 558 3128 628 projeetain
3165 560 3263 611 sub

1719 627 1937 697 pedibus
1975 629 2232 684 cucullum
2263 633 2575 685 conculcans
2594 630 2806 685 dicebat
2844 627 2857 681 ὲ
2903 629 3010 683 Nisi
3039 631 3105 682 ita
3136 643 3264 682 con-
3356 643 3363 647 ·

1719 698 1951 753 calcatus
1999 700 2159 754 fuerit
2203 699 2380 763 homo,
2428 715 2528 755 non
2575 709 2745 766 potest
2788 712 2906 753 esse
2953 702 3260 753 monachus.

1719 767 1852 822 Hinc
1879 767 1937 824 S.
1970 770 2083 837 ipse
2113 770 2425 825 Benedictus
2447 770 2741 824 venientum
2769 770 2832 822 ad
2862 771 3261 824 conversionem

1721 837 1927 908 injuriis
1966 841 2142 908 appeti
2182 841 2380 902 voluit,
2422 855 2518 894 nec
2548 851 2668 894 ante
2707 839 2905 893 admitti
2955 842 3008 893 in
3037 841 3266 894 claustro

1722 909 2032 978 monasterii
2079 923 2235 977 quam
2286 911 2542 978 irrogatas
2595 911 2693 963 sibi
2744 909 2960 976 injurias
3008 918 3266 976 patienter

1721 977 1941 1033 sufferre
1982 981 2125 1032 visus
2155 979 2338 1040 fuerit;
2370 977 2600 1034 admisso
2627 981 2805 1033 omnia
2828 981 2956 1032 dura
2996 992 3047 1032 et
3071 993 3259 1045 aspera

1724 1048 1994 1116 pradicari
2015 1089 2030 1110 ,
2062 1063 2286 1114 eumque
2312 1050 2364 1103 in
2389 1053 2532 1103 omni
2563 1050 2810 1118 patientia
2838 1050 3065 1118 probari.
3096 1049 3139 1102 Α
3165 1062 3267 1117 qua

1723 1117 1837 1187 lege
1878 1133 1976 1173 nec
2019 1120 2159 1186 ipsos
2201 1130 2425 1188 aegrotos
2471 1117 2573 1173 aut
2607 1117 2946 1173 moribundos
2986 1118 3267 1188 aliquando

1721 1188 2028 1251 solvebam;
2058 1189 2206 1255 cujus
2237 1187 2310 1242 rei
2341 1189 2544 1257 insigne
2582 1189 2836 1244 habemus
2875 1190 3170 1254 exemplum
3213 1187 3264 1238 in

1727 1257 1842 1310 Vita
1873 1258 1930 1313 S.
1966 1258 2213 1312 Bernardi
2255 1257 2393 1328 (Lib.
2435 1273 2537 1322 νιι,
2568 1275 2679 1326 cap.
2709 1258 2824 1322 26),
2855 1261 2940 1328 qui
2965 1261 3187 1328 positum
3216 1258 3268 1310 in

1725 1328 1977 1381 extremis
1997 1327 2274 1396 quemdam
2299 1329 2511 1382 fratrem
2538 1342 2846 1380 conversum
2875 1327 3270 1381 Clarevallensis

1698 1453 1700 1455 ,
1727 1399 2060 1462 monasterii,
2096 1399 2261 1452 virum
2291 1402 2438 1452 mira:
2466 1398 2815 1466 simplicitatis
2843 1407 2894 1450 et
2927 1396 3264 1466 innocentiae,

1696 1467 1795 1522 'de
1835 1469 2072 1534 proxime
2118 1469 2216 1521 sibi
2261 1465 2592 1521 retribuenda
2633 1467 2794 1534 gloria
2822 1481 2998 1520 coram
3027 1465 3269 1519 omnibus

1728 1536 2085 1604 prmﬁdenteiu
2104 1576 2119 1601 ,
2147 1540 2214 1592 iti
2243 1537 2466 1592 adorsus
2489 1539 2674 1604 legitur
2705 1555 2715 1587 :
2746 1555 2764 1587 ι
2795 1536 2953 1604 Signa
2980 1551 3071 1590 cor
3100 1545 3264 1604 tuum,

1728 1603 1907 1669 frater,
1940 1607 2086 1676 signa
2125 1623 2216 1661 cor
2241 1617 2384 1660 tuum
2432 1624 2446 1661 :
2490 1603 2609 1676 quid
2647 1614 2729 1661 est
2771 1603 2905 1674 quod
2935 1606 3138 1658 locutus
3172 1603 3270 1657 es?

1730 1676 1867 1731 unde
1903 1677 1995 1731 tibi
2027 1677 2311 1744 subrepere
2346 1679 2513 1744 potuit
2542 1686 2696 1730 tantis
2722 1677 3142 1743 praesumptionis
3178 1689 3272 1726 au-

1731 1747 1910 1800 dacia?
1935 1746 2213 1800 Enimvero
2242 1758 2366 1801 tune
2411 1747 2493 1801 ille
2519 1747 2863 1815 pauperculus
2887 1758 2938 1799 et
2963 1745 3275 1798 miserabilis

1733 1817 1889 1872 homo
1908 1817 1992 1883 qui
2014 1831 2130 1870 cum
2154 1817 2280 1869 nihil
2301 1827 2387 1870 aut
2408 1831 2568 1885 prOpe
2589 1816 2716 1870 nihil
2743 1817 2963 1869 haberes
2986 1819 3034 1868 in
3059 1815 3291 1877 sarculo,

1731 1889 2041 1941 necessitate
2072 1885 2288 1956 forsitan
2316 1889 2483 1956 magis
2512 1901 2667 1956 quam
2695 1889 2882 1939 timore
2910 1885 3000 1956 Dei
3026 1894 3270 1956 cogente,

1728 1959 1795 2012 ad
1841 1969 1937 2010 nos
1983 1955 2282 2024 confugisti,
2335 1955 2789 2023 iiiultis’prei-ibns
2830 1955 3036 2007 tandem
3077 1955 3271 2007 aditum

1729 2026 2094 2095 impetrando?
2119 2026 2224 2079 Nos
2251 2039 2375 2080 vero
2402 2039 2556 2078 causa
2588 2025 2680 2079 Dei
2709 2025 3011 2094 collegimus
3037 2025 3270 2095 inopem,

1727 2105 1782 2150 et
1813 2094 2005 2164 parem
2051 2106 2101 2149 te
2138 2095 2354 2148 fecimus
2397 2097 2446 2147 in
2499 2095 2666 2158 victu,
2707 2105 2756 2147 et
2806 2097 3022 2154 vestitu,
3071 2094 3274 2164 caeteris

1727 2163 2214 2228 commoditatibus,
2244 2165 2324 2217 liis
2364 2166 2449 2233 qui
2493 2165 2759 2217 nobiscum
2803 2172 2924 2216 sunt
2953 2163 3274 2227 sapientibus

1729 2246 1886 2302 atque
1909 2235 2170 2288 nobilibus
2193 2236 2342 2299 viris;
2371 2245 2423 2289 et
2453 2235 2619 2288 factus
2646 2250 2702 2287 es
2730 2234 2874 2301 quasi
2905 2249 3038 2284 unus
3060 2249 3122 2285 ex
3147 2234 3266 2284 illis.

1731 2301 1865 2371 Quid
1895 2305 2049 2374 igitur
2076 2305 2301 2358 tribuisti
2354 2307 2571 2358 Domino
2616 2321 2709 2371 pro
2755 2303 2995 2374 omnibus
3025 2302 3137 2355 istis
3152 2302 3181 2374 ?_
3215 2301 3276 2354 Et

1733 2389 1857 2444 ecce
1880 2372 2204 2444 nonisufﬁcit
2233 2375 2588 2444 ingrat'tudini
2617 2385 2715 2427 tute
2742 2373 2900 2439 gratis
2934 2387 2982 2425 Ie
3011 2372 3276 2444 accepisse

1731 2452 1810 2497 tot
1837 2443 2087 2497 beneﬁcia
2117 2444 2182 2497 de
2209 2441 2378 2512 manu.
2395 2444 2597 2498 Domini
2622 2486 2636 2506 ,
2670 2444 2766 2495 nisi
2795 2453 2848 2498 et
2874 2457 3088 2510 regnum
3116 2441 3275 2506 ipsius

1735 2514 2068 2569 liazreditario
2102 2515 2218 2578 jure
2266 2513 2498 2568 vindices
2537 2516 2657 2571 tilii,
2689 2516 2823 2579 quod
2857 2513 3023 2562 iiii.liis
3051 2526 3274 2572 un~.uam

1734 2598 1914 2652 regum
1942 2585 2018 2635 vel
2046 2584 2332 2650 principum
2367 2584 2701 2650 quantislibet
2723 2587 2834 2652 auri
2867 2591 2916 2634 et
2938 2581 3138 2649 argenti
3167 2596 3278 2631 mo-

1731 2651 1868 2707 libus
1899 2653 2065 2720 potuit
2101 2666 2426 2719 comparare.
2477 2670 2496 2702 ι
2545 2652 2690 2717 Quod
2733 2653 2774 2702 si
2806 2651 2874 2704 ita
2909 2653 3274 2702 moribundum

1736 2723 1794 2778 S.
1840 2723 2006 2774 abbas
2053 2723 2365 2790 impetebat,
2402 2727 2665 2788 quomodo
2709 2733 2859 2788 putas
2907 2733 3061 2772 sanos
3099 2731 3149 2790 et
3188 2733 3276 2769 va-

1735 2791 1936 2846 lentes?
1964 2793 2118 2844 Certe
2144 2805 2289 2843 suam
2334 2801 2558 2844 mentem
2589 2804 2640 2844 et
2671 2805 2866 2842 morem
2894 2794 3020 2841 satis
3051 2789 3273 2851 ῐηίίίεειι,

1734 2878 1854 2915 cum
1879 2862 2124 2914 fratribus
2145 2875 2251 2913 suis
2273 2863 2661 2928 congratulans,
2687 2861 2823 2925 quod
2847 2861 2943 2913 sub
2968 2860 3279 2924 inrrepatio-

1735 2935 1818 2984 nis
1838 2930 2093 2984 velamine
2113 2946 2294 2984 eorum
2328 2933 2544 2983 virtutes
2569 2939 2885 3000 legerentur,
2915 2929 2988 3000 ait
3011 2932 3200 2999 (.Serin.
3223 2928 3274 2988 ι,

1732 3003 1786 3053 in
1808 3002 1933 3068 psol.
1958 3002 2081 3067 xc):
2113 3016 2131 3050 t
2161 3000 2214 3054 Si
2238 3000 2370 3053 scire
2393 3002 2547 3053 vultis
2572 2999 2816 3069 quantum
2850 2999 2900 3051 in
2933 2999 3028 3052 hac
3057 3002 3277 3051 abscon-

1735 3070 1882 3123 sione
1903 3069 2195 3133 lucramur,
2218 3070 2378 3122 credo
2402 3073 2594 3122 nullum
2621 3069 2702 3122 hic
2723 3082 2840 3122 esse
2863 3069 2950 3134 qui
2973 3082 3013 3120 si
3038 3079 3274 3136 quartam

1739 3149 1937 3205 partem
1959 3152 2142 3192 eorum
2163 3153 2278 3204 qua:
2301 3138 2441 3204 facit,
2468 3139 2518 3191 in
2539 3140 2727 3191 saeculo
2749 3139 3005 3192 actitaret.
3034 3153 3134 3188 non
3154 3137 3279 3188 ado-

65 3204 401 3276 et‘imperia
444 3204 690 3276 dicuntur
717 3204 843 3259 dura
863 3247 877 3269 ,
912 3206 960 3270 in
993 3206 1179 3274 quibus
1207 3208 1435 3260 occurrit
1465 3207 1632 3274 major
1657 3209 1704 3272 ο
1737 3204 1944 3262 raretur
1961 3208 2927 3276 utsanctus,reputareturutangelus;
2949 3222 3082 3258 nunc
3103 3216 3274 3258 autem

68 3272 573 3344 difficultaszghinc
602 3278 823 3344 populus
852 3272 1082 3330 Roboain
1113 3278 1327 3343 rogabat
1352 3286 1406 3329 ut
1435 3272 1635 3330 minue—

69 3354 170 3400 ret
198 3343 396 3415 aliquid
422 3342 488 3415 de
510 3342 730 3415 imperio
750 3345 910 3413 patris
932 3348 1009 3399 sui
1036 3342 1320 3399 durissimo.
1348 3345 1482 3399 Dura
1508 3361 1639 3415 quo-

69 3427 194 3484 que
245 3412 414 3484 locum
464 3411 658 3484 habent
711 3411 770 3484 in,
813 3417 1138 3483 iniponendis
1183 3411 1540 3481 piniiiteiitiis,
1585 3424 1642 3470 ut

70 3480 217 3557 sunt
263 3480 409 3534 humi
454 3481 675 3548 cubare,
703 3480 917 3557 jejiiniis
959 3499 1146 3555 corpus
1174 3480 1436 3554 atterere,
1467 3480 1641 3557 ﬂagris

69 3552 299 3610 caedere
314 3591 329 3613 ,
358 3564 463 3606 etc.
760 3552 766 3553 “
839 3553 844 3564 ‘

153 3622 438 3696 _Contraria
479 3635 544 3696 ex
593 3621 809 3696 praefato
838 3622 1211 3696 Hililemarot
1255 3635 1378 3680 sunt
1413 3640 1532 3696 quae
1573 3626 1640 3682 ad

69 3694 415 3762 voluntatem
445 3693 684 3762 attinent,
713 3694 757 3745 si
782 3691 879 3745 hoc
903 3694 1041 3760 quod
1066 3694 1166 3747 sibi
1194 3691 1499 3762 imperatur,
1533 3712 1643 3750 non

70 3764 194 3818 sibi
229 3759 503 3830 placuerit.
549 3778 568 3810 ι
605 3761 761 3824 Sive,
785 3769 841 3814 ut
871 3759 941 3815 ait
967 3759 1637 3830 Deriiardus'Cassinensis,

71 3848 134 3890 et
167 3845 237 3902 ex
278 3845 341 3883 eo
377 3829 627 3902 Boherius
656 3829 790 3900 (Lib.
823 3846 897 3902 vi,
923 3842 1079 3902 tract.
1099 3833 1149 3892 5.
1179 3835 1307 3900 disq.
1341 3835 1417 3902 7),
1453 3852 1471 3884 t
1516 3829 1643 3888 con-

73 3901 256 3959 traria
287 3910 411 3955 sunt
439 3915 554 3966 quae
581 3901 647 3953 ab
689 3903 849 3967 ipsius
879 3900 1114 3954 facientis
1143 3900 1412 3957 voluntate
1439 3903 1642 3957 discor-

69 3975 243 4031 dant.
292 3989 311 4023 ›
348 3970 510 4024 Paulo
539 3970 702 4024 fusius
731 3969 1038 4024 Benedictus
1068 3969 1355 4024 Haeftenus
1387 3989 1400 4023 :
1439 3989 1457 4022 t
1501 3972 1641 4026 Con-

71 4041 279 4104 traria,
303 4041 492 4110 inquit,
515 4039 716 4094 duubus
738 4039 906 4092 modis
922 4039 1166 4110 intelligo
1192 4055 1206 4092 :
1235 4041 1288 4093 Γ
1310 4055 1428 4110 qua:
1449 4043 1639 4095 rationi

70 4108 392 4186 repugnare
438 4110 701 4186 videntur,
745 4119 801 4162 ut
842 4110 886 4161 si
909 4108 1158 4186 _jubearis
1181 4108 1376 4164 reatein
1409 4125 1563 4186 suere
1587 4121 1641 4163 et

71 4178 304 4240 rursum
333 4181 602 4243 dissuere,
635 4182 868 4247 plantare
908 4178 1390 4247 lierbas,'pangere
1418 4178 1640 4236 arbores

71 4263 138 4311 et
186 4252 364 4304 denuo
404 4251 662 4311 evellere,
703 4250 777 4302 ire
822 4247 1052 4319 cubitum
1089 4256 1152 4319 _et
1193 4264 1312 4319 mox
1358 4264 1573 4319 surgere
1611 4266 1644 4306 ο

74 4333 286 4382 strato,
316 4335 503 4388 aquam
536 4319 744 4373 haurire
769 4329 820 4372 et
850 4318 1064 4388 fundere
1087 4317 1139 4370 in
1166 4318 1305 4383 sole;
1330 4319 1389 4371 2⁸
1415 4317 1531 4388 quae
1556 4334 1642 4374 re-

73 4398 343 4464 pugnant
368 4387 698 4464 iiiicl‘inalioni
737 4387 1138 4464 obedientis,_ut
1178 4389 1220 4441 si
1240 4387 1547 4464 solitudinis
1588 4400 1642 4443 et

75 4456 448 4529 cellar‘cultori
474 4456 769 4528 imponatur
785 4472 907 4511 cura
933 4458 1210 4529 hospitum,
1231 4457 1392 4529 214
1407 4457 1644 4529 officium

73 4527 334 4590 cellarii,
373 4537 463 4581 aut
492 4527 672 4583 contra
705 4542 894 4595 pronus
915 4529 980 4581 ad
1008 4527 1403 4581 discurrentium
1432 4543 1526 4595 per
1547 4528 1642 4581 do-

77 4610 274 4658 mum,
323 4604 380 4650 et
421 4600 751 4665 garrienduin
802 4613 918 4649 cuin
971 4597 1295 4662 hospitibus,
1341 4599 1667 4655 mandatum;

77 4666 325 4734 accipiat
351 4667 404 4718 in
431 4667 564 4720 cella
595 4669 856 4722 residendi
887 4710 900 4729 ,
934 4667 1166 4730 tacendi,
1196 4676 1257 4719 et-
1277 4666 1537 4721 smdendi.
1579 4683 1598 4716 ›

163 4735 386 4814 lnjuriae
427 4749 551 4790 vero
599 4747 720 4814 sunt
770 4740 1078 4814 opprobria,
1133 4735 1434 4801 iri-isiones,
1483 4735 1639 4791 verba

77 4804 480 4867 contumeliosa
499 4845 514 4868 ,
546 4816 599 4859 et
625 4808 709 4861 his
740 4809 953 4861 similia.

163 4881 345 4940 Atque
369 4873 448 4924 bis
477 4874 529 4927 in
555 4876 720 4930 tribus
749 4889 854 4930 tcta
880 4892 1009 4945 pene
1030 4918 1043 4941 ,
1068 4876 1171 4931 imo
1198 4881 1303 4930 tota
1328 4875 1640 4945 abitgmona-

79 4949 323 5007 choium
371 4946 505 5004 vita,
557 4954 614 5009 ut
654 4946 734 5000 vel
779 4943 1043 5000 minimam
1086 4961 1258 5000 rerum
1302 4943 1642 4999 asceticarum

83 5016 344 5076 notitiam
378 5013 585 5083 habenti
614 5016 940 5083 exploratum
961 5031 1060 5071 eat.
1102 5015 1400 5069 Audiendus
1431 5015 1561 5068 hanc
1590 5015 1642 5067 iu

83 5103 216 5146 rem
243 5083 431 5154 Petrus
454 5079 697 5154 Damiani'
722 5101 734 5154 ς
767 5101 786 5136 ι
824 5086 1001 5154 Saepe,
1028 5088 1219 5153 inquit,
1245 5086 1404 5139 frater
1426 5085 1491 5138 de
1515 5084 1642 5137 cella

85 5159 160 5214 ad
195 5155 386 5221 cellam
413 5149 626 5218 jiitietur
655 5149 1300 5219 habitatiir'usabscedere,
1326 5169 1422 5210 nec
1450 5155 1641 5221 aliquid

85 5220 408 5285 utensilium
439 5233 556 5286 quae
581 5236 677 5273 suo
697 5223 852 5276 etiam
877 5225 1052 5278 labore
1081 5235 1355 5292 paraverat
1384 5220 1640 5293 permitti-

87 5309 190 5355 ων
213 5298 521 5364 asportare;
543 5303 682 5354 saepe
701 5297 940 5358 optantes
964 5294 1014 5346 in
1043 5295 1332 5350 remOtione
1351 5299 1639 5364 quiescere.

86 5370 164 5427 ad
214 5359 561 5431 peragendum
579 5373 716 5431 _opiis
741 5364 1121 5428 compelluntur
1149 5365 1323 5430 exire;
1363 5359 1642 5431 aliquando

87 5427 282 5495 claves
300 5427 1185 5507 cellarum.foribussubtrahuntur,
1199 5443 1270 5507 _et
1296 5427 1463 5502 quain'
1478 5434 1635 5507 longo

91 5515 348 5571 |emptire
375 5497 473 5571 nisi
502 5497 850 5571 persingulos
877 5498 988 5553 dies
1019 5497 1337 5571 dominicas,
1383 5518 1492 5571 non
1518 5497 1640 5556 red-

89 5569 335 5638 duntur;
366 5569 643 5632 aliquando
688 5569 975 5621 districtam
1016 5570 1116 5623 sibi
1157 5577 1322 5627 victus
1359 5570 1642 5628 coniinen-

91 5651 237 5704 riam
268 5639 559 5710 indicentes
597 5647 853 5710 coguntur
896 5638 1164 5692 remissius
1207 5641 1418 5710 vivere,
1465 5645 1645 5695 volen-

93 5725 297 5782 tesque
340 5708 557 5762 reticere
604 5708 981 5782 compelluntur
1026 5711 1320 5782 econtrario
1366 5708 1640 5782 jejunare;

89 5774 253 5856 ape
299 5785 420 5850 post
460 5775 747 5846 sagittarios
787 5774 947 5833 (rata
989 5777 1172 5845 procul
1212 5778 1290 5832 ire
1315 5774 1639 5850 pracipitur;

1741 3280 1899 3349 215
1925 3276 2154 3349 quotidie
2179 3277 2718 3349 tanquamnegligeiis
2762 3277 2994 3343 arguitur
3031 3283 3084 3349 et
3112 3279 3278 3349 incre-

1743 3344 1913 3416 jTaTu—r.
1941 3344 1971 3397 Vl
2017 3345 2191 3413 Longe
2217 3360 2342 3413 ergo
2388 3345 2454 3397 ab
2502 3344 2682 3398 enimn
2713 3357 2827 3398 erat
2863 3344 3147 3416 sententia,
3181 3345 3272 3410 qui

1742 3413 1882 3470 viros
1914 3417 2023 3486 pios
2053 3424 2106 3469 et
2123 3426 2332 3469 sanctos
2359 3419 2798 3469 snielictioneaiit
2823 3413 3280 3486 iiiendacioiiicre-

1741 3487 1852 3556 pari
1883 3502 1912 3540 a
1952 3487 2222 3554 superiore
2267 3502 2370 3556 non
2420 3501 2572 3552 posse
2609 3486 2898 3556 afliriiiaiit:
2933 3500 3046 3550 qua:
3082 3485 3277 3556 Singara

1740 3553 1949 3622 forent,
1999 3553 2183 3609 Omnes
2237 3555 2460 3617 ironize,
2522 3555 2788 3625 allegoria:
2845 3563 2896 3607 et
2957 3553 3281 3625 meiaizhorie

1741 3625 1963 3681 dicenda
2009 3635 2188 3679 essent
2234 3626 2530 3679 mendacia:
2566 3622 2682 3678 nam
2731 3626 2819 3693 qui
2850 3627 3084 3687 frazreiu,
3132 3622 3278 3693 verbi

1741 3695 2200 3766 gratia,leg'entem
2216 3696 2371 3766 solito
2399 3696 2555 3748 altius
2578 3699 2628 3766 in
2654 3690 2931 3748 rel'ectorio
2960 3690 3279 3766 ξιι ιινερίιειι1υ

1743 3757 1893 3819 vocat
1920 3757 2382 3831 declamatorium,
2416 3765 2731 3832 superbum,
2761 3767 2939 3817 minus
2955 3757 3175 3816 honesta
3208 3767 3280 3832 ie-

1740 3845 1970 3905 geiitein,
2003 3851 2104 3887 non
2150 3835 2312 3902 magis
2358 3830 2563 3905 mentiri
2604 3835 2902 3905 censenda:
2937 3839 3018 3884 est
3046 3845 3198 3905 quam
3231 3830 3277 3883 is

1741 3902 1828 3972 qui
1856 3906 2024 3958 virum
2051 3906 2332 3971 pessimum
2365 3903 2561 3955 irouice
2587 3904 2812 3969 appellnt
2834 3908 3088 3969 opinnuiii
3115 3916 3128 3962 ;
3162 3902 3277 3953 lnx-c

1741 3976 1880 4027 enim
1908 3978 2080 4026 “mnia
2112 3987 2214 4024 non
2236 3974 2494 4025 assertive
2528 3973 2885 4036 proli-runtur,
2917 3973 3008 4024 sed
3039 3975 3280 4036 inclepa-

1742 4049 1868 4095 tive.
1914 4042 2035 4095 Haec
2074 4043 2242 4095 obiter
2267 4040 2510 4104 dicimus,
2535 4041 2602 4092 de
2630 4042 2818 4105 quibus
2856 4041 2941 4107 qui
2968 4043 3112 4106 plura
3141 4039 3280 4090 desi-

1741 4113 2040 4174 deraverit,
2090 4111 2240 4163 adeat
2295 4111 2481 4161 librum
2509 4111 2573 4162 de
2614 4108 2816 4161 Officiis
2862 4120 2912 4160 et
2957 4110 3278 4172 perfectione

1744 4184 2140 4242 monachorum,
2162 4194 2278 4246 cap.
2301 4178 2386 4229 η.
2411 4179 2590 4232 Redeo
2605 4179 2668 4230 ad
2692 4180 2749 4232 S.
2770 4177 3032 4231 Benedicti
3053 4185 3276 4246 textum,

1743 4250 1853 4318 qui,
1879 4258 1940 4304 ut
1965 4261 2111 4303 notat
2152 4245 2506 4312 Hil’demarus,
2540 4264 2642 4300 non
2685 4248 2989 4316 simpliciter
3010 4245 3173 4318 jubet
3223 4255 3280 4298 ut

1744 4315 1895 4387 dura,
1926 4318 2212 4385 contraria,
2257 4318 2575 4386 injuriasque
2619 4315 2876 4384 patienter
2910 4315 3276 4387 perferamus,

1744 4395 1856 4455 sed,
1880 4386 2018 4460 quod
2043 4389 2210 4460 majus
2232 4400 2332 4449 eSt,
2357 4389 2737 4460 amplectamur,
2762 4387 2814 4439 id
2840 4396 2919 4440 est
2943 4386 3280 4460 cutugaudio

1744 4469 1800 4513 et
1817 4456 1996 4514 amore
2023 4456 2398 4527 suscipiamus;
2437 4456 2456 4509 ἀ
2495 4473 2590 4511 nos
2609 4459 2751 4510 enim
2773 4471 2887 4509 eam
2914 4470 3046 4520 rem,
3074 4456 3277 4522 inquit,

1749 4544 1903 4597 quam
1924 4530 2191 4598 diligimus
2211 4529 2603 4597 amplectimur.
2629 4528 2745 4594 quia
2769 4542 2874 4598 non
2907 4529 3081 4598 solum
3101 4540 3281 4598 iiiona-

1744 4596 1874 4654 c’hus
1902 4596 2059 4654 debet
2087 4596 2310 4652 adversa
2352 4601 2572 4653 sullerre
2599 4607 2687 4650 aut
2711 4596 2959 4658 tolerare,
2993 4597 3086 4651 sed
3118 4596 3280 4648 etiam

1744 4683 1863 4722 cum
1888 4667 2341 4738 gaudiorsuﬂ‘erre.
2382 4686 2401 4738 ξ
2438 4668 2580 4720 Talis
2624 4677 2736 4721 erat
2767 4667 2986 4734 insignis
3033 4666 3118 4718 illa
3160 4677 3281 4717 san-

1743 4737 2062 4798 ctimonialis
2081 4737 2613 4791 Tabennensiotarum
2633 4739 2954 4801 moiiasterii,
2981 4750 3118 4804 quae,
3145 4743 3281 4788 teste

1744 4807 1975 4861 Palladio
2001 4805 2182 4875 (Laus.
2235 4821 2353 4868 cap.
2384 4807 2500 4872 Η),
2550 4823 2568 4855 ι
2606 4819 2709 4859 non
2760 4807 3124 4868 tnurtnuravit,
3177 4818 3280 4856 noii

1746 4891 1962 4944 parvum
2006 4879 2084 4929 vel
2109 4890 2352 4943 magnum
2382 4875 2507 4938 quid
2549 4884 2629 4929 est
2659 4877 2852 4940 locuta,
2885 4875 2982 4929 etsi
3010 4885 3280 4927 contume-

1745 4945 1830 4999 liis
1853 4949 2167 5006 ailiceretur.
2207 4955 2260 4997 et
2302 4945 2488 5010 pugnis
2513 4944 2844 5006 tunderetur,
2893 4956 2941 4997 et
2988 4945 3282 4996 maledictis

1745 5025 2099 5082 appeteretur,
2125 5022 2179 5082 et
2211 5013 2414 5075 plurimi
2447 5029 2563 5067 eam
2595 5015 3040 5082 abominaremur.
3083 5031 3100 5061 ι
3135 5011 3280 5066 Talis

1747 5030 1812 5082 ap
1883 5030 2099 5076 teretur,
2125 5030 2179 5066 Θῐ
2211 5030 2414 5075 plurimi
2447 5030 2563 5067 eam
2595 5030 3040 5066 ἏΟΟΙΙΙΙΠἈΓΘΙΠΠΓ.
3083 5031 3100 5061 ι
3145 5030 3280 5066 IIII!

1747 5030 2116 5139 SWillelmus
2139 5081 2473 5136 Gellimeiisis
2496 5084 2800 5137 monasterii
2825 5081 3068 5135 fundator
3089 5092 3139 5134 et
3170 5097 3282 5134 mo-

1747 5155 2071 5222 nachus,qui
2102 5171 2120 5202 t
2147 5153 2408 5204 interdum
2431 5153 3087 5222 ursus,etinjuriislaesus,
3108 5165 3281 5218 neque

1746 5221 2044 5286 resiSieba’t,
2078 5238 2246 5288 neque
2273 5225 2722 5286 comminabatur,
2754 5221 3197 5290 gaudebatplane
3229 5238 3279 5274 in

1744 5294 2091 5360 subjectione.
2131 5310 2149 5341 ι
2195 5291 2334 5343 Talis
2369 5293 2684 5346 Benedictus
2709 5289 3068 5360 illuiiiacensis
3098 5305 3283 5360 mona-

1741 5357 1891 5426 chus,
1916 5363 1980 5414 de
1996 5377 2098 5429 quo
2115 5361 2299 5431 Petrus
2325 5361 2650 5416 Venerabilis
2675 5359 2844 5431 (Liba
2871 5357 3077 5431 Mirum,
3099 5358 3282 5429 0&0):

1755 5451 1773 5483 ε
1812 5432 1998 5484 Multas
2025 5445 2054 5482 a
2082 5430 2418 5496 quibusdam,
2443 5433 2565 5500 quia
2587 5429 2780 5484 inferre.
2809 5429 3026 5500 verbera
3056 5441 3158 5480 non
3187 5444 3280 5482 au-

1748 5502 1962 5563 debant,
1992 5500 2264 5553 verborum
2311 5498 2529 5571 injurias
2575 5500 2853 5552 tolerabat.
2889 5498 3154 5571 llecordor
3183 5514 3286 5564 ego

1747 5585 1941 5638 saeptus
1971 5571 2111 5623 falsis
2145 5579 2234 5622 aut
2254 5567 2399 5638 quasi
2424 5572 2580 5624 nullis
2603 5567 3026 5621 accusationibus
3058 5567 3109 5619 in
3137 5584 3284 5621 cuni-

1745 5641 1892 5696 muni
1921 5640 2138 5694 fratrum
2158 5652 2420 5695 conventu
2439 5656 2468 5694 a
2500 5641 2689 5694 talibus
2711 5638 3006 5705 linpetituin
3041 5639 3283 5692 innumc-
3356 5649 3357 5652 ‘

1747 5711 1821 5766 ris
1847 5711 2080 5771 vocibus.
2127 5709 2278 5777 quasi
2306 5725 2428 5765 reus
2478 5717 2725 5770 existeret
2766 5708 2820 5762 iii
2853 5717 2993 5762 terra
3044 5719 3284 5775 prostra-

1748 5790 1888 5855 tum,
1905 5795 2024 5839 cum
2068 5777 2196 5837 nihil
2247 5793 2463 5851 prorsus
2510 5780 2855 5850 delquisset,
2883 5780 3196 5850 culpabilem
3224 5795 3288 5838 se
