3916 6226
567 320 653 372 ὀῖΙ

567 432 791 490 Videtur.
825 427 966 496 quod
996 437 1112 496 post
1149 427 1378 483 medium
1419 427 1748 496 Septembris
1773 429 1969 481 mensis
1993 442 2114 481 esse
2142 427 2192 482 Δ

567 499 923 568 dignoscitur;
950 508 1003 553 et
1034 500 1103 552 ita
1147 509 1264 566 post
1299 498 1426 552 illud
1465 498 1837 568 aequinoctium
1870 500 2113 568 septem-

571 565 696 633 bris,
726 571 1018 623 November
1039 565 1195 622 habet
1222 571 1272 621 in
1297 578 1451 624 nocte
1478 565 1636 622 horas
1664 569 1748 620 M.
1771 565 2118 620 Considerate

567 654 692 707 ergo
712 639 850 706 quod
877 639 1169 693 November
1189 639 1346 691 habet
1368 637 1431 690 Μ
1457 637 1612 691 horas
1635 639 1684 690 in
1709 647 1882 698 nocte.
1907 647 1962 689 ut
1985 637 2115 707 dixi,

569 705 770 762 dividas
796 719 996 774 noctem
1027 723 1118 775 per
1145 707 1392 772 medium,
1422 717 1475 760 et
1502 717 1779 760 remanent
1807 708 1858 759 in
1886 705 2120 774 qualibet

555 780 716 844 'parte
755 779 923 831 noctis
964 788 1163 842 septem
1211 779 1391 841 bone;
1439 775 1571 828 facta
1615 787 1790 828 autem
1841 779 1944 839 iam
1989 775 2117 828 hora

571 858 750 900 octava
775 848 1040 927 mpdicum
1059 847 1161 927 erit
1189 846 1409 926 amplius
1432 847 1501 899 de
1521 845 1689 927 media
1714 855 1888 927 nocte,
1909 845 2119 927 quando

571 914 859 972 surrexerit
893 917 1164 984 horologio
1194 917 1454 970 excitante
1476 914 1571 983 qui.
1605 915 1764 968 habet
1791 914 2118 979 horologium

572 987 858 1052 ruetodire,
882 997 928 1038 et
955 987 1190 1040 accensis
1211 987 1342 1038 luce:
1360 987 1440 1038 nis
1459 985 1715 1047 ecclesia),
1743 999 1858 1050 qua:
1881 991 2121 1051 poterant

579 1068 794 1122 propter
822 1055 1169 1122 prolixitatem
1198 1057 1368 1108 noctis
1395 1055 1556 1106 fuisse
1581 1055 1892 1117 obscuratae,
1918 1067 1979 1105 ac
2008 1053 2121 1117 pul-

573 1126 700 1178 satis
714 1127 980 1192 campanis
1003 1125 1067 1178 ad
1090 1126 1459 1178 dormientium
1485 1123 2116 1185 fratrumexcitutionetn,

575 1195 740 1261 potuit
762 1197 983 1249 transire
1008 1196 1222 1246 dimidia
1245 1201 1445 1246 octava:
1473 1193 1615 1243 bone
1640 1202 1917 1258 antequam
1942 1206 2121 1245 surre-

574 1265 742 1318 xerint
773 1266 977 1316 fratres.
1005 1265 1068 1316 Et
1097 1265 1382 1317 secundum
1416 1263 1736 1315 intellectum
1769 1263 1922 1314 istum
1950 1269 2121 1328 potest

573 1333 736 1398 accipi
753 1333 892 1400 quod
904 1333 1062 1386 dixit:
1084 1331 1233 1386 Juxta
1254 1331 1554 1386 considerat
1573 1347 1726 1384 onem
1748 1331 1964 1382 rationis
1986 1338 2118 1384 octa-

574 1417 636 1454 va
667 1399 792 1454 hora
839 1403 1004 1455 noctis
1042 1403 1358 1469 surgendum
1391 1414 1502 1461 e51;
1535 1415 1580 1454 et
1625 1401 1741 1453 ideo
1770 1399 2026 1465 sequitur.
2066 1411 2122 1452 ut

577 1471 740 1536 magis
769 1471 904 1536 quod
943 1473 1148 1525 dixerat
1188 1473 1480 1526 declaretur
1519 1487 1531 1520 :
1565 1479 1619 1523 nt
1657 1470 1859 1522 modice
1897 1469 2122 1534 amplius

574 1542 641 1594 ile
665 1543 830 1594 inedia
855 1551 1003 1594 nocte
1031 1553 1279 1608 pausetur
1304 1558 1316 1590 :
1345 1541 1473 1592 satis
1502 1550 1584 1591 est
1611 1539 1871 1591 modicum
1898 1540 2123 1603 amplius

577 1613 704 1662 hora
731 1611 964 1674 dimidia,
995 1614 1074 1664 vel
1101 1628 1282 1676 parum
1319 1612 1447 1672 plus.
1491 1627 1506 1656 ι
1539 1609 1801 1662 Hactenus
1825 1608 2120 1661 Bernardns

573 1680 921 1750 Cassinensis,
952 1696 1014 1732 ex
1045 1681 1194 1750 cujus
1223 1679 1554 1750 mente‘hora
1587 1689 1705 1750 post
1732 1690 1962 1750 nostram
1987 1677 2121 1750 duo-

574 1749 831 1828 decimam
865 1745 1370 1837 medialsu'rgendum
1404 1745 1578 1828 foret:
1608 1747 1719 1800 vult
1742 1746 1880 1799 enim
1913 1756 1965 1797 ut
1987 1747 2119 1837 facta
2157 1780 2199 1837 Β

571 1818 685 1870 sive
729 1818 1012 1883 incipiente
1043 1821 1166 1870 hora
1195 1829 1375 1871 octava
1407 1818 1600 1877 noctis,
1643 1831 1759 1880 qua:
1799 1829 1979 1869 mense
2018 1818 2122 1869 No-

574 1887 774 1940 vembri
811 1889 986 1940 statim
1029 1895 1146 1954 post
1175 1889 1397 1942 mediam
1432 1897 1637 1938 noctein
1666 1901 1880 1938 currere
1920 1887 2122 1949 incipit,

578 1955 829 2024 horologii
860 1967 1038 2010 custos
1069 1960 1324 2010 excitatus
1371 1964 1570 2022 surgat,
1608 1959 1656 2007 in
1687 1956 1974 2012 oratorium
2009 1971 2126 2020 per-

573 2036 678 2092 gat.
699 2027 966 2094 lampades
988 2030 1119 2080 forte
1138 2027 1422 2079 exstinctas
1446 2036 1533 2075 aut
1559 2025 1744 2078 saltem
1767 2026 1915 2079 valde
1935 2025 2124 2077 obscu-

578 2108 716 2148 ratas
738 2101 1010 2158 accendat,
1037 2096 1351 2161 laudentque
1376 2095 1439 2144 ad
1467 2096 1773 2146 excitandos
1799 2094 2124 2149 dormientes

581 2164 768 2217 fratres
795 2166 998 2234 signum
1023 2169 1214 2233 pulset.
1243 2176 1396 2230 atque
1423 2164 1474 2215 in
1497 2179 1560 2216 eo
1583 2163 1810 2234 dimidia:
1835 2165 1978 2216 hora:
2008 2179 2126 2228 spa-

579 2235 706 2286 tium
735 2233 984 2298 insumat,
1038 2243 1155 2301 post
1205 2250 1360 2301 quam
1408 2233 1618 2286 excitati
1649 2233 1836 2285 fratres
1869 2244 2123 2298 surgant,

581 2302 750 2354 media
798 2304 996 2356 scilicet
1051 2314 1166 2370 post
1209 2313 1443 2356 nostram
1491 2303 1855 2355 duodecimam
1905 2302 2121 2369 elapsa;

578 2371 713 2438 quod
744 2373 1022 2425 confirmat
1047 2387 1319 2439 exponens
1358 2373 1445 2424 illa
1478 2377 1634 2424 verba
1664 2389 1675 2424 :
1709 2371 1775 2425 Ut
1803 2373 1994 2423 modice
2015 2389 2126 2423 am-

578 2440 707 2510 plius
749 2443 810 2493 de
855 2443 1019 2495 media
1068 2454 1212 2495 nocte
1240 2452 1506 2506 pnusetur,
1539 2441 1622 2493 ubi
1652 2441 1760 2494 ait:
1809 2459 1825 2490 ι
1872 2443 2011 2495 Satis
2045 2450 2129 2496 est

580 2510 839 2583 modicum
867 2512 1093 2583 amplius
1121 2512 1247 2564 hora
1277 2512 1509 2583 dimidii,
1534 2513 1609 2583 vel
1637 2526 1817 2583 parum
1851 2512 1982 2583 plus.
2033 2530 2050 2562 ι

649 2579 700 2631 In
729 2581 967 2634 eamdem
993 2579 1101 2633 abit
1126 2584 1438 2635 sententiam
1462 2580 1631 2632 Guido
1649 2579 1912 2632 iuvenalis
1933 2581 1983 2632 in
2008 2595 2125 2634 ver-

578 2649 725 2704 sione
739 2649 932 2703 Gallica
960 2652 1169 2719 [tegulze
1189 2651 1241 2704 S.
1273 2651 1561 2709 Benedicti,
1587 2651 1769 2702 horam
1790 2651 1958 2702 noctis
1978 2660 2124 2702 octa-

580 2733 696 2770 vam
729 2729 966 2785 tempore
1000 2719 1189 2772 hiemis
1236 2720 1447 2773 circiter
1481 2719 1615 2771 intra
1648 2719 1872 2772 inediam
1912 2731 2126 2772 noctem

578 2794 632 2840 et
661 2789 840 2840 horam
874 2788 1094 2856 primam
1124 2791 1467 2841 constituens.

649 2857 750 2926 Sed
784 2872 952 2926 neque
977 2858 1197 2911 multum
1225 2860 1290 2909 ab
1312 2873 1372 2910 ea
1395 2857 1644 2910 reci-dere
1672 2856 1876 2910 videtur
1893 2857 2127 2910 Joannes

579 2927 646 2980 de
670 2925 1071 2981 Turrecremata
1091 2971 1106 2993 ,
1157 2928 1242 2991 qui
1275 2929 1432 2980 etiam
1461 2936 1698 2980 octavam
1746 2928 1913 2979 noctis
1944 2929 2128 2982 horam

583 2996 872 3052 secundum
906 2999 1296 3065 proportionem
1329 2999 1391 3049 ad
1425 3006 1628 3062 tempus
1657 2996 1994 3050 calendarum
2027 2997 2129 3049 No-

585 3067 814 3119 vembris
837 3067 1144 3120 sumendam
1169 3067 1465 3130 eristiiuat;
1493 3083 1594 3129 quo
1612 3073 1862 3133 tempore.
1889 3077 1943 3119 ut
1971 3067 2128 3120 modo

1921 311 1980 370 S.
2018 311 2074 366 P.
2117 307 2472 366 BlaNEDlCTl

3717 301 3820 357 ιτς

2219 424 2340 478 utin
2368 425 2592 492 singulis
2608 423 2810 477 ordinis
2833 423 3168 478 monasteriis
3188 422 3404 478 feriatis
3431 420 3665 492 diebus,
3682 421 3818 492 hora

2222 506 2338 560 post
2368 491 2594 548 mediam
2625 503 2831 546 noctem
2860 492 3122 554 secunda;
3147 493 3496 548 solemnibus
3521 501 3586 547 et
3630 491 3818 545 domi-

2221 565 2354 616 nicis
2381 564 2567 616 diebus
2595 564 2764 628 prima
2792 561 2995 630 vigilias
3015 563 3236 616 sacrista
3268 561 3455 627 pulset

2289 633 2418 699 Quae
2443 647 2562 687 cum
2593 633 2662 686 ita
2687 647 2744 702 se
2767 629 3011 702 habeant,
3039 644 3222 702 octava
3251 631 3434 702 nqctis
3467 630 3617 702 hora
3645 629 3812 681 modo

2221 702 2403 766 citius,
2432 702 2591 755 modo
2616 701 2816 755 tardius
2843 701 3128 765 incipiebat
3153 715 3250 768 pro
3271 700 3523 754 noctium
3555 700 3806 752 diversi-

2223 779 2348 824 tate.
2381 771 2446 824 Et
2475 771 2685 839 quidem
2729 785 2912 825 mense
2951 767 3266 834 Novembri,
3299 785 3415 839 quo
3471 784 3584 822 nox
3641 767 3813 839 juxta

2223 837 2537 908 prmsentein
2593 850 2830 894 nostrum
2885 841 3131 894 horarum
3176 837 3355 900 usum,
3404 838 3583 891 horas
3639 837 3812 908 habet

2221 907 2617 976 quatuordecim
2643 953 2660 976 ,
2697 909 2822 962 liora
2851 910 3021 964 noctis
3047 919 3231 964 octava
3279 910 3597 961 secundum
3633 907 3808 959 ritum

2222 980 2513 1049 antiquum,
2545 980 2831 1049 incipiebat
2877 979 3033 1047 paulo
3083 988 3206 1049 ante
3247 978 3629 1049 quadrantem
3683 987 3806 1042 post

2221 1057 2452 1102 nostram
2503 1048 2684 1102 horam
2737 1049 2998 1114 primam,
3027 1057 3081 1102 et
3126 1048 3411 1102 desinebat
3444 1049 3622 1114 paulo
3677 1059 3802 1109 post

2220 1118 2564 1183 quadrantem
2589 1128 2823 1184 nostram.
2836 1117 3019 1171 horam
3030 1118 3314 1170 secundam
3327 1117 3804 1184 subsequentem.

2223 1175 2402 1240 Mense
2436 1189 2740 1249 Decembri,
2771 1175 2877 1255 quo
2907 1187 3216 1253 prolixiores
3245 1196 3434 1240 noctes
3460 1175 3640 1238 horas
3673 1200 3804 1238 sex-

2221 1257 2390 1310 decim
2410 1256 2620 1320 habent.
2635 1261 2761 1310 hora
2778 1267 2964 1310 octava
2991 1256 3274 1323 incipiebat
3304 1255 3471 1322 paulo
3496 1264 3628 1322 post
3647 1269 3796 1322 qna-

2221 1326 2460 1379 drantem
2492 1336 2610 1394 post
2655 1327 2836 1378 horam
2860 1337 3092 1380 nostram
3113 1325 3360 1394 primam,
3389 1333 3446 1377 et
3491 1325 3796 1394 desinebat

2225 1396 2379 1462 paulo
2401 1393 2524 1450 ante
2555 1397 2767 1450 tertium
2788 1393 3126 1464 quadrantem
3159 1403 3281 1464 post
3306 1402 3554 1449 nostram
3592 1393 3793 1448 horam

2221 1467 2524 1520 secundam.

2291 1533 2406 1589 Jam
2437 1549 2565 1587 vero
2587 1535 2729 1602 quia,
2752 1541 2810 1588 ut
2835 1535 2907 1596 ait
2929 1533 3283 1596 Hildemarus,
3302 1553 3320 1584 ι
3345 1533 3572 1588 dubium
3609 1543 3701 1587 est
3721 1549 3796 1586 an

2225 1605 2507 1658 inchoante
2536 1615 2740 1664 octava,
2767 1619 2834 1656 an
2866 1603 3056 1664 inedia.
3086 1619 3150 1658 an
3193 1619 3358 1672 prope
3403 1605 3566 1656 finem
3619 1604 3796 1670 ipsius

2225 1673 2368 1730 horae
2385 1683 2589 1728 octavae
2614 1674 2927 1740 surgendum
2957 1673 3047 1736 ait,
3084 1691 3104 1722 ι
3133 1683 3190 1726 υι
3213 1673 3377 1728 ﬁxum
3399 1673 3624 1740 aliquod
3653 1683 3796 1726 tem-

2227 1759 2339 1809 pus,
2367 1758 2471 1809 quo
2485 1742 2681 1812 diebus
2708 1745 2929 1810 singulis
2967 1743 3278 1810 regulariter
3305 1754 3555 1812 surgatur
3589 1743 3612 1804 (
3620 1742 3790 1796 talem

2227 1825 2451 1880 namque
2477 1811 2638 1866 fuisse
2659 1812 2716 1867 S.
2734 1812 2792 1866 P.
2818 1812 3080 1866 Benedicti
3108 1814 3430 1866 voluntatem
3461 1811 3794 1864 existimau-

2225 1881 2347 1952 dum
2372 1881 2473 1952 est)
2495 1882 2809 1952 assignetur;
2839 1896 2957 1936 cum
2986 1881 3170 1952 eodem
3203 1880 3506 1934 Hildemaru
3530 1894 3792 1934 asseren—

2225 1951 2346 2003 dum
2380 1950 2622 2014 videtur,
2658 1970 2675 2002 ι
2713 1963 2909 2019 quanto
2938 1951 3168 2004 minores
3194 1960 3316 2004 sunt
3347 1961 3534 2004 noetes
3562 1990 3582 2011 ,
3633 1959 3787 2019 taptu

2228 2035 2389 2087 prope
2405 2021 2558 2075 linem
2587 2016 2747 2088 ipsius
2768 2023 2913 2074 horse
2925 2021 3118 2076 debere
3141 2020 3344 2087 signum
3372 2019 3542 2098 tangi,
3567 2039 3588 2069 ι
3619 2016 3788 2098 248

2226 2101 2278 2143 et
2307 2100 2522 2160 econtra
2552 2100 2747 2160 quanto
2776 2104 3024 2152 maores.
3071 2100 3216 2143 tanto
3239 2104 3404 2157 prope
3429 2089 3678 2160 initium;
3710 2089 3786 2141 ita

2227 2168 2282 2212 ut
2327 2159 2466 2212 circa
2495 2158 2736 2216 mensem
2779 2160 3039 2224 Martium,
3069 2173 3172 2225 quo
3197 2169 3380 2223 octava
3415 2159 3588 2213 noctis
3651 2158 3786 2212 hora

2226 2229 2436 2281 circiter
2482 2231 2613 2284 hora
2634 2239 2813 2283 nostra
2845 2232 3008 2296 prima
3039 2230 3246 2283 evoluta
3279 2230 3483 2295 incipit.
3516 2240 3569 2282 et
3591 2231 3781 2293 elapsa

2226 2300 2453 2352 secunda
2491 2300 2682 2352 desinit
2703 2339 2719 2362 ,
2748 2307 2929 2351 octava
2985 2299 3207 2352 mediata
3238 2299 3561 2365 surgendum
3613 2297 3688 2350 sit
3715 2303 3781 2348 ait

2225 2368 2439 2436 signum.
2465 2369 2757 2434 vigiliarum
2789 2371 3030 2434 primum,
3065 2370 3557 2436 postquadrantem
3591 2368 3780 2434 pulse-

2229 2445 2312 2489 tur
2341 2451 2543 2504 stguum
2583 2437 2870 2491 secundum
2892 2481 2904 2502 ,
2934 2438 3110 2503 elapsa
3141 2453 3266 2490 vero
3289 2440 3489 2503 integra
3523 2436 3658 2489 liora
3689 2453 3782 2490 oc-

2229 2516 2347 2558 tava
2385 2517 2622 2572 tangatur
2649 2509 2858 2560 tertium
2904 2517 2956 2561 et
3000 2508 3273 2569 ultimum;
3309 2507 3446 2559 inter
3500 2504 3778 2572 signorum

2227 2576 2365 2629 enim
2399 2577 2673 2631 intervalla
2704 2577 2930 2634 mediam
2961 2577 3143 2628 horam
3170 2577 3421 2642 explicari
3451 2577 3565 2627 vult
3616 2577 3778 2627 Sina-

2230 2645 2438 2714 ragdus.
2471 2645 2559 2710 qui
2580 2685 2595 2702 .
2626 2658 2681 2698 ut
2707 2646 2831 2699 dicit
2856 2645 3082 2699 Joannes
3112 2646 3249 2699 Bona
3280 2643 3394 2711 (De
3423 2643 3594 2698 Dicin.
3619 2643 3772 2698 Part.

2229 2715 2367 2768 mod.
2395 2730 2440 2766 ε.
2473 2715 2528 2773 4.
2556 2715 2583 2784 §
2611 2719 2670 2778 5,
2701 2732 2754 2768 η.
2782 2715 2816 2768 2
2840 2717 2880 2782 ),
2911 2716 3182 2768 monastici
3211 2715 3430 2780 spiritus
3458 2714 3778 2780 purissimos

2231 2784 2409 2838 latices
2437 2786 2486 2836 in
2517 2790 2628 2852 ipso
2655 2785 2798 2839 fonte
2825 2791 3044 2852 putarat.
3071 2784 3245 2838 Mense
3263 2796 3440 2838 autem
3471 2784 3774 2846 Decembri,

2231 2870 2336 2920 quo
2367 2855 2602 2921 majores.
2617 2865 2736 2910 sunt
2767 2865 2970 2918 noctes,
3003 2865 3055 2907 et
3079 2856 3278 2908 tardius
3303 2856 3488 2922 incipit
3520 2854 3654 2907 hora
3685 2869 3778 2914 oc.

2231 2934 2366 2986 tava,
2396 2925 2559 2994 paulo,
2594 2934 2711 2991 post
2751 2924 2990 2977 eamdem
3023 2925 3305 2992 incmptam
3353 2933 3626 2994 surgatur,
3663 2925 3772 2991 pri-

2231 3009 2479 3061 mumque
2518 2993 2812 3060 vigiliarum
2845 2995 3047 3062 signum
3081 3005 3340 3058 tangatur,
3373 2993 3614 3046 ultimum
3647 3008 3776 3045 vero

2231 3073 2410 3115 octava
2443 3065 2568 3115 hora
2606 3063 2850 3126 mediata,
2891 3065 2988 3117 hoc
3016 3074 3098 3117 est
3138 3065 3278 3118 circa
3322 3064 3505 3116 horam
3537 3072 3772 3116 nos‘tram

579 3135 614 3188 d
636 3137 790 3190 cebat
826 3136 1124 3190 Bernardus
1151 3137 1501 3199 Gassincnsis,
1532 3131 1918 3189 octava—noctis
1949 3137 2073 3188 liora
2103 3153 2131 3188 a
2156 3133 2206 3194 C
2237 3133 2540 3189 secundam.
2571 3147 2674 3200 qua
2701 3133 3050 3188 communiter
3081 3137 3132 3186 in
3168 3133 3414 3187 omnibus
3445 3131 3653 3189 ordinis
3681 3149 3774 3185 no-

581 3215 759 3260 nnstra
789 3205 1097 3260 duodecima
1143 3206 1395 3269 incipiens
1425 3206 1489 3258 ad
1520 3217 1752 3258 nostram
1795 3206 2014 3273 primam
2043 3207 2136 3259 de-

580 3276 725 3329 sinit.
762 3276 813 3327 In
845 3279 944 3328 hoc
991 3277 1160 3330 solum
1207 3275 1384 3328 differt
1421 3291 1447 3326 a
1487 3275 1776 3335 Bernardo.
1808 3275 1961 3344 247
1995 3276 2132 3341 quod

583 3359 686 3397 non
716 3347 948 3411 assignet
967 3362 1066 3413 qua
1091 3359 1236 3412 parte
1261 3347 1403 3398 hom
1424 3356 1644 3408 octztva‘,
1671 3345 1839 3407 initio,
1868 3361 1931 3395 au
1962 3346 2134 3399 medio

583 3414 781 3478 spatio.
812 3429 878 3466 an
921 3430 1046 3467 vero
1096 3417 1146 3467 in
1189 3417 1290 3468 line
1335 3416 1652 3481 surgendum
1693 3416 1798 3466 sit:
1837 3414 2134 3468 Bernardus

581 3499 708 3536 vero
728 3487 912 3552 statim
946 3495 1061 3552 post
1092 3488 1372 3538 mcdiatam
1397 3494 1639 3539 octavam
1668 3485 1986 3552 surgendum
2015 3499 2135 3539 esse

575 3551 784 3605 asserit.
948 3551 957 3552 ί
1135 3571 1138 3573 λ

651 3621 828 3676 Neutri
854 3633 1026 3676 tamen
1047 3625 1375 3678 S.Benedicti
1391 3639 1602 3678 sensum
1620 3625 1855 3690 attigisse
1871 3625 2132 3690 videntur;

583 3706 738 3761 quem
759 3694 915 3744 etiam
941 3697 1103 3746 multo
1130 3695 1358 3758 amplius
1391 3697 1519 3758 fugit
1551 3694 1776 3761 lliSpaua
1793 3697 2132 3761 congregatio

586 3758 956 3815 ValliSoletaua
985 3803 1000 3824 ,
1031 3780 1147 3830 qute
1168 3807 1182 3825 ,
1218 3765 1477 3815 referente
1527 3773 1579 3814 et
1612 3758 1865 3828 probante
1902 3758 2132 3816 Antonio

586 3830 821 3894 Perezio,
862 3830 1044 3884 horam
1094 3836 1262 3885 not-tis
1294 3845 1528 3884 Octavam
1558 3834 1619 3883 ad
1673 3835 1895 3886 inediam
1926 3843 2131 3886 noctem

585 3909 788 3960 Slalllll,
807 3917 870 3954 eo
901 3903 1076 3965 quoda
1096 3903 1329 3957 caleudis
1352 3901 1654 3954 novembris
1682 3919 1708 3952 a
1740 3912 1922 3970 quarta
1950 3918 2132 3968 pome-

589 3970 788 4022 ridiana
813 3972 874 4024 ad
907 3974 1131 4025 mediani
1165 3985 1369 4024 not-teni
1399 3973 1441 4025 Ιι-
1471 3990 1540 4023 ne
1568 3981 1686 4022 octo
1709 3972 2131 4036 intercipiuntur.

583 4043 834 4104 Quamvis
860 4044 997 4095 haud
1031 4046 1286 4104 improbet
1321 4061 1503 4095 eorum
1539 4042 1766 4106 praxim,
1813 4043 1898 4111 qui
1932 4042 2134 4096 dmibus

587 4119 788 4162 tantum
820 4122 933 4173 post
958 4113 1100 4164 horis
1123 4123 1362 4179 surgunt.
1579 4139 1600 4146 ~-

662 4179 766 4232 llos
795 4195 978 4233 ouines
1008 4184 1213 4245 derepit
1241 4184 1322 4232 sui
1353 4181 1602 4241 temporis
1635 4195 1777 4240 usus.
1812 4181 1951 4233 diem
1982 4191 2130 4232 natu-

591 4249 753 4303 ralem
801 4252 852 4303 in
902 4251 1056 4303 horas
1097 4253 1270 4318 viginti
1306 4263 1530 4316 quatuor
1575 4253 1804 4318 aaquales
1832 4251 2130 4315 dividendi;

589 4335 707 4372 cum
740 4329 912 4373 tamen
945 4331 1150 4374 veteres
1181 4325 1405 4373 maxime
1434 4319 1618 4378 Judaei,
1643 4319 1885 4377 ltomaui.
1918 4331 1970 4373 et
1995 4320 2126 4386 Itali,

589 4399 642 4441 ut
664 4390 894 4442 historiae
921 4400 975 4443 et
1003 4392 1493 4442 inathematiirot'nni
1526 4389 1643 4442 libri
1669 4400 1946 4452 testantur,
1969 4393 2132 4443 artili-

587 4460 969 4532 cialem‘dir-m,
1005 4459 1102 4532 hoc
1125 4472 1406 4532 estrtotum
1451 4459 1842 4532 illud_spatium
1878 4465 2130 4524 temporis

589 4527 725 4592 quod
751 4529 818 4581 ab
842 4541 962 4582 ortu
1005 4527 1141 4581 solis'
1177 4531 1240 4581 ad
1290 4545 1536 4581 occasum
1593 4530 1917 4594 intercipitur
1951 4541 2004 4582 et
2033 4547 2126 4582 no-

583 4609 746 4661 ctem,
776 4599 886 4652 sive
914 4610 1120 4665 tempus
1151 4599 1275 4650 illud
1302 4600 1452 4666 quod
1481 4598 1606 4650 aOiiS
1635 4600 1770 4650 inter
1797 4613 2042 4652 occasum
2074 4609 2129 4653 et

585 4678 756 4720 ortum
786 4669 1029 4732 elabitur,
1055 4669 1104 4721 in
1130 4669 1286 4720 horas
1307 4685 1416 4720 sive
1448 4679 1622 4734 partes
1647 4667 1926 4720 duodecim
1951 4685 2128 4737 terpra—

589 4738 663 4790 les
687 4738 1646 4802 partircntnr,modobrevioresnnodo
1670 4737 2000 4805 prolixiores.
2033 4755 2127 4806 pro

588 4808 843 4860 brevitate
869 4817 956 4858 aut
993 4808 1284 4873 prolixitue
1313 4818 1481 4858 noctis
1506 4819 1593 4859 aut
1615 4808 1717 4861 diei
1749 4824 1761 4859 :
1787 4823 1904 4859 nam
1923 4819 2122 4872 :irstate,

585 4892 686 4944 qua
714 4876 981 4929 breviores
1003 4886 1122 4928 sunt
1138 4887 1336 4938 noetes,
1356 4880 1499 4927 hora!
1521 4877 1721 4930 diurna:
1741 4878 2124 4944 prolixissime,

587 4955 855 4998 nocturna:
885 4948 1226 5006 brevissume.
1255 4957 1308 4998 et
1333 4963 1359 4997 e
1377 4961 1633 5000 converso
1649 4947 1834 5000 hiemis
1857 4957 2120 5012 tempore;

587 5016 726 5069 unde
744 5018 900 5067 horas
914 5016 1030 5069 illas
1044 5018 1297 5068 vocabant
1325 5016 1630 5083 inaequales.
1646 5033 1749 5070 non
1767 5016 1902 5082 quod
1920 5018 2052 5069 inter
2067 5033 2128 5070 se

586 5099 690 5140 non
703 5087 1154 5151 essentmquales,
1175 5088 1264 5138 sed
1292 5087 1429 5153 quod
1458 5098 1694 5153 respectu
1725 5086 1826 5139 diei
1856 5087 2124 5154 sequentis

585 5157 663 5209 vel
697 5157 1060 5222 praecedenzis,
1094 5165 1186 5208 aut
1223 5158 1423 5208 diurna:
1454 5155 1595 5208 hara:
1638 5163 1879 5224 respectu
1913 5166 2126 5209 noctur-

581 5241 790 5286 narum.
818 5237 1041 5291 excepto
1067 5225 1399 5293 aequinoctio,
1423 5237 1597 5278 essent
1628 5226 1910 5293 imequales
1936 5241 2123 5292 :quam

578 5295 1019 5349 consuetudinem
1053 5311 1144 5362 per
1175 5297 1363 5349 stecula
1396 5295 1669 5348 duodecim
1704 5297 1752 5348 in
1786 5295 2016 5348 Ecclesia
2048 5297 2127 5350 vi-

578 5370 755 5435 guisse
781 5367 964 5418 seribit
994 5365 1182 5417 l’aulus
1215 5365 1781 5434 chort.Cistcrcieusis
1811 5367 2119 5435 monachus,

582 5433 650 5490 eo
681 5440 730 5487 in
761 5435 934 5487 libello
955 5449 1108 5502 quem
1132 5437 1198 5487 de
1219 5433 1447 5502 antiquis
1467 5447 1520 5488 et
1542 5436 1805 5489 modernis
1833 5433 1976 5486 horis
1996 5451 2122 5489 con-

580 5505 787 5568 scripsit
816 5519 932 5562 cap.
963 5505 1016 5560 2.
1050 5503 1077 5572 §
1105 5507 1137 5558 5
1166 5506 1265 5572 (De
1291 5506 1452 5567 prima
1481 5505 1677 5557 vivendi
1697 5505 1889 5556 ratione
1910 5502 2118 5560 Cisterc.

582 5584 715 5636 part.
741 5577 992 5641 in,cap.l.
1024 5574 1050 5643 §
1087 5577 1154 5642 ι).
1181 5577 1286 5627 lino
1315 5585 1497 5626 auctor
1526 5574 1863 5628 c~tJulianus
1893 5574 2122 5630 Parisios

583 5645 725 5692 horis
749 5645 1092 5708 inmquilibus
1125 5661 1246 5697 usus
1279 5644 1438 5696 fni~s=
1465 5643 1840 5698 Cistercienses
1864 5659 2028 5712 usque
2051 5647 2116 5699 ad

580 5724 773 5762 annum
813 5713 958 5775 ιιι-ιιι,
985 5731 1086 5779 quo
1116 5715 1164 5767 in
1206 5714 1434 5784 generali
1477 5714 1706 5781 capitulo
1737 5723 2119 5769 constituerunt

2240 3203 2332 3255 stri
2365 3203 2694 3254 monasteriis
2725 3204 2962 3256 nocturni
2997 3205 3352 3263 celebrantur.
3378 3203 3444 3256 Et
3474 3202 3550 3256 sic
3575 3200 3774 3256 intelli-

2235 3272 2460 3340 gendum
2491 3283 2632 3338 puto.
2665 3273 2801 3339 quod
2831 3277 2903 3325 ait
2928 3272 2988 3326 S.
3013 3272 3072 3326 P.
3095 3273 3407 3328 Benedictus
3422 3274 3575 3341 juxta
3599 3272 3770 3326 consi-

2235 3342 2542 3411 derationem
2569 3343 2795 3404 rationis.
2821 3351 2877 3398 ut
2905 3343 3058 3396 citius
3075 3342 3285 3410 quando
3309 3344 3624 3411 prolixiores
3649 3350 3773 3411 sunt

2235 3413 2404 3464 noctis
2433 3410 2597 3475 ltorze,
2631 3413 2831 3466 tardius
2860 3426 2977 3465 cum
3007 3409 3276 3466 breviores
3304 3409 3555 3479 surgatur
3585 3430 3598 3464 :
3632 3409 3768 3465 unde

2233 3482 2440 3546 quando
2457 3483 2770 3551 Smaragdus
2790 3481 2934 3540 dicit.
2958 3490 3014 3534 ut
3032 3481 3325 3536 dorruiatur
3350 3499 3367 3532 ι
3389 3482 3518 3535 hora
3545 3481 3767 3546 septima

2235 3551 2403 3603 net-tis
2434 3562 2560 3606 tota.
2595 3550 2660 3604 et,
2690 3561 2873 3607 octava
2903 3550 3148 3613 dimidia;
3199 3561 3322 3605 tunc
3375 3553 3579 3619 pulsato
3618 3551 3768 3618 signo

2233 3632 2420 3690 enines
2449 3621 2643 3687 pariter
2669 3630 2901 3685 surgant,
2924 3631 2977 3674 et
3004 3622 3082 3676 sic
3105 3621 3192 3678 illa
3215 3637 3334 3690 qua:
3365 3630 3526 3674 restat
3555 3622 3766 3674 dimidia

2235 3688 2363 3742 liora
2391 3691 2457 3742 de
2483 3699 2662 3743 octava
2685 3690 2819 3743 inter
2847 3691 3112 3759 signorum
3143 3688 3437 3758 explicetur
3464 3691 3758 3751 intervalla,

2236 3770 2290 3812 ttt
2317 3764 2382 3812 ab
2411 3761 2506 3812 hac
2550 3761 2674 3812 liora
2705 3775 2841 3812 nona
2887 3761 3057 3814 noctis
3107 3761 3380 3815 inchoetur
3419 3761 3609 3828 psalmi
3655 3761 3766 3813 laus

2237 3828 2347 3896 ipsa
2381 3841 2656 3897 nocturna,
2697 3847 2715 3880 ι
2748 3828 2815 3882 ita
2847 3828 3156 3896 capiendum
3185 3843 3266 3884 est
3297 3847 3312 3883 :
3343 3829 3472 3884 Cum
3502 3829 3766 3883 breviores

2234 3909 2358 3950 Illlll
2403 3901 2570 3952 noctis
2612 3899 2778 3960 horta.
2812 3909 2931 3965 puta
2963 3915 3142 3955 mense
3167 3901 3384 3961 Martio;
3418 3913 3539 3952 nam
3565 3899 3766 3967 quando

2236 3968 2546 4046 prolixiores
2607 3973 2858 4046 existtint,
2921 3979 2974 4021 ut
3008 3985 3202 4046 _mense
3250 3969 3553 4046 Decembri,
3590 3982 3762 4021 oetava

2234 4037 2538 4098 inrhoante.
2570 4047 2660 4090 aut
2688 4038 2874 4092 saltem
2903 4041 3057 4104 paulo
3089 4051 3203 4107 post
3238 4037 3559 4107 surgendum
3587 4050 3686 4101 est,
3715 4049 3764 4090 et

2237 4110 2410 4174 elapsa
2442 4108 2636 4169 media,
2669 4125 2783 4176 qua:
2816 4109 2867 4161 in
2894 4117 3126 4162 nostram
3159 4111 3341 4164 horam
3372 4109 3662 4162 secundam
3689 4110 3763 4160 in-

2236 4177 2377 4241 cidit,
2410 4179 2533 4230 dato
2572 4178 2759 4230 ultimo
2793 4180 2975 4246 signo,
3006 4179 3303 4247 incipienda
3334 4188 3594 4232 nocturna
3626 4177 3757 4239 laus;

2235 4249 2280 4299 si
2307 4261 2478 4300 tamen
2503 4248 2557 4301 S.
2592 4249 2902 4303 Benedictus
2926 4249 3095 4302 media
3132 4257 3255 4302 ante
3293 4249 3540 4301 ultimum
3564 4248 3761 4314 vigilia-

2237 4333 2352 4370 rum
2386 4317 2590 4386 signum
2623 4315 2812 4372 fratres
2855 4334 3070 4386 surgere
3094 4318 3317 4372 voluerit
3344 4357 3360 4382 ,
3387 4331 3522 4386 quos
3549 4318 3761 4370 vestitos

2235 4385 2466 4440 dormire
2498 4386 2666 4453 jubet,
2691 4400 2746 4440 ut
2778 4389 2885 4441 sint
2914 4385 3100 4452 parati,
3132 4398 3185 4442 et
3208 4387 3346 4439 facto
3375 4385 3528 4456 signo
3573 4386 3761 4456 absque

2158 4489 2212 4548 D
2237 4460 3061 4548 [ἯΓέἕΨβῩἾῬῗὲη¹δ⁵1¹⁸Γ¹¹ἱεδθ
3083 4457 3370 4548 Nelei?"
3384 4455 3464 4548 1‘1-
3484 4455 3765 4548 θονυῗὲῗίε

2233 4540 2471 4593 quamvrs
2500 4527 2552 4580 id
2590 4528 2725 4580 haud
2763 4528 3062 4595 negaverim
3109 4538 3216 4580 tum
3250 4537 3462 4594 promer
3504 4527 3760 4595 Smaragdi

2228 4596 2616 4666 auctoritatem,
2651 4606 2757 4649 tum
2788 4594 2906 4664 quia
2939 4597 2989 4648 id
3015 4596 3299 4666 colligituri
3315 4611 3382 4650 ex
3412 4597 3629 4666 antiquo
3667 4594 3760 4648 0r-

2229 4665 2353 4717 dtne
2383 4666 2800 4719 convet'Sationis
2845 4667 3158 4721 monasticae
3181 4667 3238 4721 S.
3276 4665 3568 4722 Benedicto
3591 4678 3758 4730 peti)?-

2230 4749 2343 4787 ram
2375 4736 2626 4802 ascripto,
2654 4737 2748 4789 sed
2779 4745 2953 4788 tamen
2989 4745 3230 4799 vetusto;
3269 4745 3377 4788 tiim
3417 4738 3542 4804 quia
3576 4734 3636 4804 id
3665 4747 3762 4786 non

2230 4806 2471 4876 obscure
2487 4807 2714 4876 insinuat
2741 4807 2849 4873 ipsa
2875 4805 3070 4872 Regula
3096 4820 3215 4876 cap.
3238 4805 3328 4868 48,
3352 4802 3502 4872 plura
3525 4802 3590 4876 ad
3615 4802 3758 4855 horas

2229 4874 2389 4927 divini
2418 4874 2575 4928 ofﬁcii
2605 4872 3250 4944 signa’prznscribeustt
3274 4888 3401 4930 sane
3427 4872 3636 4944 modice
3657 4887 3758 4924 am-

2232 4944 2364 5014 plius
2389 4945 2453 4997 de
2483 4943 2832 5014 niedia’nocte
2862 4945 3122 4998 duntaxat
3153 4958 3375 5014 pausare
3413 4943 3616 5014 debent
3651 4957 3754 5014 mo-

2229 5013 2381 5067 nachi
2402 5056 2416 5074 .
2440 5013 2578 5081 quod
2608 5015 2870 5067 mollicum
2917 5029 3021 5068 non
3044 5011 3168 5082 jam'
3195 5013 3485 5074 modicum.
3517 5012 3615 5065 sed
3649 5011 3758 5080 jure

2232 5085 2517 5136 niaximum
2561 5082 2848 5146 videbitur;
2879 5084 2924 5138 si
2955 5086 3091 5152 ultra
3137 5085 3390 5152 integram
3431 5084 3620 5134 horam
3647 5096 3755 5152 eum

2229 5153 2447 5205 dimidia
2475 5153 2810 5218 extendatur,
2837 5170 2958 5208 cum
3005 5151 3075 5206 ad
3120 5153 3218 5206 hoc
3251 5149 3516 5206 Vsullicere
3541 5149 3755 5205 mediani

2229 5236 2430 5277 asserat
2461 5222 2756 5278 Bernartius
2776 5222 3124 5279 Cassineusis.
3162 5221 3226 5275 Et
3257 5224 3368 5275 hinc
3395 5222 3551 5276 nobis
3573 5221 3754 5274 certior

2229 5293 2434 5345 videtur
2462 5295 2527 5347 de
2551 5293 2808 5361 assignata
2828 5310 2856 5346 a
2883 5295 2942 5349 S.
2963 5295 3023 5347 P.
3047 5293 3332 5346 Benedicto
3360 5293 3490 5346 hora
3522 5291 3754 5358 surgendi

2227 5363 2509 5427 sententia,
2543 5378 2698 5430 quam
2725 5363 3003 5418 confirmat
3033 5362 3366 5420 Hildemarus
3395 5362 3626 5430 iterum,
3645 5373 3754 5412 cum

2227 5432 2326 5484 sibi
2357 5432 2632 5500 objiciens.
2664 5435 2801 5502 quod
2827 5431 3102 5486 Decembri
3131 5443 3186 5486 et
3213 5432 3464 5502 Januario
3493 5444 3596 5502 nos
3615 5429 3758 5483 horas

2226 5503 2408 5554 decem
2425 5497 2493 5556 'et
2513 5513 2633 5557 octo
2655 5497 2869 5566 habeat;
2899 5502 3184 5571 respondet
3204 5501 3264 5557 S.
3291 5500 3502 5555 Patrem
3523 5497 3590 5554 ad
3605 5503 3756 5571 μιαι-

2227 5571 2480 5642 noctium;
2506 5589 2610 5642 quo
2638 5574 2826 5626 diebus
2849 5568 3006 5640 pares
3025 5583 3153 5642 sunt
3178 5582 3384 5633 noctes,
3409 5568 3721 5642 rapuisse:

2299 5639 2366 5694 Ut
2417 5635 2611 5695 modice
2645 5635 2865 5710 amplqu
2890 5642 2953 5696 de
2999 5637 3166 5694 media
3205 5648 3350 5694 nocte
3375 5635 3660 5710 palmula]
3685 5637 3762 5694 EI

2227 5713 2325 5765 hoc
2367 5712 2482 5769 loco
2525 5707 2855 5767 manifestum
2882 5718 2965 5767 est
3013 5725 3106 5765 eos
3151 5725 3180 5762 a
3227 5707 3524 5779 pra-stilum
3555 5707 3754 5780 Regulae
