3916 6226
37 436 164 489 ἱῖὶῗ

1123 428 1388 484 REtilLA
1432 431 1911 487 ΕΟΜΜΕΝΤΑΤΔ.
1957 434 2103 487 CAP.
2149 434 2282 488 XVI.

3045 476 3057 513 1
3220 430 3320 481 438

35 551 206 601 lere,
234 549 453 610 septeni
477 540 591 595 illas
615 541 871 610 signiﬁcat
900 541 1041 595 vices
1067 541 1255 610 quibus
1278 558 1335 595 se
1354 545 1638 597 inouziclio-
1669 549 1721 605 Α
1818 545 1890 599 Ex
1916 547 2076 599 dictis
2102 546 2356 599 hactenus
2387 547 2512 598 satis
2546 546 2771 599 refutatu
2805 554 2983 597 manet
3032 546 3307 598 Ncormsa-

36 626 190 664 rum
208 609 430 664 devotio
440 609 760 674 consolatur,
774 612 823 665 id
837 609 1247 677 cst,matutinas.
1266 615 1495 671 tertiam.
1512 630 1639 668 sex-

38 694 208 741 sani,
227 696 451 746 nonani,
471 681 842 745 lucernariuin,
865 682 1256 749 completorios,
1280 692 1581 749 nocturnos.
1614 704 1632 735 ι

36 751 237 821 303
254 750 470 821 Similes
492 752 649 803 lioras
669 752 893 804 instituit
910 746 1111 821 Regula
1130 750 1188 804 S.
1214 746 1415 812 lsidori,
1445 769 1559 818 cap.
1583 756 1635 806 7.

44 818 327 888 Denique
354 818 415 874 S.
455 820 677 873 Basilius
707 830 910 887 septem
937 818 1095 873 etiam
1123 821 1281 874 horas
1317 838 1556 877 recenset
1587 828 1636 877 in
1688 862 1691 865 ‹

39 905 246 943 serui.
278 889 308 943 1
336 889 402 943 de
431 889 758 945 liistiiutiOne
791 891 1190 952 monachorum,
1220 893 1305 944 ubi
1332 892 1409 946 sic
1435 894 1639 947 discur-

46 961 182 1012 rit:
215 977 235 1010 ι
260 960 312 1029 ls
341 960 566 1013 maxime
592 961 837 1012 horarum
867 961 1054 1013 modus
1085 961 1344 1014 tenendus
1369 966 1469 1020 es't,
1498 966 1583 1029 qui
1606 980 1638 1017 a

43 1028 289 1083 sanctis
314 1030 440 1082 viris
455 1030 519 1081 ad
543 1031 835 1083 orationem
864 1031 1160 1096 descriptus
1180 1040 1281 1085 est.
1303 1032 1504 1086 Etenim
1522 1028 1639 1086 exi-

48 1101 222 1151 utilis
254 1100 344 1152 ille
373 1100 531 1170 David
558 1105 667 1153 ait:
700 1098 869 1151 Medio
904 1111 1049 1152 nocte
1076 1101 1339 1165 surgebam
1387 1103 1454 1152 ad
1481 1104 1640 1170 Conﬁ-

50 1170 293 1222 tendum
338 1168 427 1240 tibi
471 1186 621 1236 super
661 1171 862 1239 judicia
897 1170 1112 1240 justitiar
1150 1180 1282 1233 tum;
1310 1186 1465 1239 quem
1511 1168 1638 1226 sane

47 1255 298 1306 quoque
350 1239 541 1292 Paulus
567 1249 622 1293 et
664 1240 801 1293 Silas
841 1239 1007 1293 secuti
1038 1240 1393 1308 reperiuntur,
1437 1243 1551 1310 qui,
1584 1243 1638 1295 in

50 1324 303 1362 carcere
330 1310 504 1376 positi,
535 1310 746 1363 circiter
784 1310 1014 1363 mediam
1055 1320 1263 1363 noctem
1296 1310 1458 1363 Deum
1482 1314 1638 1365 ambo

53 1379 471 1432 collaudarcut.
508 1380 665 1431 Addit
691 1380 883 1433 deinde
906 1378 1044 1432 idem
1072 1381 1327 1446 propheta
1353 1400 1364 1432 :
1395 1396 1635 1449 vespere,

58 1464 248 1501 mane
280 1457 336 1501 et
380 1449 616 1501 meridie.
658 1449 791 1515 Quin
822 1458 875 1501 et
911 1450 1141 1517 Spiritus
1169 1459 1384 1503 sanctus
1425 1452 1638 1506 circiter

58 1520 273 1572 horam
296 1519 401 1571 diei
431 1519 633 1571 tertiam
661 1519 846 1583 adluit,
872 1519 1008 1570 sicut
1032 1520 1082 1571 iii
1114 1520 1257 1571 Actis
1280 1521 1632 1588 accipimus...

60 1588 256 1642 Porro
280 1603 417 1640 nona
441 1590 721 1642 dominica:
750 1589 1009 1654 passionis
1040 1590 1352 1641 memoriam
1402 1594 1631 1644 refert...

61 1656 286 1712 Verum
318 1660 560 1725 quoniam
589 1659 711 1712 item
740 1658 838 1710 hoc
880 1667 967 1711 est
993 1660 1130 1726 apud
1161 1659 1401 1712 eumdem
1434 1659 1631 1713 Davsd:

62 1729 293 1794 Septies
317 1730 368 1781 in
394 1729 473 1780 die
499 1729 701 1781 tandem
722 1728 831 1798 dixi
865 1727 953 1779 tibi
996 1744 1145 1792 super
1181 1730 1377 1798 judicia
1416 1732 1636 1798 justitire

64 1810 228 1863 tute,
273 1809 508 1864 tempora
555 1809 728 1851 autem
781 1797 867 1849 illa
908 1812 1027 1864 quae
1078 1797 1306 1851 diximus
1356 1797 1628 1865 orationis,

62 1869 449 1934 septenarinm
476 1881 754 1922 numerum
790 1882 896 1920 non
928 1866 1234 1931 conﬁciunt,
1277 1868 1524 1936 bipartito
1548 1872 1631 1923 di-

66 1937 319 1991 videnda
346 1950 425 1991 est
462 1939 635 1992 oiatio
686 1936 996 1999 meridiana,
1026 1937 1093 1988 ita
1133 1936 1382 1993 videlicet
1425 1949 1481 1993 ut
1514 1955 1636 2006 pars

70 2023 194 2059 una
221 2009 397 2079 cibum
443 2007 725 2079 praeco-dat,
759 2008 921 2079 altera
964 2007 1343 2079 subsequatur,
1373 2024 1478 2078 quo
1522 2025 1639 2079 per-

70 2087 248 2142 petua
281 2078 395 2147 hinc
421 2077 573 2130 nobis
598 2078 817 2130 formula
860 2077 929 2130 sit
964 2076 1129 2147 Deum
1154 2078 1353 2145 septies
1394 2076 1496 2147 per
1523 2076 1639 2131 sin-

77 2148 249 2215 gulas
293 2145 499 2199 dierum
530 2147 912 2200 conversiones
965 2146 1206 2199 laudibus
1253 2145 1574 2202 celebrandi.
1618 2169 1636 2200 ι

81 2218 367 2270 Hactenus
430 2216 489 2270 S.
545 2217 809 2277 Basilius,
864 2218 951 2283 qui
1012 2216 1139 2269 licet
1185 2216 1423 2271 videatur
1484 2219 1641 2272 lioras

71 2296 297 2354 septem
323 2286 621 2350 admittere,
648 2300 830 2339 revera
858 2295 1032 2339 tamen
1062 2301 1167 2337 uoti
1216 2287 1317 2340 nisi
1352 2302 1447 2342 sex
1482 2304 1644 2354 agno-

74 2360 240 2419 scit;
273 2370 391 2409 natn
422 2366 644 2416 sextam,
676 2370 833 2423 quam
860 2355 1203 2408 meridianam
1230 2368 1405 2421 vocat,
1432 2360 1483 2411 in
1513 2360 1644 2413 duas

75 2427 308 2488 dividit,
340 2425 482 2477 nulla
510 2424 645 2478 facta
674 2426 857 2491 prima:
886 2434 971 2477 aut
998 2425 1324 2491 completorii
1352 2429 1639 2482 mentione.

78 2494 236 2549 Alibi
267 2510 393 2551 vero
420 2493 625 2565 (Regul.
655 2492 863 2547 Fusior.
897 2510 943 2547 c.
977 2492 1066 2563 57)
1106 2496 1339 2565 quinque
1387 2511 1481 2563 per
1505 2498 1645 2551 diem

81 2570 333 2634 assignat
363 2564 539 2630 horas,
576 2576 684 2618 tres
723 2579 817 2632 per
848 2573 1077 2627 noctem,
1119 2564 1320 2618 scilicet
1371 2581 1466 2633 per
1503 2567 1646 2620 diem

84 2636 412 2688 matutinum
438 2638 548 2688 sive
574 2634 882 2701 diluculum,
917 2636 1144 2698 tertiam,
1170 2646 1395 2699 sextam,
1433 2650 1643 2699 nonam,

86 2713 158 2758 et
187 2704 559 2759 eucharistiam
594 2705 852 2775 completa
882 2703 997 2768 die;
1038 2718 1134 2773 per
1163 2714 1370 2759 noctem
1404 2720 1530 2762 vero
1558 2721 1650 2775 pe-

86 2775 340 2828 titionem
365 2778 536 2827 nnctis
552 2776 722 2837 initio,
738 2774 963 2827 mediam
983 2783 1284 2841 noctem,"
1305 2785 1426 2830 ante
1446 2774 1650 2831 dilucu-

85 2848 240 2907 lum;
266 2859 383 2911 quaa
405 2844 537 2898 forte
557 2845 720 2898 tribus
740 2844 1034 2913 vigiliarum
1058 2854 1359 2899 nostrarum
1381 2848 1652 2901 nocturnis

86 2917 437 2982 respondent.
456 2914 603 2967 Nulla
629 2914 759 2968 facta
781 2915 960 2982 prima:
974 2926 1064 2967 aut
1082 2914 1413 2983 completorii
1429 2928 1650 2970 mentio-

88 2998 189 3043 ne,
221 2984 319 3059 nisi
349 2984 484 3059 forte
506 2987 623 3059 quis
650 2999 770 3039 cum
801 2984 1050 3059 Menardo
1077 2984 1218 3059 dicat
1250 2988 1557 3053 petitionem
1586 2989 1654 3041 de

86 3068 202 3122 qua
252 3052 336 3125 hic
362 3051 424 3125 S.
456 3051 675 3125 Basilius
721 3068 841 3108 esse
876 3051 1309 3122 conipletoriuni:
1341 3071 1456 3125 quae
1480 3067 1654 3111 tamen

88 3123 372 3195 completa~
409 3123 514 3195 jam
539 3124 624 3177 die
641 3125 983 3192 ~incoeptaque
1007 3134 1161 3178 nocte
1189 3123 1479 3189 dicebatur,
1506 3127 1656 3195 cujus

91 3206 201 3248 nec
218 3192 458 3245 meminit
486 3194 534 3244 in
557 3207 714 3260 supra
740 3196 900 3246 citato
921 3195 1162 3249 serm.de
1179 3195 1513 3249 Institutione
1532 3192 1647 3248 nio-

1749 616 1940 669 riensis
1998 616 2249 669 Ecclesia:
2283 617 2594 669 clericorum
2654 616 2945 677 temeritas,
2996 617 3083 680 qui
3119 614 3313 669 liasilin

1746 686 1935 755 Magno
1954 685 2237 746 aliquando
2269 688 2394 740 vitio
2424 697 2631 739 vertere
2662 687 2773 738 ausi
2809 696 2927 738 sunt
2970 687 3109 753 quod
3157 690 3309 739 statis

1744 758 2009 824 certisque
2063 756 2209 809 horis
2276 756 2386 809 Deo
2437 757 2620 808 laudes
2665 756 3016 818 persolveret,
3048 757 3306 809 ‘dict-ntes

1744 826 1906 878 moris
1938 824 1987 877 id
2020 841 2123 879 non
2173 824 2335 879 fuisse
2375 840 2567 894 magno
2622 825 2877 892 Gregorio
2910 825 3309 884 'l‘liatimaturgo

1743 896 2035 963 appellato;
2078 909 2211 963 quos
2255 896 2345 948 ille
2370 898 2526 962 epist.
2555 896 2624 948 63
2651 895 2907 949 conl‘utut.
2967 895 3071 948 Sed
3128 906 3175 948 et
3212 898 3310 949 Ein-

1744 974 1912 1030 pietas
1966 964 2221 1032 Lampetii
2269 964 2521 1027 hzeretici,
2557 980 2624 1018 ex
2665 979 2821 1016 emno
2863 965 3304 1031 Massalianornni

1741 1036 2049 1093 exorti,eos
2070 1036 2155 1104 qui
2186 1035 2418 1088 deﬁnitis
2450 1034 2595 1087 horis
2628 1034 2804 1086 divina
2846 1034 3178 1089 celebrarent
3220 1040 3304 1090 of-

1746 1104 1862 1155 ﬁcia
1890 1105 2061 1158 adhuc
2106 1106 2205 1172 legi
2253 1104 2457 1158 servire
2500 1105 2809 1163 asserentis,
2838 1115 2909 1156 uti
2942 1106 3119 1157 videre
3144 1120 3219 1159 est
3254 1110 3334 1157 in.

1745 1174 2069 1227 Bibliotheca
2101 1174 2292 1239 Pliotii,
2325 1190 2378 1226 ii.
2408 1175 2498 1237 5'2,
2524 1176 2589 1228 de
2636 1175 2853 1243 Synodo
2898 1174 3166 1231 Sidetziua.
3200 1178 3306 1232 Sed

1741 1243 1805 1296 ad
1835 1244 2044 1312 Regulte
2079 1253 2283 1297 textum
2307 1246 2581 1297 veniamus
2620 1250 2623 1251 ⁷

1815 1313 1975 1387 υιῄιιὶι
2018 1313 2313 1387 Prop/icta:
2349 1314 2548 1387 Septies
2576 1315 2627 1365 in
2669 1314 2998 1387 dieul‘audem
3024 1317 3132 1367 diri
3166 1316 3302 1387 tibi.]

1744 1384 1901 1450 Quasi
1928 1385 2269 1445 semetipsum
2296 1394 2387 1435 aut
2406 1386 2564 1435 alium
2596 1383 2889 1450 quemlibet
2924 1383 3300 1451 interrogando

1743 1456 1799 1505 8.
1852 1453 1909 1506 Ρ.
1968 1453 2279 1506 Benedicuis
2338 1455 2387 1504 iii
2448 1453 2601 1514 liuius
2647 1454 2836 1515 capitis
2869 1453 3020 1504 titulo
3054 1454 3301 1508 dixerat:

1743 1524 1996 1593 Qualiter,
2026 1525 2074 1575 id
2113 1533 2193 1575 est
2221 1525 2449 1587 quoties,
2479 1523 2653 1593 divino
2694 1539 2848 1589 opera
2880 1540 2969 1586 per
2995 1525 3125 1574 diem
3153 1542 3300 1593 ogan~

1737 1593 1859 1644 tur?
1892 1592 2077 1646 Postea
2112 1593 2261 1659 quasi
2297 1592 2685 1658 iespotitlcndo,
2735 1594 2901 1659 inquit
2945 1593 3075 1644 llildt
3100 1592 3299 1655 murus,

1737 1674 1791 1714 et
1820 1673 1937 1729 post
1964 1678 2084 1716 eum
2119 1664 2420 1715 Bernardus
2442 1661 2795 1721 Cassincnsis,
2829 1665 3031 1725 reponit
3072 1680 3081 1713 2
3122 1663 3186 1715 (ft
3228 1669 3299 1717 ait

1738 1733 1984 1798 praplieta
2018 1748 2035 1784 :
2072 1731 2268 1799 Septies
2300 1733 2350 1784 iii
2382 1733 2464 1783 die
2498 1733 2696 1783 laudem
2722 1732 2831 1783 dixi
2863 1732 2969 1793 tibi,
2998 1736 3302 1798 prophetica

1739 1805 1924 1864 verba,
1951 1803 2107 1855 sicuti
2134 1803 2277 1855 aiunt
2298 1800 2534 1870 praedicti
2556 1812 2823 1864 auctores,
2844 1817 2945 1854 non
2968 1817 3179 1854 sensum
3204 1820 3302 1858 suo

1669 1904 1715 1961 B
1740 1871 2334 1961 adaptanSOpropos‘ito:
2365 1886 2487 1951 nam
2520 1870 2773 1961 propitiata
2796 1888 3078 1961 tinnit-rimi
3116 1874 3301 1961 deﬂui:

1744 1950 1852 1993 tum
1886 1956 1981 2008 pro
2003 1941 2278 1994 indeﬁnito
2307 1943 2563 2008 assignat,
2591 1951 2648 1993 ut
2676 1940 2813 1993 idem
2853 1945 2920 1994 sit
2948 1945 3131 2007 septies
3162 1944 3302 2009 quod

1741 2024 1972 2076 semper,
2002 2019 2217 2063 econtra
2249 2026 2372 2063 vero
2401 2011 2458 2064 S.
2492 2010 2550 2063 P.
2590 2010 2922 2063 Benedictus.

1815 2080 2238 2147 Quiseptenarius
2263 2088 2490 2132 sacratus
2507 2096 2763 2141 numerus,
2791 2077 2920 2147 etc.]
2936 2081 3301 2147 Septenai-ium

1744 2165 2020 2202 numerum
2048 2160 2309 2202 sacratum
2362 2150 2593 2216 appellat
2647 2148 2715 2199 oh
2767 2149 3040 2203 innumeia
3091 2167 3206 2217 qua).
3253 2159 3305 2205 in

1743 2235 1861 2273 sese
1888 2219 2109 2272 includit
2136 2228 2466 2272 sacramenta
2493 2234 2507 2281 ;
2540 2233 2602 2273 ex
2651 2219 2843 2288 quibus
2891 2219 3064 2288 aliqua
3102 2224 3300 2276 revelat

1743 2291 1802 2343 8.
1832 2290 2008 2343 Brutio
2050 2288 2344 2357 Signiensis
2398 2289 2679 2358 episcopus
2730 2287 2810 2340 liis
2868 2287 3039 2341 verbis
3079 2290 3216 2358 (Lib.
3255 2308 3303 2345 tv

1748 2359 1923 2423 Sent.,
1958 2376 2003 2411 c.
2040 2355 2138 2421 15,
2170 2359 2324 2411 serm.
2355 2355 2447 2423 2)£
2495 2355 2751 2411 «constat
2798 2373 2901 2411 non
2944 2355 3115 2412 solum
3166 2365 3302 2428 apud

1750 2444 1867 2491 nos,
1890 2444 2072 2483 verum
2093 2428 2251 2482 etiam
2277 2429 2412 2496 apud
2436 2429 2611 2482 διερρυιὶ
2639 2431 2922 2494 sapientes,
2947 2440 3303 2493 septenarium

1750 2514 2029 2552 numerum
2081 2498 2501 2551 sacratissimum
2553 2513 2617 2550 ac
2670 2497 3111 2563 perfectissimum
3165 2516 3305 2561 esse.

1749 2569 1997 2635 quoniam
2046 2576 2101 2621 et
2146 2568 2321 2635 quoia
2354 2577 2613 2635 tempora,
2642 2578 2694 2620 et
2726 2582 2912 2621 omnes
2937 2570 3138 2621 numeri
3170 2572 3219 2623 iii
3242 2586 3306 2623 ei.

1750 2638 2109 2690 continentur.
2145 2636 2362 2688 Constat
2396 2639 2537 2689 enim
2566 2652 2630 2689 ex
2662 2637 2772 2703 pari
2792 2636 2854 2705 id
2878 2645 2960 2689 est
2984 2650 3229 2705 quatuor,
3254 2651 3308 2692 et

1752 2721 1812 2759 ex
1842 2709 2011 2775 primo
2037 2707 2224 2775 impari
2256 2705 2306 2757 id
2333 2715 2416 2758 est
2437 2706 2631 2759 tribus:
2658 2704 2831 2775 omnis
2850 2704 3024 2757 autem
3054 2722 3306 2761 numerus

1753 2773 1855 2830 aut
1878 2792 1972 2845 par
2007 2773 2128 2838 est;
2164 2786 2254 2829 aut
2302 2775 2490 2843 impar.
2550 2773 2736 2828 Omnis
2780 2788 2908 2843 ergo
2951 2790 3205 2830 numerus
3240 2794 3306 2832 ex

1756 2846 2039 2913 septenarii
2070 2847 2305 2913 partibus
2326 2845 2681 2909 constituitur,
2714 2855 2768 2897 et
2816 2859 2908 2910 per
2936 2845 3035 2898 lioc
3062 2847 3150 2899 alii
3206 2862 3302 2899 iiii-

1758 2916 1888 2970 nieri
1920 2918 1972 2969 in
2004 2917 2106 2971 hoc
2126 2931 2230 2969 uno
2261 2913 2481 2968 numero
2510 2915 2868 2968 continentur.
2897 2914 3030 2985 llinc
3056 2926 3136 2969 est
3166 2920 3305 2985 quod

1755 2985 1923 3040 Judtei
1954 2995 2154 3053 septeni
2185 2985 2371 3039 diebus
2395 2985 2678 3038 comedunt
2697 2998 2908 3054 azyma,
2926 2983 3047 3054 hinc
3069 2995 3150 3039 est
3169 2983 3306 3054 quod

1757 3065 1959 3124 septem
1988 3058 2172 3109 diebus
2215 3056 2487 3109 celebrant
2520 3055 2853 3115 festivitates,
2898 3053 3021 3107 liiuc
3052 3065 3133 3108 est
3166 3053 3305 3123 quod

1750 3141 1945 3179 manus
1972 3124 2307 3179 sacerdotum
2330 3126 2539 3192 quando
2560 3124 2873 3178 ordinantur
2891 3133 3091 3189 septem
3124 3126 3308 3178 diebus

1761 3204 2027 3263 unguntur
2057 3195 2109 3247 et
2147 3204 2547 3257 causecrantur,
2593 3194 2714 3246 hinc
2752 3201 2835 3263 est
2881 3194 3020 3263 quod
3072 3197 3305 3260 pontifex

96 3263 286 3322 nach.,
313 3276 409 3315 nec
429 3259 727 3332 quisquam,
758 3264 945 3316 saltem
974 3278 1129 3331 quem
1163 3266 1349 3325 sciam,
1381 3277 1504 3319 ante
1523 3280 1645 3319 eum
1674 3259 1719 3317 C
1753 3259 1973 3332 tan'gens
2000 3266 2051 3316 in
2078 3264 2342 3330 sanguine
2378 3264 2596 3330 digitum
2648 3261 2842 3332 septies
2873 3259 3083 3332 projicit
3123 3275 3307 3317 contra

97 3335 159 3387 in
203 3330 738 3405 0riente.__Qi_iidqu_id
790 3334 879 3393 sit,
925 3330 1069 3405 certe
1094 3349 1169 3405 ex
1213 3335 1367 3388 dictis
1398 3335 1651 3405 hactenus

102 3412 254 3472 patet
283 3412 405 3455 ante
430 3401 488 3455 S.
523 3399 859 3472 Benedictum
904 3417 932 3453 a
973 3402 1135 3472 pullis
1163 3406 1461 3458 celebratas
1492 3400 1653 3458 fuisse

102 3412 254 3472 patet
283 3412 405 3455 ante
430 3410 488 3455 8.
524 3410 859 3455 Benedictum
904 3417 932 3453 a
1017 3410 1135 3455 ullis
1163 3410 1461 3458 celebratas
1492 3410 1653 3458 fuisse

96 3483 309 3539 septem
340 3472 496 3524 simul
543 3471 702 3525 horas
726 3410 1031 3535 canonich‘,
1059 3487 1190 3538 quas
1238 3488 1378 3527 nunc
1405 3475 1653 3527 observat

105 3541 377 3606 Ecclesia;
404 3556 522 3594 nam
547 3542 668 3596 licet
697 3549 879 3595 essent
901 3554 1086 3593 omnes
1102 3542 1210 3608 jam
1245 3545 1515 3608 institutae,
1547 3558 1653 3596 non

97 3626 295 3665 omnes
320 3624 491 3666 tamen
504 3611 1074 3665 eodemdicebau'turin
1104 3611 1239 3676 loco,
1267 3612 1387 3665 aliis
1410 3615 1650 3680 primam,

99 3682 230 3736 aliis
255 3681 655 3747 completorinm
685 3680 1225 3749 prietertniitentibus.
1254 3682 1466 3749 Septem
1498 3681 1655 3737 horas

104 3753 163 3806 iii
195 3753 280 3805 die
300 3752 519 3805 naturali
552 3751 923 3821 persolvebaot
952 3750 1209 3814 nonnulli,
1237 3765 1304 3805 ex
1341 3752 1533 3819 quibus
1560 3768 1665 3806 se;

102 3835 167 3875 ut
200 3822 477 3891 plurimum
519 3819 572 3874 in
599 3819 997 3892 dieartiﬁciali,
1019 3825 1308 3892 septimam
1337 3832 1513 3892 nocte
1558 3822 1655 3875 de-

102 3889 412 3947 can’tabant.
445 3894 509 3946 At
540 3906 663 3946 vero
690 3891 747 3946 S.
774 3889 832 3944 Pi
861 3889 1178 3952 Benedictus.
1200 3891 1472 3960 propheta:
1501 3906 1656 3946 secu-

109 3974 201 4017 tus
222 3962 543 4029 exemplum,
568 3972 770 4031 septem
793 3963 844 4013 in
862 3962 947 4015 die
970 3960 1229 4013 artiﬁciali
1244 3961 1656 4025 horasinstituii,

103 4044 165 4085 et
179 4042 329 4085 nocte
341 4034 406 4086 ad
421 4032 780 4087 conﬁtendum
797 4032 905 4085 Deo
921 4031 1105 4083 fratres
1124 4046 1341 4099 surgere
1355 4034 1542 4085 voluit.
1560 4034 1658 4097 Qui

109 4114 288 4155 autem
312 4114 431 4170 post
449 4116 568 4157 eum
594 4116 948 4171 supervenere
974 4101 1316 4171 legis-latores,
1336 4103 1473 4155 liunc
1502 4108 1658 4156 etiam

109 4185 385 4224 numerum
414 4170 695 4234 auxeruni;
722 4186 840 4224 nam
859 4172 915 4225 S.
951 4170 1269 4225 Fructuosus
1288 4174 1453 4239 episc.
1481 4173 1663 4225 Braca-

108 4242 281 4311 rens'is
295 4241 342 4293 iii
360 4244 522 4306 prima
542 4242 901 4311 “t'gULI(Ct1p.
916 4242 949 4292 9.
965 4254 1015 4293 et
1035 4242 1088 4308 5)
1116 4241 1352 4295 undecim
1371 4242 1526 4295 horas
1539 4258 1664 4296 con-

110 4310 297 4363 stituit.
319 4313 559 4378 primam,
582 4310 884 4370 secuiitlaui,
903 4312 1131 4372 tertiani,
1162 4322 1362 4365 sextam
1379 4351 1393 4374 ,
1444 4318 1660 4367 nonam.

111 4378 497 4450 duodecimam,
537 4396 828 4449 vesperam,
864 4383 1061 4432 initium
1096 4382 1287 4445 noctis,
1326 4382 1565 4450 synaxiin
1596 4381 1663 4432 ad

114 4447 345 4521 mediam
362 4460 591 4521 noctein,
614 4447 847 4521 Synaxiu.
866 4463 985 4517 post
999 4453 1223 4521 mediani
1241 4447 1467 4514 noctem,
1483 4462 1536 4504 et
1550 4467 1663 4502 ma-

116 4518 362 4590 tutinum.
400 4518 454 4570 lii
482 4518 711 4574 si-euu'da
747 4521 894 4590 (Cap.
916 4522 1025 4587 10),
1050 4520 1372 4587 quindecim,
1419 4522 1661 4587 primam,

80 4636 86 4639 .
115 4586 421 4679 secundam,
448 4586 953 4679 tertiam,quartain,
976 4586 1231 4679 quintam;
1255 4586 1479 4672 sextam,
1502 4592 1661 4655 septi-
1686 4618 1746 4679 -η

119 4669 284 4717 mam,
300 4664 555 4727 octavam,
579 4674 793 4727 nonam,
810 4660 1090 4726 decimam,
1115 4660 1461 4721 undecimam,
1483 4673 1671 4726 vespe-

119 4741 254 4788 ram,
277 4723 500 4797 mediani
514 4738 744 4793 noctem,
766 4723 1085 4797 gallicinium
1106 4746 1120 4792 ;
1143 4730 1400 4784 decimam
1424 4723 1659 4797 quintam

120 4810 226 4849 non
254 4795 533 4861 expressit,
565 4795 795 4851 attamen
825 4807 904 4852 tot
930 4799 1220 4853 instituisse
1243 4811 1383 4861 patet
1403 4795 1466 4853 ex
1493 4808 1658 4852 textu.

196 4862 426 4937 Denique
453 4868 852 4937 prodet-mittere
881 4869 967 4937 hic
1003 4883 1207 4935 nequeo
1234 4869 1372 4937 quod
1405 4870 1471 4922 de
1508 4869 1662 4922 insti-

122 4943 233 4989 tuta
258 4930 511 5011 psallendi
536 4934 739 5011 ratione
761 4936 921 5007 304
966 4938 1032 4991 ab
1050 4930 1358 5011 Alexandro
1388 4942 1661 5011 Accetnetn

124 5022 178 5059 in
208 5003 613 5073 monasterioad
645 5003 961 5073 Euptiraiem
981 5009 1241 5061 aediﬁcato
1255 5009 1442 5063 scribit
1460 5024 1663 5073 anony-

127 5087 246 5147 tniis
287 5069 449 5147 (Bob,
482 5069 749 5141 151mm}
804 5093 823 5121 t
850 5074 1082 5147 Primum
1115 5080 1166 5131 in
1220 5078 1417 5147 Regula
1468 5069 1663 5131 saan

126 5143 469 5198 institutionis
490 5155 725 5194 normam
747 5145 1087 5216 apostolicam
1107 5143 1349 5216 suscipit,
1371 5148 1659 5215 Statuitque

127 5215 354 5285 tertiani,
386 5219 634 5285 sextam,_
659 5226 873 5285 nonam,
900 5214 1151 5285 etsituul
1182 5214 1517 5272 nocturnum.
1555 5214 1653 5272 De-

129 5282 260 5355 inde
276 5280 523 5347 expendit
549 5280 673 5346 quid
723 5281 860 5333 Deus
894 5281 1092 5355 exigat,
1123 5295 1178 5339 et
1220 5286 1428 5340 invenit
1470 5287 1663 5355 ubique

128 5352 406 5421 septimum
432 5364 704 5421 numerum
740 5420 743 5421 ν
773 5351 1533 5421 ρτςιεάἰωτί,⁷ῳιθωδάωοί1υιιι
1576 5351 1666 5410 di-

130 5418 298 5476 citur:
329 5418 525 5488 Septies
548 5421 600 5471 in
620 5419 701 5470 die
730 5418 929 5472 laudem
959 5421 1068 5473 dixi
1088 5418 1214 5488 tibi;
1240 5435 1297 5479 et
1326 5426 1447 5479 illud
1479 5428 1667 5480 statuit

132 5490 374 5560 exsequi;
398 5489 536 5557 quod
570 5497 624 5559 et
658 5490 898 5556 perfecit,
926 5492 1120 5556 septies
1148 5493 1398 5558 interdiu,
1431 5505 1483 5548 et
1509 5506 1666 5549 noctu

132 5559 324 5630 septies
360 5559 662 5630 concipiens
715 5571 919 5625 preces,
967 5562 1240 5630 septennia
1284 5562 1426 5617 hunc
1456 5576 1667 5617 secutus

134 5628 213 5684 est
232 5642 486 5701 tenorem.
506 5648 540 5701 ν»
576 5628 760 5701 Postea
790 5643 913 5680 vero
944 5642 1040 5701 nec
1079 5629 1159 5701 liis
1183 5644 1463 5701 contentus
1486 5635 1666 5701 jngetn

106 5724 111 5727 -
138 5700 472 5763 psalmodiam
500 5699 755 5757 instituit;
780 5712 935 5764 quam
957 5698 1112 5749 etiam
1142 5700 1192 5751 iii
1210 5700 1445 5767 pluribus
1466 5698 1670 5755 ordinis

140 5772 297 5825 nostri
344 5769 671 5821 monasteriis
702 5770 927 5835 viguisse
983 5767 1165 5833 probat
1207 5778 1384 5823 noster
1437 5770 1670 5826 Mabillo-

147 5837 509 5904 iiitisiPrwfat.
542 5838 608 5890 ad
626 5851 847 5899 scec.»iv,
878 5848 1006 5902 part.
1038 5836 1113 5903 ii).

367 5952 630 6010 Punct.
680 5948 872 6010 LXV!

1758 3330 2174 3399 propitiatoriuin
2223 3339 2278 3385 et
2311 3332 2450 3385 fores
2500 3330 3015 3402 tabernaculi,'hinc
3044 3340 3125 3384 est
3165 3335 3304 3402 quod

1758 3403 1997 3469 leprosos
2018 3402 2351 3455 concluditur
2379 3410 2581 3467 septem
2623 3401 2829 3463 diebus,
2880 3399 3001 3453 hinc
3055 3412 3136 3454 est
3170 3399 3308 3467 quod

1757 3471 1913 3524 Maria
1942 3486 2094 3525 soror
2113 3472 2277 3541 Moysi
2300 3480 2503 3538 septeni
2525 3471 2708 3524 diebus
2725 3469 2917 3541 mansit
2941 3480 3088 3523 extra
3115 3484 3309 3536 castra,

1759 3542 1881 3595 hinc
1909 3553 1991 3594 cst
2018 3541 2158 3610 quod
2189 3540 2323 3594 muri
2355 3541 2569 3594 .lerielio
2596 3542 2792 3606 septies
2828 3540 3222 3595 circumdantur
3258 3556 3311 3597 et

1756 3622 2034 3676 corruunt,
2058 3612 2181 3665 hinc
2195 3619 2277 3664 est
2297 3611 2436 3677 quod
2460 3611 2654 3680 septies
2677 3611 2728 3664 iii
2756 3611 2841 3663 die
2858 3610 3065 3663 laudem
3093 3612 3313 3667 Dotnin‘n

1758 3680 2005 3746 dicimus,
2030 3682 2153 3734 Iiiuc
2178 3692 2261 3736 est
2281 3682 2422 3748 quod
2454 3695 2558 3734 neu
2581 3682 2753 3733 solum
2782 3682 2979 3747 septies
3015 3681 3112 3734 sed
3154 3686 3313 3736 etiam

1760 3753 2059 3819 septuagies
2086 3752 2244 3821 305
2263 3751 2459 3816 septies
2483 3752 2676 3811 nostris
2696 3750 3023 3821 debitoribus
3045 3752 3314 3809 dimittere

1756 3820 2023 3887 iubemur,
2057 3820 2180 3874 hinc
2228 3829 2308 3874 est
2344 3822 2484 3888 quod
2536 3822 2784 3883 telnplttm
2819 3820 3068 3872 8.ιιοιιι‹)η
3112 3835 3311 3888 Septem

1762 3891 1915 3943 annis
1957 3892 2246 3944 aediﬁcatur
2294 3901 2348 3943 et
2388 3900 2591 3957 septeni
2644 3890 2827 3942 diebus
2876 3889 3169 3943 dedicatur.
3204 3892 3314 3944 lloe

1763 3972 1963 4029 septeni
1995 3961 2269 4021 Ecclesiae,
2310 3971 2510 4027 septem
2538 3958 2877 4029 candelabra,
2902 3970 3104 4029 septem
3146 3961 3314 4013 lucer-

1765 4026 1867 4091 na}.
1916 4043 2117 4099 septem
2176 4026 2603 4099 sigilla,septeni
2660 4028 2832 4099 angeli
2878 4026 2999 4077 tuba
3043 4037 3313 4099 canentes.

1765 4094 2152 4169 septeni-panes
2183 4094 2391 4169 turbam
2421 4094 2727 4169 multamiu
2752 4095 2966 4169 deserto
2995 4096 3313 4169 reﬁcientes,

1764 4164 2037 4233 et'septem
2052 4178 2234 4238 gratia:
2254 4166 2480 4238 Spiritus
2496 4167 2665 4238 sancti
2687 4164 2985 4238 signiﬁcare
3008 4166 3268 4238 videntur.
3291 4188 3311 4219 s

1778 4232 1907 4293 Vide
1932 4232 2234 4293 Menardum
2265 4232 2330 4288 ad
2378 4238 2515 4287 liunc
2563 4232 2755 4298 locum,
2785 4243 2839 4289 et
2886 4232 3141 4287 Joannem
3159 4236 3313 4291 ‘Bona

1767 4310 1833 4363 de
1859 4310 2038 4362 Divina
2067 4306 2328 4361 Psalmod.
2359 4318 2475 4371 cap.
2504 4304 2557 4369 2,
2586 4305 2612 4370 §
2644 4305 2697 4355 5.

1844 4379 1974 4444 Quia
2001 4379 2063 4430 de
2090 4379 2167 4429 liis
2190 4375 2327 4427 horis
2356 4374 2552 4426 diurnis
2587 4374 2714 4425 dixit
2740 4390 2757 4425 .'
2788 4371 2981 4444 Septies
3008 4373 3057 4424 in
3098 4376 3179 4427 die
3207 4375 3314 4429 luu-

1766 4442 1882 4501 ἀειή
1915 4449 2021 4500 dixi
2054 4445 2185 4516 tibi]
2233 4444 2397 4511 Quem
2455 4444 2729 4511 [’rOplieta:
2758 4442 3073 4497 versiculum
3128 4446 3194 4500 de
3221 4450 3307 4502 die

1770 4517 2026 4570 artiﬁciali
2056 4518 2156 4570 late
2187 4526 2415 4578 sumpto,
2478 4523 2629 4582 prout
2656 4528 2847 4566 aurora
2905 4523 2957 4566 et
3006 4521 3317 4582 crepusculo

1769 4585 2241 4648 circumscribitur,
2298 4584 2355 4637 S.
2390 4585 2545 4638 Pater
2598 4585 2870 4653 intelligit;
2924 4583 3062 4635 hunc
3116 4588 3182 4639 de
3230 4591 3318 4642 die

1770 4657 2021 4719 naturali,
2050 4658 2137 4722 qui
2171 4656 2340 4709 lucem
2365 4666 2417 4707 et
2441 4653 2687 4725 tenebras
2713 4654 2868 4707 simul
2902 4655 3134 4717 involvit,
3160 4673 3317 4725 expu-

1768 4734 1901 4778 nunt
1951 4725 2006 4781 S.
2042 4725 2265 4778 Basilius
2294 4740 2451 4777 serui.
2511 4726 2531 4775 l
2566 4725 2633 4778 de
2674 4723 3001 4777 Institutione
3047 4723 3311 4792 inuitae—IL,

1767 4794 2053 4848 Cassianus
2077 4803 2132 4848 et
2158 4795 2268 4847 alii.

1840 4864 1978 4917 Nam
2024 4867 2087 4917 de
2108 4864 2365 4917 nocturnis
2394 4862 2579 4931 vigiliis
2608 4864 2738 4915 idem
2782 4865 2887 4931 ipse
2920 4860 3174 4931 Propheta
3211 4867 3316 4917 ait:

1770 4933 1943 4987 Media
1970 4934 2385 5003 noctesurgebam
2422 4930 2490 4984 od
2519 4930 3006 5003 confitendumitibiJ
3029 4932 3319 4987 Nocturnus

1772 5005 1978 5073 vigilias
2007 5002 2318 5058 auctoritate
2339 5003 2521 5073 divina
2539 5004 2837 5066 conﬁrmat,
2860 5002 3133 5073 Propheta;
3155 5003 3319 5055 addu-

1770 5070 1897 5127 cens
1923 5075 2246 5139 exemplum,
2275 5073 2362 5140 qui
2386 5071 2557 5125 media
2591 5083 2744 5125 nocte
2775 5070 3022 5140 surgebat
3057 5070 3121 5122 ad
3151 5074 3314 5125 conﬁ-

1773 5145 1984 5197 tendum
2013 5138 2152 5197 Deo:
2184 5138 2320 5209 quod
2345 5151 2516 5196 tamen
2548 5143 2603 5193 S.
2630 5141 2783 5195 Pater
2814 5156 2915 5193 non
2953 5138 3031 5192 sic
3078 5143 3320 5207 proponit

1767 5217 1916 5282 quasi
1947 5228 2044 5267 nos
2074 5208 2230 5267 vellet
2256 5212 2427 5282 media
2454 5222 2607 5265 nocte
2633 5225 2868 5282 surgere,
2897 5208 3088 5282 quibus
3115 5211 3320 5265 modice

1768 5280 1996 5351 amplius
2040 5283 2107 5336 de
2151 5280 2321 5335 media
2351 5291 2507 5334 nocte
2557 5281 2814 5346 permittit
2837 5295 2865 5351 ;_
2899 5280 2992 5351 sed
3036 5290 3234 5333 tantum
3264 5292 3321 5335 ut

1770 5347 2075 5408 ostenderet
2102 5352 2388 5405 monachos
2417 5358 2571 5402 nocte
2591 5363 2810 5417 surgere
2834 5347 3049 5413 debere,
3081 5360 3136 5417 ut
3159 5363 3323 5417 expo-

1774 5433 1905 5475 nunt
1929 5424 2265 5476 Hildemarus
2293 5428 2346 5471 et
2375 5418 2674 5470 Bernartius
2697 5415 3047 5470 Cassinensis.
3089 5415 3205 5471 Vid.
3228 5415 3271 5470 ἰ.
3307 5435 3323 5475 ι

1772 5494 1839 5544 de
1872 5494 2050 5553 Antio.
2079 5487 2323 5542 monach.
2350 5484 2579 5549 Ritibus,
2609 5500 2723 5551 cap.
2759 5487 2811 5538 l.

1847 5561 1980 5628 Ergo
2004 5561 2081 5611 liis
2108 5558 2410 5623 temporibus
2458 5556 2733 5628 referamus
2762 5554 2936 5607 Iaudes
2982 5553 3209 5610 Creatori
3238 5574 3324 5610 no~

1781 5624 2063 5699 ειτο.]⁷Νοιι
2091 5629 2258 5681 solum
2307 5640 2420 5699 ore,
2444 5626 2562 5699 sed
2602 5624 2760 5676 etiam
2804 5627 2984 5699 corde,
3017 5628 3134 5699 ill'tt)
3168 5633 3325 5681 corde

1780 5693 2003 5766 amplius
2032 5715 2044 5747 :
2077 5712 2217 5758 nam,
2252 5704 2306 5747 ut
2332 5697 2405 5747 ait
2444 5693 2799 5766 llililetiiarus,
2839 5712 2856 5744 t
2880 5694 2973 5748 llle
3015 5697 3191 5766 laudes
3220 5700 3324 5751 lieu

1782 5762 1942 5821 rel'ért
1967 5770 2052 5834 qui
2086 5775 2182 5818 hoc
2209 5768 2345 5831 quod
2372 5777 2466 5834 ore
2496 5762 2645 5834 dicit,
2674 5767 2838 5817 corde
2867 5766 3084 5833 cogitat.
3116 5765 3179 5818 Et
3203 5782 3323 5833 pro-

1783 5850 1959 5905 pterea
1985 5832 2263 5908 vigilanter
2294 5834 2350 5889 S.
2381 5832 2701 5889 Benedictus
2729 5832 3023 5901 subiunxit,
3059 5853 3174 5891 cum
3204 5832 3333 5895 dicit

2756 5946 2816 6006 15
