3916 6226
97 399 212 458 4’35

1124 399 1396 467 REGULA
1432 399 1920 458 COMMENTATA.
1959 399 2107 454 CAP.
2147 397 2308 457 XVII.

3208 395 3310 450 460

96 515 305 579 coisse,
334 522 575 579 tanquam
606 530 705 585 usu
731 514 1040 585 quotidiano
1065 513 1313 569 fratribus
1340 517 1469 585 satis
1494 523 1617 585 uota
1648 532 1660 566 :
1691 517 1741 575 Α
1766 515 1945 585 debet.
1976 532 1992 564 ι
2010 512 2260 567 Similiter
2280 510 2519 585 Nicolans
2541 502 2867 585 defraclura
2894 510 2957 563 ad
2975 510 3092 565 lucc
3119 526 3313 585 verna:

99 598 267 655 nam,
310 585 456 638 verbi
485 584 681 655 gratia.
715 584 831 653 cap.
877 585 917 655 97
957 594 1012 655 et
1041 585 1130 649 10,
1164 588 1219 637 in
1246 584 1437 653 quibus
1465 586 1570 655 agit
1594 584 1660 639 de

98 654 300 721 vigiliis
330 654 625 718 noctuinis.
661 656 855 709 nullam
900 654 1023 708 facit
1050 655 1368 708 mentionem
1406 654 1661 708 orationis

98 723 415 783 dominicae:
448 725 541 779 sed
579 739 747 792 neque
774 740 890 792 cap.
926 724 991 778 12
1011 765 1025 789 ,
1055 726 1109 778 in
1151 739 1255 789 quo
1284 724 1659 777 matutiuortnn

101 792 215 845 diei
268 793 546 847 dominica:
588 796 825 848 ordinem
869 794 1109 849 instituit.
1140 793 1344 847 Nullam
1375 793 1533 847 etiam
1564 794 1664 846 hoc

100 864 282 925 capite
328 868 646 918 mentionem
699 866 817 917 facit
856 864 1373 917 commemorationis
1410 862 1665 917 facienda:

103 948 208 998 pro
255 934 560 987 absentibus
604 934 669 987 ad
717 935 971 1001 primam,
1019 934 1258 997 tertiam,
1289 942 1527 997 sextam,
1558 944 1662 987 etc.

102 1004 261 1068 Quod
310 1005 354 1057 si
399 1004 515 1072 quis
558 1005 696 1057 dicat
740 1005 862 1057 alibi
910 1006 1023 1058 haec
1069 1005 1368 1071 praescribi,
1417 1004 1663 1055 nimirum

103 1088 230 1136 cap.
258 1075 344 1133 15,
366 1089 415 1125 ut
442 1074 505 1126 ad
534 1074 813 1128 matutinus
835 1084 888 1126 et
909 1088 1154 1141 vesperas
1182 1074 1284 1137 alta
1300 1086 1439 1126 voce
1459 1072 1666 1125 dicatur

102 1145 284 1197 oratio
312 1143 570 1198 dominica
591 1182 606 1205 ,
635 1144 685 1196 in
717 1145 1083 1198 caeteris'vero
1109 1144 1325 1210 agendis
1354 1141 1511 1212 313
1542 1141 1681 1209 subs

108 1214 273 1265 missa
319 1229 478 1277 voce;
511 1224 564 1266 et
587 1228 705 1280 cap.
737 1216 825 1277 57,
856 1215 1292 1268 commemoratio
1326 1213 1617 1265 absentium
1650 1229 1660 1261 :

107 1298 316 1348 repono
344 1294 395 1336 et
420 1299 517 1352 ego
547 1284 721 1350 plures
746 1284 937 1337 ibidem
962 1285 1229 1337 orationes
1247 1283 1303 1336 8.
1329 1281 1664 1335 Benedictum

109 1352 395 1413 indixisse,
428 1370 545 1406 cum
576 1354 709 1407 dixit
740 1372 752 1405 :
785 1353 997 1422 Semper
1035 1356 1101 1405 ad
1136 1355 1412 1405 orationem
1437 1352 1668 1422 ultimam

108 1424 278 1487 aperis
302 1422 392 1474 Dei
414 1425 821 1476 commemoratio
838 1420 1067 1475 omnium
1086 1424 1363 1476 absentium
1384 1422 1492 1489 ﬁat.
1513 1420 1669 1475 Certe

108 1494 157 1543 si
187 1493 456 1545 orationes
479 1503 569 1545 attt
595 1493 845 1546 collectas
869 1508 895 1543 a
920 1494 974 1545 8.
1011 1494 1070 1546 Ρ.
1105 1493 1386 1546 Benedicto
1415 1492 1669 1543 admissas

116 1563 285 1637 luisse
316 1577 602 1637 negemus,
632 1578 696 1617 eo
725 1562 1568 1637 quodtitillan‘rearum_videatur
1598 1560 1671 1613 fc-

112 1632 258 1687 cisse
285 1631 640 1692 mentionem,
670 1648 789 1686 cum
832 1631 1007 1686 divini.
1040 1632 1198 1684 nflicii
1228 1631 1465 1684 ordinem
1495 1632 1672 1697 dispo-

113 1702 228 1764 nit,
262 1702 538 1755 diccndmn
568 1703 670 1756 erit
700 1704 892 1767 pariter
927 1717 1016 1754 sex
1058 1704 1253 1771 primas
1283 1702 1536 1771 orationis
1569 1700 1672 1771 Uo-

115 1771 330 1824 minicm
359 1773 638 1839 petitiones
680 1769 1081 1839 praetermisisse
1118 1772 1168 1824 in
1208 1769 1451 1823 omnibus
1491 1769 1669 1835 horis,

117 1856 312 1907 praeter
346 1842 521 1895 laudes
563 1851 617 1895 et
653 1856 933 1911 vesperas,
964 1842 1103 1911 quod
1146 1856 1236 1895 eas
1276 1839 1524 1909 explicite
1567 1854 1670 1892 non

117 1911 429 1978 prmscribat
451 1913 507 1964 S.
537 1911 712 1966 Pater.
1606 1961 1612 1967 .

194 1981 505 2046 Hespondeo
532 1982 706 2047 tertio,
741 1983 869 2037 istas
891 1980 1137 2047 loquendi
1166 1979 1436 2046 formulas,
1489 1978 1679 2047 ﬁnian-

122 2059 211 2101 tur
224 2051 419 2121 rigilia:
438 2061 714 2116 nocturne,
736 2062 791 2106 et
819 2052 1118 2121 completum
1142 2062 1235 2111 est,
1268 2050 1472 2104 duobus
1509 2048 1679 2121 modis

118 2118 291 2190 accipi
312 2134 471 2186 posse
497 2144 505 2151 -
534 2126 833 2190 prmcipitur
860 2118 1001 2177 enim
1039 2122 1235 2188 aliquid
1280 2121 1440 2183 ﬁniri,
1483 2118 1575 2190 vel
1607 2119 1679 2171 ita

120 2198 184 2241 ut
210 2189 341 2243 nihil
396 2191 619 2258 amplius
674 2189 926 2255 addatur;
976 2192 1057 2245 vel
1108 2193 1177 2245 ita
1222 2202 1279 2245 ut
1324 2203 1488 2259 pauca
1547 2189 1681 2242 dun-

121 2268 273 2329 taxat
324 2259 474 2313 dictis
538 2262 629 2313 aut
684 2262 834 2314 factis
904 2262 1247 2329 adjiciantur;
1309 2262 1388 2315 sic
1447 2259 1681 2326 quotidie

121 2328 280 2382 alicui
311 2329 475 2383 multa
506 2330 662 2383 nimis
700 2332 927 2397 loquenti
972 2328 1195 2385 dicimus
1237 2342 1295 2384 ut
1341 2329 1535 2395 ﬁniat,
1574 2344 1677 2380 non

121 2399 276 2468 quasi
313 2399 533 2453 velimus
560 2416 680 2454 eum
712 2400 848 2453 nulla
888 2402 1101 2468 insuper
1134 2401 1291 2453 verba
1336 2399 1541 2462 facere;
1582 2398 1680 2452 hac

122 2467 273 2521 enim
340 2484 480 2533 saepe
543 2484 641 2525 nec
711 2472 954 2540 expedit,
1010 2467 1117 2525 nec
1170 2471 1330 2525 etiam
1401 2468 1677 2540 vellemus.

123 2540 302 2609 ᾼιίιιιε
349 2553 615 2602 postremo
662 2538 969 2595 boc‘sensu
1008 2541 1311 2609 accipienda
1355 2552 1474 2593 esse
1516 2538 1679 2593 verba

124 2607 189 2664 8.
244 2609 543 2680 Benedicti,
598 2619 644 2664 et
703 2611 816 2673 εἰσ,
842 2610 1098 2680 ﬁniantur
1124 2607 1316 2680 Vcigiliat
1378 2617 1679 2680 nocturnis,

126 2678 464 2750 manifestum
503 2691 603 2746 est,
654 2678 910 2746 siquidem
944 2683 1025 2735 bis
1048 2678 1364 2750 quat'supra
1393 2678 1683 2745 assignavit

129 2748 425 2816 adjicienda
468 2760 550 2805 est
593 2752 764 2805 oratio
806 2748 1101 2810 dominica.~
1140 2748 1287 2805 ldem’
1326 2749 1392 2805 de
1438 2750 1577 2812 aliis,
1635 2758 1681 2800 et

127 2820 429 2885 completum
455 2831 547 2885 est,
577 2821 737 2875 debet
761 2821 885 2875 dici.
918 2821 982 2875 Et
1010 2830 1155 2876 certe
1179 2836 1240 2874 ea
1269 2820 1476 2874 duobus
1513 2819 1683 2872 modis

129 2890 505 2942 intellexerunt
532 2892 618 2955 qui
660 2906 724 2944 ex
758 2891 1005 2945 fratribus
1037 2892 1228 2946 uestris
1273 2905 1459 2943 novom
1486 2890 1545 2944 8.
1577 2892 1683 2941 Au-

129 2958 325 3025 gustini
346 2958 632 3013 editionem
661 2962 1001 3023 adornarunt,
1031 2962 1081 3013 in
1105 2960 1296 3027 przcvia
1324 2959 1680 3012 admonitione

128 3029 199 3099 ad
225 3029 506 3099 secundam
527 3027 777 3099 Regulam
807 3029 863 3084 S.
896 3030 1192 3099 Augustini,
1222 3044 1376 3096 quam
1409 3030 1459 3081 in
1486 3043 1683 3099 appen-

133 3096 258 3151 dice
301 3098 455 3167 primi
505 3096 628 3152 torni
678 3096 1015 3167 rcjccerunt‘:
1050 3099 1420 3166 «Completum
1458 3109 1558 3160 εει,
1602 3098 1683 3167 itt-

133 3166 339 3235 quiunt,
373 3168 423 3221 id
451 3176 532 3221 est
560 3166 826 3235 peractum
858 3172 934 3223 sic
962 3170 1062 3223 crit
1097 3170 1348 3232 ofﬁcium,
1390 3168 1472 3221 vel
1524 3166 1683 3220 adde-

1770 583 1829 639 Si
1850 585 2012 650 major
2037 584 2353 652 congregatio
2378 583 2547 645 luerit,
2566 581 2744 635 addit:
2769 598 2785 629 ι
2811 580 2873 652 Ut
2898 592 3018 652 puta
3042 583 3316 643 tredecim.

1765 656 1846 707 vel
1873 650 2286 721 quatuordeciiu,
2331 652 2410 705 vel
2442 652 2637 721 plures,
2669 652 2788 719 quia
2815 650 3090 721 duodecim
3122 653 3319 705 faciunt

1764 720 2238 792 congregationem.
2285 722 2384 776 etsi
2427 720 2685 792 interdum
2734 720 2907 786 quoad
2935 722 3039 792 ‘jus
3086 721 3313 789 eligendi

1765 790 1885 846 duo
1911 790 2112 847 tantum
2149 793 2342 845 faciant
2370 791 2850 861 congregationem.
2885 809 2902 841 ι
2934 790 3188 845 Boberius
3217 807 3315 843 an-

1768 873 1870 915 tem
1897 865 2151 927 triplicem
2176 862 2450 932 distinguit
2477 860 2970 932 congregationem;
2995 861 3313 929 simplicem,

1765 948 1882 1000 qua:
1910 942 1994 987 est
2019 932 2297 987 duodecim
2326 930 2737 993 monachorum;
2771 930 3043 996 majorem,
3086 946 3200 997 qure
3229 946 3321 985 sn-

1768 1017 1857 1069 pra
1901 1002 2209 1066 duodecim;
2241 1010 2296 1056 et
2326 1002 2604 1067 minorem,
2629 1016 2748 1069 qua:
2790 1001 2924 1054 infra
2950 1000 3321 1055 descendendo

1769 1087 1935 1139 usque
1963 1074 2027 1127 ad
2056 1073 2190 1127 duos
2214 1087 2317 1124 non
2347 1079 2647 1136 compntato
2666 1071 2902 1138 praelato.
2934 1070 3127 1124 Eodem
3164 1071 3320 1123 modo

1771 1141 2107 1197 Theobaldns
2132 1142 2377 1196 Artaldus
2400 1149 2455 1194 et
2473 1141 2703 1194 Joannes
2740 1140 3034 1209 Cratesbeek
3054 1156 3166 1193 eam
3195 1157 3323 1195 con—

1766 1214 2121 1280 gregationem
2154 1212 2406 1284 majorem
2437 1219 2745 1278 agnoscunt,
2787 1225 2904 1277 qua:
2948 1209 3317 1284 duodecimum

1770 1284 2149 1336 monachorum
2190 1281 2462 1333 numerum
2504 1290 2738 1346 superat.
2784 1286 2852 1332 At
2885 1294 3014 1333 vero
3044 1281 3325 1334 cardinalis

1769 1353 1835 1403 de
1864 1352 2262 1406 'l‘nrrecremata
2286 1368 2297 1401 :
2332 1368 2350 1400 t
2371 1349 2533 1417 Major
2558 1349 3325 1417 congregatio,inquit,dicitnr

1770 1420 1834 1475 ab
1861 1421 2120 1489 aliquibus
2145 1437 2172 1473 a
2203 1420 2407 1487 triginta
2434 1428 2487 1474 et
2512 1433 2706 1489 supra;
2736 1420 2906 1472 minor
2934 1433 3060 1489 vero
3089 1435 3315 1479 congre-

1770 1492 1932 1558 gatio,
1950 1487 2007 1544 si
2036 1492 2211 1544 minus
2238 1505 2265 1542 a
2298 1490 2505 1559 triginta
2529 1488 2935 1559 fuerint'l'ratres
2954 1487 3325 1544 descendendo

1772 1576 1936 1629 usque
1962 1561 2027 1613 ad
2055 1560 2349 1623 duodecim,
2374 1558 2499 1612 nam
2536 1561 2709 1613 minus
2734 1574 2764 1611 a
2803 1558 3077 1611 duodecim
3107 1575 3210 1613 non
3244 1561 3323 1613 vi-

1772 1631 1927 1685 detur
1968 1631 2306 1701 congregatio
2345 1630 2622 1701 regularis.
2647 1629 2837 1701 Lilaec
2858 1631 3121 1701 sententia
3157 1630 3320 1699 magis

1772 1701 1987 1755 arridet.
2020 1697 2146 1754 Nam
2168 1702 2226 1755 8.
2256 1700 2566 1760 Benedictus
2602 1700 2653 1752 in
2682 1697 2893 1766 Regula:
2920 1714 2967 1751 c.
2996 1698 3058 1752 ει
3093 1697 3322 1755 decanos

1775 1772 1826 1823 in
1855 1772 1965 1824 sola
2013 1772 2198 1839 majori
2227 1769 2630 1839 congregatione
2657 1768 2901 1839 instituit,
2945 1784 3125 1821 verum
3162 1785 3321 1839 supra

1780 1840 2055 1895 duodecim
2086 1838 2176 1893 aut
2199 1838 2493 1907 quindecim
2523 1838 2828 1901 mooachos,
2861 1839 2940 1892 vel
2964 1840 3192 1904 circiter,
3212 1838 3325 1894 suf-

1708 1891 1757 1949 B
1786 1891 2596 1978 temnunt;eiushuius,
2631 1891 2793 1977 tum
2817 1891 2963 1975 ergo
2988 1891 3326 1978 congregatio

1784 1980 1919 2033 haud
1949 1989 2121 2047 potest
2147 1977 2287 2040 esse,
2315 1977 2415 2034 nisi
2449 1978 2536 2032 ubi
2564 1977 2668 2032 duo
2695 1980 2965 2031 minimum
2982 1977 3216 2043 existunt
3233 1981 3329 2036 de-

1778 2051 1923 2116 cani,
1947 2049 2136 2120 singuli
2158 2062 2315 2120 supra
2344 2050 2511 2103 denos
2537 2051 2823 2120 monachos
2849 2050 3140 2115 constituti,
3162 2058 3327 2104 etsu-

1784 2134 1875 2184 per
1902 2119 2154 2187 utrosque
2181 2119 2341 2173 abbas
2380 2126 2437 2172 et
2490 2119 2821 2189 priapositns,
2872 2120 2972 2173 hoc
3014 2128 3099 2172 est
3141 2120 3324 2189 viginti

1778 2200 2020 2255 quatuor.
2048 2192 2219 2258 Atque
2245 2190 2315 2243 ita
2344 2189 2506 2244 sentit
2536 2188 2867 2242 llildemarus
2894 2190 2945 2243 in
2968 2204 3084 2258 Cap.
3113 2191 3173 2244 21
3192 2188 3327 2244 acri-

1782 2262 1940 2328 beas;
1971 2259 2219 2325 additque
2258 2259 2545 2314 secundum
2575 2273 2726 2313 usum
2754 2273 2869 2311 eam
2912 2273 3031 2313 esse
3074 2260 3329 2325 majorem

1780 2331 2234 2399 congregationem
2266 2330 2321 2383 in
2365 2345 2467 2399 qua
2510 2338 2634 2395 sunt
2660 2328 2998 2399 quadraginta
3034 2339 3088 2384 et
3116 2330 3325 2400 triginta

1781 2402 2041 2455 monachi.

1846 2469 2273 2542 Cttmantiphonis
2288 2486 2307 2542 ;
2322 2470 2366 2542 si
2377 2483 2492 2524 vero
2501 2469 2663 2542 minor
2674 2486 2726 2522 tn
2741 2480 2986 2542 arrectum
3001 2470 3327 2542 paciﬁcatum]

1781 2540 1914 2608 Quid
1945 2540 2014 2593 sit
2040 2554 2159 2594 cum
2194 2540 2480 2607 antipbona
2509 2538 2756 2608 psallere,
2800 2539 2920 2607 quid
2967 2540 3016 2593 in
3045 2538 3326 2608 directum;

1782 2606 2009 2677 explicat
2033 2606 2317 2663 llaeftenus
2350 2608 2432 2679 his
2454 2606 2633 2663 verbis
2656 2606 2791 2676 (Lib.
2820 2606 2912 2676 vn,
2940 2619 3083 2664 tract.
3117 2612 3172 2672 4,
3195 2606 3329 2679 disq.

1782 2681 1839 2750 ’5)
1864 2696 1880 2733 :
1916 2698 1935 2730 ι
1959 2679 2135 2733 Voluit
2158 2679 2215 2732 8.
2263 2678 2697 2750 Benedictusper
2725 2679 3063 2750 psalmodiam
3090 2694 3208 2734 cum
3234 2678 3330 2734 an-

1784 2748 2000 2819 tiphona
2023 2750 2299 2819 designare
2327 2764 2444 2803 eam
2488 2749 2649 2801 divini
2688 2748 2847 2803 ofﬁcii
2869 2760 3067 2816 partem
3110 2767 3229 2819 qua:
3274 2755 3331 2805 ltt

1785 2836 1903 2876 cum
1934 2830 2054 2874 nota
2079 2831 2133 2874 et
2153 2819 2412 2874 melodico
2437 2828 2730 2883 concentu;
2761 2823 2898 2889 quod
2930 2824 3041 2888 ipse
3086 2824 3215 2874 satis
3254 2823 3333 2875 in-

1786 2892 1953 2945 dicat:
1972 2906 2090 2945 cum
2115 2892 2253 2943 enim
2276 2889 2494 2945 dixisset
2513 2888 2813 2952 modulatis,
2835 2901 2891 2944 ut
2911 2906 3065 2958 supra
3081 2891 3325 2954 diximus,

1784 2976 1879 3015 sex
1910 2962 2149 3027 psalmis.
2185 2959 2410 3029 idipsum
2437 2962 2589 3027 paqu
2616 2969 2734 3026 post
2756 2962 3053 3027 exprimens
3072 2961 3180 3015 ait:
3210 2959 3350 3015 Post

1783 3047 1908 3099 quas
1929 3032 2163 3083 lectiones
2188 3041 2461 3096 sequantur
2488 3044 2550 3082 ea:
2574 3030 2749 3082 ordine
2774 3030 2867 3099 alii
2899 3046 2986 3083 rex
3012 3032 3192 3098 psalmi
3220 3048 3334 3084 cum

1786 3098 2096 3168 antiphonis,
2141 3100 2268 3152 sicut
2323 3102 2612 3168 anteriores.
2673 3098 2821 3153 Unde
2873 3101 3207 3154 manifestum
3251 3113 3334 3155 est

1786 3166 1905 3223 cum
1935 3168 2218 3235 antipbona
2250 3168 2476 3234 psallere
2521 3166 2661 3223 idem
2688 3168 2746 3221 S.
2781 3170 3063 3223 Benedicto
3106 3184 3226 3223 esse
3254 3182 3329 3223 at-

130 3248 222 3312 tu_r
251 3237 425 3312 ﬁnalis
454 3240 643 3312 oratio,
676 3240 842 3312 qualis
868 3254 933 3294 ea
965 3239 1165 3312 scilicet
1188 3254 1305 3307 quae
1343 3238 1399 3312 in
1451 3237 1680 3305 antiquis
1709 3251 1754 3312 ο
1785 3256 1887 3307 que
1910 3238 2488 3312 psaltnosmodulari...
2510 3236 2624 3291 Jant
2649 3238 2950 3312 vero__baud
2980 3240 3081 3312 erit
3117 3239 3334 3312 dil‘llcile

131 3309 435 3363 missaltbus
483 3310 550 3361 ad
591 3309 941 3375 complendum
986 3311 1260 3364 vocitatur.
1285 3328 1305 3359 ι
1342 3308 1467 3362 ilch
1508 3317 1684 3360 tamen

129 3377 312 3449 omnia
344 3394 438 3447 pro
469 3390 648 3433 nostro
674 3379 886 3435 modulo
913 3380 1040 3435 satis
1067 3380 1201 3434 male
1223 3380 1422 3449 digesta
1463 3378 1684 3431 aliorum

131 3448 331 3518 san_iori
356 3449 554 3516 judicio
574 3450 900 3518 subjicimus.

207 3515 377 3571 Tertio
423 3536 555 3582 vero,
594 3515 768 3586 serta,
810 3537 944 3575 nona
986 3523 1156 3574 eodem
1203 3518 1379 3573 ordine
1420 3519 1687 3573 celebretur

130 3587 344 3657 cratim]
374 3589 552 3645 Oratio
578 3590 659 3643 hic
681 3606 775 3657 pro
804 3590 931 3643 hora
953 3592 1206 3645 canonica
1230 3591 1472 3651 sumitur,
1500 3590 1570 3642 uti
1591 3590 1684 3642 ob-

131 3661 365 3711 servavit
397 3658 682 3721 Bolterius;
712 3670 763 3713 ut
794 3674 980 3713 sensus
1004 3662 1109 3713 sit:
1137 3661 1305 3712 oratio
1321 3663 1682 3723 tertia,settta,

130 3735 191 3781 et
217 3742 350 3780 nona
391 3728 576 3780 eodem
621 3729 804 3783 ordine
839 3730 1132 3783 celebretur
1166 3745 1272 3796 quo
1312 3730 1500 3793 prima,
1538 3728 1686 3796 cujus

128 3797 328 3849 seriem
355 3799 511 3850 modo
531 3798 810 3865 disposuit,
829 3798 966 3865 quod
988 3799 1179 3853 clarius
1201 3798 1444 3866 exprimit
1474 3798 1685 3863 antiqua

128 3867 299 3938 editio
333 3866 544 3930 Veneta,
588 3884 704 3937 quae
754 3869 823 3921 ita
871 3868 997 3938 legit
1028 3868 1297 3938 «Tertiae,
1322 3877 1504 3929 scalae,
1532 3882 1685 3938 nonte

127 3936 324 3989 eodem
355 3940 545 3990 ordine
572 3936 869 3992 celebretur
904 3936 1093 3992 oratio.
1121 3958 1138 3988 ι
1177 3939 1241 3990 Et
1279 3937 1335 3991 8.
1368 3938 1426 3993 Ρ.
1459 3937 1682 3990 Benedi-

127 4015 253 4062 ctus
282 4008 506 4075 amplius
532 4009 742 4073 exponit
770 4008 968 4062 addens
996 4026 1010 4059 :

210 4076 279 4148 Id
300 4089 371 4129 est
396 4076 609 4147 versus,]
633 4078 833 4131 scilicet
856 4078 1010 4143 Deus,
1036 4079 1089 4131 in
1116 4078 1448 4148 adjutorium,
1477 4086 1580 4148 etc.

208 4147 402 4216 Hymut'
437 4145 725 4201 earumdem
751 4149 1007 4211 horarum,
1039 4145 1399 4216 terni—psalmi,
1422 4145 1684 4217 etc.]|l:P.c

126 4220 311 4275 omnia
337 4234 399 4270 ex
426 4219 580 4272 dictis
604 4219 855 4273 hactenus
884 4219 1035 4287 plana
1058 4229 1198 4275 sunt.

208 4286 270 4342 Si
294 4288 457 4359 major
482 4290 799 4358 congregatio
841 4286 1034 4359 fuerit]
1062 4288 1195 4356 Quid
1239 4292 1307 4343 sit
1350 4291 1686 4358 congregatio

125 4357 359 4424 exponit,
379 4357 707 4413 Hildemarus
738 4359 820 4412 his
843 4357 1051 4413 verbis:
1076 4378 1093 4410 ι
1118 4361 1466 4427 Congregatio
1492 4357 1573 4413 est
1598 4362 1683 4413 ubi

124 4427 412 4498 duodecim
464 4428 648 4481 fratres
680 4438 819 4498 sunt
860 4448 872 4480 :
925 4430 1057 4483 bene
1103 4430 1438 4496 congregatio
1490 4430 1686 4483 duode-

125 4496 263 4567 cin'r
298 4497 484 4550 lintres
536 4496 685 4561 sunt,
732 4501 850 4565 quia
916 4508 1137 4565 possunt
1193 4501 1262 4551 itli
1320 4515 1465 4551 suum
1522 4502 1685 4567 legem

130 4565 387 4631 implere;
420 4581 779 4621 verumtamen
824 4578 877 4623 et
914 4570 1079 4622 hocin
1102 4568 1342 4627 deserto;
1376 4584 1492 4619 nam
1526 4565 1688 4635 prope

124 4637 400 4692 civitatem
432 4652 534 4689 non
562 4651 639 4690 εει
667 4639 858 4691 bonum
887 4646 1085 4692 tantum
1107 4638 1381 4691 duodecim
1404 4638 1688 4691 monachos

126 4706 237 4761 sub
267 4720 371 4758 uno
399 4706 620 4769 abbate;
644 4708 766 4776 quia
812 4709 857 4762 si
889 4710 1007 4761 mist
1022 4711 1093 4761 ris
1123 4723 1213 4762 eos
1240 4709 1303 4761 ad
1334 4708 1536 4777 singula
1565 4710 1684 4760 olli-

127 4779 242 4836 cia,
276 4790 376 4828 non
403 4779 559 4828 etiam
593 4777 745 4843 plene
773 4778 1040 4846 sufﬁciunt
1066 4779 1130 4831 ad
1163 4778 1487 4831 honesmtem
1509 4778 1685 4829 αἰνετ-

127 4862 319 4903 sarum
354 4847 621 4899 hominum
652 4848 738 4915 qui
765 4850 827 4905 ad
861 4849 1233 4903 monasterium
1264 4849 1500 4902 veniunt.
1532 4864 1550 4897 ι
1598 4846 1686 4900 Si-

130 4917 339 4971 militer
367 4919 661 4969 Bernartlus
698 4917 1026 4988 Cassincnsis
1070 4918 1527 4988 congregationem
1562 4932 1686 4970 con-

129 4988 311 5041 stituit
338 4988 388 5039 in
415 4987 689 5039 duodecim
722 4987 937 5041 fratrum
963 5002 1243 5053 conventu,
1273 4987 1299 5039 “‹
1325 4990 1466 5057 quia,
1499 4988 1685 5055 inquit,

129 5059 325 5111 decent
356 5058 637 5128 secundum
657 5057 773 5122 jura
803 5058 997 5111 faciunt
1021 5062 1301 5128 populum;
1328 5074 1485 5126 super
1502 5059 1687 5128 decem

129 5142 271 5181 vero
316 5127 525 5192 ponitur
569 5127 819 5189 decanos,
860 5137 914 5179 et
940 5127 1105 5195 super
1128 5130 1383 5183 decanum
1419 5127 1689 5181 ordinatur

133 5197 479 5264 prteposilus,
507 5215 524 5247 ι
560 5207 611 5250 ει
638 5212 798 5265 super
828 5208 1101 5266 utrumque
1122 5200 1301 5253 abbas.
1337 5199 1471 5253 idem
1502 5200 1690 5251 asserit

130 5266 422 5340 Boberius,
452 5266 627 5336 aitque
655 5270 811 5340 talem
842 5265 1000 5340 fuisse
1014 5265 1200 5340 i314
1231 5274 1447 5337 primatu
1470 5282 1689 5340 congre-

132 5336 411 5408 gationem
467 5337 864 5408 monachorum,
910 5336 1140 5391 scilicét‘
1157 5336 1559 5408 apostolorunt_,_
1591 5355 1608 5387 ι
1635 5338 1688 5391 in

131 5406 247 5478 Qua
295 5406 595 5479 fuit_abbas
624 5408 863 5479 salvator
908 5417 1107 5479 noster,
1154 5410 1462 5479 praepositus
1507 5406 1691 5463 Simon

136 5474 352 5540 Petrus,
382 5474 611 5529 decanus
637 5478 797 5531 ludas
826 5476 1086 5531 Scarioth.
1114 5497 1130 5527 ι

214 5547 331 5602 Jam
364 5560 488 5618 vero
504 5560 619 5611 quae
634 5550 705 5601 sit
726 5547 891 5618 major
910 5558 1264 5615 congregatio,
1291 5564 1472 5618 quasve
1494 5548 1686 5613 minor,

135 5617 515 5688 inquirendum
544 5627 643 5669 est.
679 5617 771 5688 tSi
802 5617 977 5688 plures
1017 5632 1173 5685 quam
1227 5617 1501 5675 duodecim
1543 5627 1687 5685 sunt,

138 5686 311 5757 inquit
343 5687 639 5740 Bernardus
663 5686 890 5749 Cassin.,
939 5686 953 5739 i
1017 5698 1099 5741 est
1128 5690 1400 5753 tredecim,
1436 5695 1529 5741 aut
1561 5703 1689 5755 qua-

142 5772 253 5813 tum
267 5759 457 5812 decim.
490 5766 581 5827 aut
609 5757 763 5820 ultra,
795 5757 961 5827 major
986 5761 1325 5827 congregatio
1348 5768 1456 5822 est;
1490 5757 1535 5811 si
1565 5773 1690 5810 vero

145 5829 277 5884 infra
310 5825 681 5883 duodecimum
708 5825 1001 5886 numerum.
1038 5825 1209 5882 minor
1230 5829 1563 5898 congregatio
1588 5828 1689 5883 dici

1720 4610 1766 4668 D

1789 3311 2049 3377 explicntu
2075 3307 2197 3375 quid
2224 3307 2290 3360 sit
2322 3309 2373 3360 in
2403 3309 2661 3361 directum
2686 3307 2930 3372 psallere,
2969 3309 3082 3362 sive
3109 3310 3333 3364 directa-

1790 3396 1920 3442 nee;
1952 3380 2089 3448 quod
2116 3377 2227 3446 ipse
2255 3377 2293 3432 S
2344 3378 2499 3448 Pater
2520 3378 2736 3447 exponit
2757 3378 2871 3432 sine
2894 3378 3202 3447 antipbona,
3235 3383 3334 3433 hoc

1786 3445 2007 3504 estsine
2031 3451 2189 3511 notis,
2214 3445 2605 3508 modulatione,
2622 3456 2712 3501 aut
2750 3457 2908 3514 tono;
2936 3445 3021 3502 ita
3044 3458 3102 3503 ut
3144 3451 3329 3517 aequali

1791 3521 1933 3575 vocis
1952 3531 2134 3574 tenore
2153 3528 2292 3571 recte
2316 3518 2489 3573 omnia
2508 3518 2706 3586 absque
2725 3532 2947 3574 ascensu
2971 3520 3051 3573 vel
3078 3519 3335 3575 descensu

1790 3592 2211 3659 pronuntio-mur.
2235 3607 2253 3638 ι
2289 3588 2354 3641 Ει
2380 3596 2522 3660 certe
2552 3588 2609 3642 8.
2639 3589 2951 3644 Benedictus
2997 3589 3081 3645 bic
3120 3591 3339 3660 opponit

1791 3658 2131 3723 psalmodiam
2160 3672 2279 3712 cum
2306 3658 2585 3725 antiphdna
2614 3660 2916 3726 psalmodiae
2954 3660 3005 3713 in
3035 3658 3287 3715 directum
3320 3680 3335 3714 :

1790 3732 1887 3784 nisi
1910 3730 2042 3785 forte
2063 3729 2182 3799 quis
2206 3728 2345 3782 dicat
2366 3728 2588 3795 psallere
2613 3744 2730 3782 cum
2756 3729 3038 3799 antipbona
3066 3732 3203 3785 idem
3217 3746 3337 3786 esse

1788 3816 1850 3854 ac
1891 3798 2110 3869 singulis
2136 3798 2372 3869 psalmis,
2417 3800 2525 3869 imo
2566 3798 2723 3851 etiam
2770 3798 2987 3869 singulis
3019 3800 3337 3865 psztlmnrutu

1787 3867 2062 3924 versiculis
2090 3867 2403 3991 antiJih-onas
2450 3867 2815 3933 interponere;
2847 3867 3073 3934 psallere
3103 3884 3233 3922 vero
3280 3870 3334 3925 iti

1788 3942 2044 3991 directum
2091 3953 2183 3991 eas
2221 3954 2304 3991 em
2350 3938 2613 3991 omittere.
2648 3938 2982 3991 nsalmosaue
3009 3953 3112 3991 uno
3155 3948 3334 3991 tenore

1788 3942 2044 3993 directum
2091 3938 2304 3992 easdem
2350 3938 2613 3998 omittere,
2648 3938 2982 4004 psalmosque
3009 3953 3112 3991 uno
3155 3948 3339 3995 tenore

1788 4018 2021 4063 cantare.
2073 4008 2357 4073 Utramque
2404 4005 2563 4076 315
2606 4006 2740 4076 banc
2786 4006 3029 4075 loquendi
3078 4010 3335 4063 rationem

1787 4078 2059 4149 distinguit
2086 4077 2339 4131 Boberius
2365 4075 2432 4129 ad
2460 4077 2596 4149 hunc
2623 4075 2791 4130 locum
2818 4078 2899 4149 sic
2915 4077 3156 4149 scribens
3172 4097 3191 4149 7:
3229 4080 3337 4132 «Ne

1789 4146 2158 4208 nimio'labore
2200 4161 2393 4212 paucos
2421 4147 2683 4211 opprimat
2712 4149 2762 4199 in
2797 4147 3087 4215 psallettdo,
3131 4146 3215 4201 hic
3243 4164 3339 4203 eos

1789 4220 2040 4273 relevata
2070 4219 2293 4278 duobus,
2333 4216 2535 4270 scilicet
2573 4217 2849 4283 brevitate,
2878 4219 2997 4283 quia
3038 4220 3151 4270 sine
3197 4220 3332 4271 anti-

1790 4291 1999 4355 pltonis,
2030 4301 2084 4341 et
2118 4304 2145 4340 a
2172 4301 2356 4341 cantus
2382 4287 2813 4354 proclamatione,
2845 4289 2965 4354 quia
2995 4288 3045 4339 in
3076 4287 3334 4342 directum

1790 4360 1971 4427 psalmi
1990 4360 2297 4425 psalluntur.
2321 4378 2338 4407 μ
2359 4357 2526 4411 Simul
2550 4358 2783 4409 indicans
2806 4358 3111 4427 orationem,
3136 4365 3189 4411 et
3208 4374 3334 4427 cau-

1792 4424 1903 4483 sam
1935 4445 2029 4482 cur
2073 4428 2328 4481 minorem
2375 4427 2837 4497 congregationem
2861 4426 2927 4478 ab
2957 4424 3337 4495 antipbonis'et

1791 4513 1947 4553 cantu
1969 4500 2246 4565 exemerit,
2282 4495 2559 4571 ncmpeite
2587 4495 2747 4571 nimio
2775 4495 2956 4571 labore
2978 4499 3129 4571 pauci
3158 4505 3338 4571 oppri.

1793 4581 2029 4633 tuantur;
2063 4571 2200 4636 quod
2225 4570 2364 4622 cnim
2399 4565 2507 4620 lita
2544 4565 2737 4639 multis,
2772 4565 3336 4639 l'aeilius'adimpletur.

1792 4638 1856 4691 Et
1883 4650 2025 4693 certe
2077 4635 2128 4691 in
2177 4640 2361 4691 minori
2392 4635 2815 4705 congregatione.
2859 4638 2945 4691 ubi
2992 4635 3164 4694 minor
3200 4644 3340 4695 solet

1789 4722 1906 4761 esse
1937 4711 2246 4771 substantia,
2282 4721 2494 4762 necesse
2532 4716 2614 4760 est
2641 4709 2895 4774 quosdam
2924 4707 3157 4778 frugibus
3188 4712 3339 4764 colli-

1788 4778 1979 4847 gendis
2027 4780 2167 4833 foras
2212 4780 2376 4842 exire,
2410 4778 2628 4843 aliisque
2675 4781 2980 4833 monasterii
3032 4780 3341 4835 utilitatibus

1790 4864 1998 4911 vacare,
2030 4851 2208 4913 paucis
2237 4849 2287 4901 in
2318 4850 2481 4901 choro
2508 4849 2921 4918 rctnattentibus,
2966 4850 3151 4918 quibus
3179 4864 3339 4918 grave

1790 4928 1932 4973 esset
1979 4922 2071 4973 bas
2098 4918 2253 4979 horas
2292 4924 2445 4970 cantu
2489 4916 2712 4970 solemni
2745 4916 3067 4986 persolvere.
3118 4916 3338 4973 Possunt

1793 5001 1990 5051 tamen,
2024 4992 2066 5041 si
2109 4990 2241 5041 hanc
2270 4987 2345 5039 eis
2377 4987 2515 5059 Deus
2537 4989 2740 5042 dederit
2767 4991 3119 5059 voluntatem._
3156 4987 3338 5059 Neque

1793 5061 1931 5113 enim
1962 5061 2061 5113 hoc
2089 5060 2254 5112 sancti
2284 5058 2549 5111 Bent-dicti
2593 5059 2659 5112 de
2689 5059 2976 5112 minoribus
3009 5057 3152 5109 horis
3179 5060 3231 5110 in
3255 5057 3341 5112 di-

1793 5139 1993 5183 rectum
2021 5129 2256 5182 dicendis
2281 5130 2550 5182 decretum
2589 5128 2963 5198 prmceptivum
2992 5136 3103 5198 est,
3137 5137 3193 5179 ut
3218 5142 3339 5183 cum

1795 5200 2095 5255 Hildemaro
2123 5208 2443 5252 annotarunt
2469 5196 2763 5253 Bertiardus
2792 5198 2961 5261 Cass.,
2990 5196 3264 5261 Boberius,
3285 5210 3341 5253 et

1793 5270 2223 5330 Turrecremata;
2247 5270 2338 5322 sed
2372 5282 2568 5323 tantum
2592 5267 2955 5337 permissivutn
2981 5284 2994 5319 :
3022 5267 3157 5336 quod
3179 5270 3341 5322 etiam

1794 5343 1935 5393 solas
1977 5341 2080 5392 diei
2131 5342 2363 5393 minores
2393 5343 2550 5393 horas
2588 5340 2834 5404 respicit;
2867 5338 3004 5391 unde
3054 5350 3341 5392 nocturnas
3395 5375 3399 5377 λ

1795 5411 2017 5480 vigilias,
2050 5410 2381 5474 matutinum,
2421 5422 2474 5465 et
2521 5423 2769 5476 vesperas
2811 5409 2981 5461 minor
3007 5410 3343 5480 congregatio

1796 5478 2011 5548 perinde
2039 5494 2101 5532 ac
2130 5481 2299 5549 major
2326 5495 2443 5535 cum
2476 5487 2630 5532 cantu
2662 5481 2963 5549 persolvere
3000 5478 3187 5540 debet;
3217 5481 3345 5543 quia

1794 5547 1916 5620 tunc
1941 5564 2125 5604 omnes
2154 5547 2451 5620 congregati
2476 5552 2543 5601 ab
2569 5549 2800 5603 externis
2829 5547 3017 5601 ofﬁciis
3046 5548 3195 5602 liberi
3228 5550 3342 5603 haec

1793 5619 1944 5673 facile
1973 5630 2189 5685 possunt
2209 5619 2444 5688 implere.

1872 5688 2163 5757 Vespertina
2197 5686 2363 5742 autem
2409 5686 2659 5759 sponsis]
2693 5689 2748 5744 ld
2775 5698 2857 5743 est
2881 5688 3235 5758 vespertinum
3262 5690 3342 5744 of-

1795 5760 1993 5822 licium,
2020 5761 2159 5827 quod
2190 5759 2403 5830 synaxis
2434 5758 2651 5814 nomine
2692 5762 2773 5821 ab.
2799 5760 3027 5829 antiquis
3070 5761 3339 5815 monachis

1791 5840 2145 5897 nuncupatum
2177 5834 2335 5885 tuisse
2364 5839 2568 5887 constat
2597 5847 2659 5887 ex
2688 5830 2940 5888 Cassiano
2967 5832 3003 5886 l.
3028 5846 3083 5902 ll,
3108 5844 3157 5886 c.
3196 5831 3281 5885 tl.
