3916 6226
121 338 248 395 5f‘9
1184 334 1454 391 REGULA
1490 333 1978 393 COMMENTATA.
2021 337 2167 393 CAP.
2215 338 2393 393 XVIII“.
3282 340 3383 395 ιτα

122 461 334 500 nonus
377 446 604 516 psalmus
642 456 695 500 et
739 447 993 516 septimus
1041 447 1282 502 decimus
1326 445 1624 502 dividantur
1667 448 1717 500 in
1751 456 1797 510 Α
1831 450 1885 504 id
1912 459 1995 505 est
2022 450 2344 509 centesimus
2380 448 2673 504 tricesimus
2704 460 2955 517 octavus,
2988 462 3038 506 ct
3067 436 3384 507 cenliisimtts

127 538 311 595 binas
341 539 703 595 Glorias".‘Et
730 540 808 594 sic
838 539 927 592 Ωιι
948 538 975 577 ιι
999 548 1057 593 ιιι
1081 539 1144 593 ad
1176 539 1379 610 vigilias
1407 538 1668 594 dominica
1699 548 1721 576 ε
1830 541 2265 609 quadragesimus
2292 541 2476 595 tertius
2495 582 2509 605 ,
2533 549 2586 595 et
2609 542 2930 595 centesimus
2955 543 3384 611 quadragesimus

127 643 435 699 tempera
464 631 716 685 vicesimo
744 629 1042 699 incipiatur.
1830 639 2069 697 quartus.
2102 629 2435 684 Ceutesimus
2463 645 2591 686 vero
2620 639 2797 684 sextus
2823 631 3081 696 decimus,
3114 636 3233 702 quia
3265 648 3385 702 par-

230 723 320 776 Ad
352 724 560 776 tertiam
592 737 753 787 vero,
785 731 989 776 sextam
1009 762 1023 786 ,
1056 731 1110 775 et
1137 735 1328 775 nonam
1367 722 1613 776 secunda:
1654 722 1726 773 ic-
1833 733 1928 772 vus
1954 728 2036 773 est
2056 758 2070 782 ,
2106 734 2225 774 cum
2254 720 2544 774 centesimo
2574 722 2757 788 quinto
2788 722 2995 775 decimo
3020 723 3385 790 conjnngatur.

69 836 91 849 -
133 814 253 865 ria:
287 826 479 866 novem
509 811 736 879 capitula
760 855 773 878 ,
808 827 923 881 qua:
954 810 1163 866 residua
1192 820 1314 865 sunt
1340 810 1407 865 de
1436 813 1727 867 centesimo
1834 809 2049 880 Digesto
2077 824 2207 879 ergo
2235 809 2421 863 ordine
2453 810 2773 879 psalmorum
2814 813 3229 878 vespertinorum
3254 853 3267 875 ,
3300 829 3387 866 re-

138 903 377 958 decimo
402 916 591 958 octavo
623 906 861 972 psalmo,
892 906 1003 973 ipsa
1030 914 1176 959 terna
1209 918 1303 972 per
1328 903 1538 959 easdem
1572 905 1729 957 horas
1836 901 1976 967 liqua
1997 941 2010 964 ,
2039 900 2090 953 id
2118 909 2203 955 est
2222 943 2235 966 ,
2259 900 2542 967 lcetiones,
2594 902 2931 970 responsoria
2959 898 3009 967 ιι,
3039 901 3252 971 hymni,
3283 917 3394 955 ver-

137 973 459 1047 dicantur.’
481 992 731 1061 Expenso
776 995 939 1065 318
982 995 1138 1059 igitur
1188 994 1391 1061 psalmo
1437 994 1728 1048 centesimo
1836 1003 1954 1053 sus,
1982 990 2063 1043 vel
2090 990 2326 1054 cantica,
2353 990 2490 1044 sicut
2512 1005 2670 1059 supra
2698 992 3023 1055 taxavimus,
3054 991 3390 1060 impleantur.

138 1084 360 1138 octavo
401 1084 609 1139 decimo
652 1085 859 1139 duobus
903 1087 1121 1150 diebus,
1165 1086 1215 1138 id
1255 1094 1338 1139 est
1375 1085 1639 1139 dominico
1676 1095 1729 1136 et
1837 1082 1915 1133 Ad
1959 1082 2360 1150 completorium
2407 1078 2424 1117 ι
2489 1097 2614 1136 vero
2660 1081 2815 1136 iidem
2862 1084 3046 1151 psalmi
3092 1095 3396 1150 repetamur

139 1175 404 1233 secunda
444 1176 608 1239 feria;
643 1178 797 1230 tertia
827 1177 954 1231 feria
979 1177 1087 1245 jam
1117 1177 1183 1232 ad
1214 1178 1421 1230 tertiam
1444 1217 1458 1237 .
1487 1182 1688 1230 sextam
1711 1214 1727 1235 ,
1837 1170 2115 1237 quotidie;
2150 1171 2202 1223 id
2231 1180 2342 1233 est,
2373 1181 2625 1239 quartus,
2670 1172 3043 1239 nonagesimus
3066 1211 3081 1233 ,
3123 1182 3175 1225 et
3214 1182 3393 1225 cente-

144 1265 247 1320 vel
276 1280 470 1320 nouam
498 1266 788 1336 psallantur
810 1269 945 1322 terni
974 1270 1157 1336 psalmi
1181 1308 1195 1333 ,
1223 1282 1252 1320 a
1277 1268 1567 1323 centesimo
1592 1282 1730 1321 nono
1837 1264 2005 1317 simus
2035 1263 2335 1331 trigesimus
2382 1261 2584 1314 tertius.

144 1356 387 1412 decimo
416 1372 580 1428 usque
606 1358 670 1411 ad
703 1344 1049 1413 centesimum
1077 1360 1383 1414 vicesimum
1413 1359 1730 1427 septimum;
1910 1342 2173 1420 Disposito
2200 1353 2387 1406 ordine
2416 1353 2720 1421 psalmodize
2747 1352 2971 1418 diurnae,
2997 1353 3184 1422 reliqui
3212 1370 3394 1406 omnes

147 1450 209 1504 id
244 1460 334 1503 est
365 1452 548 1518 psnlmi
582 1465 791 1505 novem.
841 1451 1046 1520 Quique
1085 1452 1270 1517 psalmi
1312 1467 1521 1517 semper
1560 1465 1729 1519 usque

148 1539 229 1592 ad
264 1537 594 1592 dominicam
622 1536 649 1575 ἀ
682 1554 777 1607 per
804 1538 1014 1593 easdem
1045 1538 1198 1592 horas
1228 1541 1406 1593 itidem
1438 1551 1461 1575 ο
1492 1550 1731 1607 repetan-

150 1637 292 1682 tur:
328 1629 640 1699 hymnorum
695 1629 1070 1694 nihilominus,
1126 1628 1444 1693 lectionum,
1484 1631 1563 1683 vel
1609 1644 1729 1682 ver-

154 1733 325 1771 suum
357 1718 699 1785 dispositione
719 1719 964 1773 unilormi
995 1718 1039 1783 ῐ,
1071 1719 1274 1772 cunctis
1297 1719 1479 1773 diebus
1501 1728 1725 1774 servata.

1842 1446 2025 1514 psalmi
2045 1445 2135 1513 qui
2157 1453 2433 1510 supersunt
2460 1484 2474 1505 ,
2500 1443 2775 1511 :equaliter
2799 1442 3099 1497 dividantur
3120 1444 3169 1496 in
3195 1452 3394 1511 septem

1841 1537 2076 1591 noctium
2106 1536 2333 1606 vigilias,
2360 1534 2636 1604 partiendo
2659 1535 2860 1589 scilicet
2883 1534 2969 1604 qui
2998 1535 3135 1590 inter
3160 1551 3250 1589 eos
3281 1552 3398 1603 pro-

1840 1629 2054 1683 lixiores
2078 1638 2199 1681 sunt
2228 1626 2449 1696 psalmi,
2479 1636 2535 1680 et
2558 1625 2835 1680 duodecim
2862 1641 2957 1695 per
2979 1640 3398 1695 unamquamque

1839 1720 2221 1774 constituantur
2243 1728 2279 1755 ω
2304 1728 2531 1773 noctem.
2564 1718 2673 1771 Hoc
2695 1717 2959 1787 praecipue
2978 1728 3394 1782 commonemus,

154 1808 231 1861 Et
281 1809 356 1860 ita
404 1807 606 1862 scilicet
651 1817 708 1861 ut
752 1823 965 1878 semper
996 1819 1020 1857 ις
1062 1810 1320 1863 dominica
1366 1826 1394 1862 a
1442 1810 1730 1864 centesimo
1764 1816 1809 1873 Β
1841 1818 1896 1861 ιιι
1919 1811 1962 1862 si
1990 1811 2075 1861 cui
2098 1817 2125 1843 η
2149 1807 2283 1861 [νει-ιε
2314 1809 2424 1861 haec
2449 1806 2749 1861 distributio
2778 1809 3097 1875 psalmorum
3120 1805 3398 1873 displicue-

155 1908 362 1952 octavo
397 1898 603 1953 decimo
642 1899 919 1969 incipiatur
950 1898 995 1954 δ.

247 1990 483 2060 Vespera
509 1999 685 2046 autem
710 1991 943 2061 quotidie
966 2001 1188 2060 quatuor
1212 1993 1530 2060 psalmo‘rum
1553 1993 1733 2047 modu-

160 2084 375 2137 latione
411 2093 649 2139 caoatnr.
691 2084 791 2152 Qui
832 2085 1015 2154 psalmi
1047 2086 1363 2156 incipiantur
1390 2102 1419 2141 a
1448 2089 1734 2143 cemcsimo

158 2188 351 2238 nono,
396 2191 564 2245 usque
601 2178 669 2231 ad
709 2178 1053 2231 centesimum
1084 2177 1541 2248 quadragesimum
1570 2181 1735 2248 septi-

159 2278 318 2319 suum
345 2279 359 2317 :
392 2268 628 2334 exceptis
661 2268 745 2321 his
774 2268 863 2337 qui
892 2268 942 2320 in
971 2268 1193 2321 diversis
1234 2267 1381 2319 horis
1424 2283 1488 2321 ex
1528 2271 1607 2323 cis
1650 2285 1689 2322 si
1710 2299 1735 2309 -

160 2364 554 2422 questrautur;
603 2355 654 2410 id
697 2369 780 2412 est
817 2373 847 2411 a
889 2360 1182 2412 centesimo
1223 2358 1449 2426 septimo
1489 2358 1728 2423 decimo,

161 2460 340 2511 usque
369 2445 432 2498 ad
463 2448 811 2501 centesimum
842 2449 1148 2503 vicesimum
1182 2450 1461 2517 septimum
1482 2489 1498 2513 ,
1528 2460 1581 2503 rt
1610 2464 1734 2503 cen-

164 2536 365 2589 tesimo
409 2535 678 2589 tricesimo
709 2536 900 2602 tertio,
933 2546 989 2591 et
1014 2539 1305 2591 centesimo
1334 2537 1734 2607 quadragesimo

163 2624 428 2680 secundo.
471 2623 671 2693 Reliqui
703 2638 888 2678 omnes
918 2625 967 2678 in
1002 2640 1218 2693 vespera
1246 2626 1455 2681 dicendi
1484 2637 1628 2681 sunt.
1670 2628 1735 2682 Et

161 2717 297 2789 quia
328 2716 501 2767 minus
532 2715 745 2768 veniunt
771 2727 879 2769 tres
910 2714 1096 2782 psalmi
1120 2755 1137 2779 ,
1165 2713 1284 2770 ideo
1315 2716 1582 2771 dividendi
1610 2728 1733 2771 sunt

165 2805 264 2873 qui
293 2806 344 2859 in
372 2820 592 2859 numero
618 2803 635 2842 ί
664 2805 1021 2874 suprascripto
1044 2802 1285 2860 fortiores
1310 2804 1324 2854 i
1356 2806 1727 2879 inveniuntur;

248 2966 278 2995 ⁸
313 2956 456 3012 Flor.
479 2969 807 3027 ,φοι-τιθῆται·
835 2961 888 3012 in
917 2960 1095 3023 binos;
1125 2960 1195 3012 al.
1219 3000 1234 3025 ,
1266 2961 1547 3029 partiuntur
1578 2962 1628 3012 in
1660 2960 1732 3012 bi-

171 3044 274 3097 nas
303 3029 513 3097 glorias.
570 3052 573 3055 ι

250 3096 279 3135 δ
308 3096 401 3152 ίΑἰ.
425 3141 441 3165 ,
471 3106 518 3151 et
550 3098 618 3151 sic
645 3099 734 3166 ﬁt;
766 3098 833 3151 al.
864 3139 879 3161 ,
907 3110 953 3151 rt
982 3099 1053 3151 sic
1080 3100 1165 3151 si..

252 3176 277 3205 ο
316 3168 485 3221 Oxon.
505 3208 519 3232 ,
549 3167 695 3221 Cass.
734 3170 803 3232 l,‘
831 3168 999 3221 Paris.
1020 3208 1033 3229 ,
1066 3168 1357 3221 dominicas.

248 3233 277 3273 δ
314 3239 397 3291 Al.
424 3280 438 3303 ,
472 3254 626 3307 usque
651 3240 938 3295 dominica;
966 3237 1033 3289 al.
1057 3280 1069 3300 ,
1102 3253 1255 3305 usque
1283 3238 1607 3291 dominiram.

254 3314 279 3374 ξ
317 3308 516 3374 Nati)”
550 3309 716 3360 iidem.

256 3372 278 3413 ί
319 3377 461 3431 Flor.
487 3372 509 3441 ,⁷
535 3379 908 3439 dispesitionem
935 3378 1230 3443 uniformem
1254 3415 1267 3429 .
1289 3415 1302 3430 .
1326 3415 1340 3430 .
1362 3418 1374 3430 .
1394 3395 1427 3429 s,
1448 3388 1655 3429 reatum.

253 3454 279 3492 ι
318 3451 519 3512 Oxon.,
550 3448 700 3501 Cass.
720 3489 733 3509 ,
764 3446 963 3500 Conch.
982 3486 997 3510 ,
1027 3462 1239 3514 semper.

257 3515 282 3550 ³³
320 3518 489 3570 Oxon.
506 3556 521 3577 ,
553 3517 829 3584 incipiatur.

262 3587 277 3619 ι
324 3591 404 3638 At.
424 3626 438 3648 ,
467 3590 530 3639 ert
556 3601 781 3638 numero.

259 3665 273 3702 ι
320 3654 490 3709 Oxon.
510 3695 525 3721 ,
556 3658 789 3721 potiores.

1846 1900 1946 1964 Iit,
1980 1899 2227 1962 ordinet,
2258 1899 2300 1951 si
2334 1898 2521 1952 melius
2549 1897 2701 1952 aliter
2739 1896 3093 1965 iudicaverit:
3135 1902 3256 1950 dum
3286 1897 3397 1950 oni-

1846 1991 2073 2044 nimodis
2106 1989 2156 2042 id
2187 1988 2512 2053 attendatur,
2546 1999 2601 2042 ut
2640 1990 2783 2042 omni
2826 1988 3155 2043 ltebdomada
3197 1989 3425 2044 l’salte-'

1844 2084 1984 2137 rium
2017 2098 2078 2135 ex
2113 2081 2341 2150 integro,
2372 2096 2595 2134 numero
2618 2091 2827 2134 centum
2858 2081 3231 2150 quinquaginta
3263 2080 3395 2148 psal-

1842 2188 2048 2228 morum
2080 2174 2240 2245 319
2275 2174 2545 2239 psallatnr.
2589 2173 2650 2226 Et
2694 2173 2960 2227 dominico
2998 2172 3083 2228 die
3123 2160 3331 2242 semper
3366 2190 3396 2231 ει

1843 2267 2016 2333 Capite
2044 2275 2315 2333 repetatur
2344 2274 2367 2299 ο
2395 2265 2457 2315 ml
2485 2265 2686 2333 vigilias
2712 2283 2723 2317 :
2756 2266 2879 2334 quia
2910 2265 3065 2319 nimis
3092 2266 3235 2320 iners
3255 2274 3283 2315 ι’
3302 2268 3393 2320 de-

1840 2340 2069 2407 votionis
2099 2372 2209 2410 sum
2237 2356 2512 2409 servitium
2545 2356 2830 2409 CrtL‘ﬂdUﬂl
2859 2357 3138 2422 monachi,
3168 2360 3255 2425 qui
3295 2359 3397 2411 mi-

1844 2458 1943 2498 nus
1989 2460 2016 2495 a
2066 2444 2329 2497 Psalterio
2370 2460 2488 2498 cum
2533 2448 2752 2500 canticis
2791 2448 3265 2503 consuetudinariis
3309 2454 3398 2517 per

1841 2534 2148 2610 septimanae
2192 2535 2446 2587 circulum
2491 2536 2761 2604 psallunt:
2804 2552 2922 2590 cum
2964 2537 3194 2607 legamus
3223 2548 3251 2588 ιι
3280 2552 3397 2591 san-

1842 2633 1954 2679 ctos
1985 2624 2168 2677 Patres
2200 2635 2409 2678 IiOSlI'LS
2442 2632 2461 2661 ι
2498 2642 2600 2676 uno
2630 2628 2712 2677 die
2745 2631 2845 2680 hoc
2873 2636 3086 2681 strenue
3117 2629 3359 2696 implesse
3382 2671 3394 2692 ,

1845 2716 1982 2785 quod
2014 2733 2110 2770 nos
2140 2716 2303 2784 tepidi
2337 2728 2355 2747 ⁵
2394 2718 2589 2769 utinam
2621 2720 2913 2786 septimana
2955 2723 3151 2789 integra
3196 2722 3396 2790 persol-

1842 2821 2044 2859 vamus.

1918 2959 1942 3029 ξε
1986 2960 2125 3015 Flor.
2147 3004 2159 3025 ,
2199 2977 2523 3025 responsum,
2558 2961 2801 3029 hymnus,
2838 2980 3005 3017 versus
3034 2965 3106 3017 νει
3130 2966 3394 3029 canticum.

1920 3026 1934 3064 ι
1983 3030 2159 3103 fleta,
2188 3032 2566 3103 equipleturios,
2586 3026 2640 3103 ei
2676 3033 2741 3082 ita
2768 3026 3091 3103 antiquiores
3120 3026 3265 3089 cess.

1914 3108 1951 3133 ⁸¹¹
1981 3098 2152 3153 Oxon.
2171 3141 2184 3160 ,
2221 3098 2364 3152 Flor.
2386 3138 2399 3160 ,
2434 3101 2758 3153 constituens.

1918 3177 1941 3201 "
1980 3170 2094 3232 AL,
2123 3172 2164 3221 si
2194 3169 2293 3219 cui.

1980 3238 2117 3292 Hild.
2138 3280 2152 3302 ,
2182 3247 2484 3303 repetantur.
2522 3239 2660 3292 Flor.
2685 3281 2697 3304 ,
2729 3239 3080 3306 rt'preiidatur.

1916 3320 1940 3356 ιι
1982 3307 2120 3362 Flor.
2144 3350 2158 3371 ,
2188 3309 2414 3360 inertem.
2450 3368 2453 3373 η

1914 3390 1938 3427 ιι
1985 3380 2061 3432 Al.
2081 3420 2093 3442 ,
2116 3380 2235 3431 dum
2255 3380 2509 3448 legamus;
2531 3378 2600 3430 al.
2622 3422 2633 3439 ,
2657 3380 2775 3446 quia
2801 3379 3045 3445 lcgirnus;
3069 3381 3137 3433 al.
3158 3420 3171 3443 ,
3196 3382 3393 3447 quando

1842 3452 2101 3517 lupanaris;
2128 3450 2197 3501 al.
2222 3491 2236 3513 ,
2271 3456 2390 3500 dum
2418 3449 2621 3517 quando
2652 3452 2908 3519 legamus;
2936 3450 3005 3501 al.
3026 3490 3039 3514 ,
3072 3451 3191 3502 dum
3219 3454 3392 3519 quanti

1844 3521 2073 3588 legimus.

1917 3598 1937 3626 ι’
1976 3588 2134 3643 Deest
2162 3588 2214 3640 in
2248 3587 2418 3652 ΠΜ,
2451 3580 2663 3641 ιιοδινὸε.

1915 3665 1937 3692 ⁸
1979 3658 2133 3712 Deest
2166 3659 2219 3711 in
2247 3659 2415 3712 Oxon.
2438 3696 2453 3720 ,
2483 3661 2615 3725 quod
2642 3674 2732 3711 nos
2759 3660 2931 3721 lepidi.

193 3790 2588 3820 ___________.____—_____—.————_____.__._____

1458 3878 2088 3947 COMMENTARIUS.

269 4003 329 4059 In
360 4004 535 4068 primis
564 4018 759 4072 semper
788 4002 984 4057 diurnis
1013 4000 1149 4055 horis
1176 4002 1374 4072 dicatur
1400 4016 1573 4055 versus
1604 4000 1738 4055 Deus

194 4079 246 4131 in
285 4074 627 4146 adjutorium,
670 4071 815 4145 etc.]
854 4074 1061 4146 Ali_hoc
1090 4071 1351 4146 versiculo
1379 4086 1597 4146 omnes,
1629 4072 1740 4146 sive

195 4140 437 4204 diurnas.
468 4143 583 4196 sive
614 4140 899 4197 nocturnas
939 4143 1094 4196 horas
1134 4141 1188 4197 S.
1225 4140 1283 4196 P.
1318 4141 1624 4195 Benedictus
1667 4142 1742 4195 in-

200 4216 365 4282 cipit;
406 4227 525 4266 cum
571 4222 745 4267 tamen
790 4213 1000 4279 clerici,
1046 4213 1119 4265 uti
1160 4211 1403 4282 observat
1451 4211 1735 4282 Bcherius,

200 4280 364 4340 tribus
393 4283 564 4336 modis
593 4284 749 4335 horas
776 4298 899 4337 suas
936 4284 1141 4335 soleant
1178 4280 1443 4349 incipere;
1487 4281 1643 4347 idque
1685 4293 1741 4335 ut

199 4353 388 4421 triplici
416 4352 556 4419 quod
586 4354 739 4422 vulgo
769 4353 1116 4406 committitur
1141 4361 1449 4422 occurratur
1483 4363 1733 4422 peccato;

199 4437 386 4490 nempe
413 4421 615 4489 vigilias
643 4420 926 4475 nocturnas
949 4437 978 4474 a
1009 4436 1161 4475 versu
1196 4421 1435 4479 Domine.
1465 4420 1598 4473 labia
1624 4437 1738 4474 mea

200 4496 389 4560 aperies
420 4500 600 4545 contra
641 4505 851 4561 peccata
891 4494 1035 4553 oris;
1077 4492 1474 4561 completorium
1513 4506 1541 4561 a
1584 4506 1735 4545 versu

201 4559 437 4631 Conrerte
465 4577 555 4613 nos
580 4559 763 4615 contra
790 4572 999 4629 peccata
1024 4562 1198 4614 cordis
1223 4577 1236 4621 ;
1270 4560 1495 4627 reliquas
1526 4559 1681 4614 horas
1705 4575 1735 4613 a

201 4630 352 4701 versu
381 4630 539 4701 Dens,
564 4631 620 4683 in
643 4633 954 4701 adjutorium
982 4640 1162 4685 contra
1193 4641 1405 4699 peccata
1434 4633 1629 4701 operis.

273 4699 447 4754 Prima
500 4700 625 4753 liora
674 4698 927 4763 dominica
976 4701 1188 4755 dicenda
1234 4710 1451 4766 quatuor
1516 4698 1743 4761 capitula

206 4771 409 4843 ps'ilmiA
426 4770 678 4843 centesimi
720 4772 893 4843 octavi
926 4771 1121 4843 decimi.
1148 4769 1187 4843 '|7
1209 4770 1519 4843 Octonarios
1558 4768 1740 4843 psalmi

202 4834 357 4901 iuvui
379 4840 436 4895 S.
459 4839 768 4894 Benedictus
782 4834 1000 4909 capitula
1020 4834 1276 4909 appellat;
1293 4834 1593 4903 Cassianus,
1623 4840 1741 4909 itu,

206 4928 256 4967 c.
290 4911 373 4974 ii,
411 4906 1123 4975 intncisiones;Amalarius,
1160 4911 1194 4963 Ι.
1227 4924 1280 4962 tv
1317 4912 1383 4962 de
1424 4909 1565 4962 Eccl.
1603 4906 1704 4961 Oli.
1727 4947 1742 4971 ,

205 4999 257 5037 c.
281 4983 347 5051 2,
371 4980 719 5051 repetitiones;
746 4979 931 5034 Petrus
953 4981 1216 5051 ADarniani,
1242 4993 1425 5051 opusc.
1457 4980 1514 5040 i,
1541 4992 1659 5044 cap.
1690 4979 1744 5040 5.

207 5047 489 5118 incisiones.
531 5047 660 5104 Huic
696 5051 900 5119 μελίαι.)
935 5048 1195 5103 dominica
1238 5050 1303 5103 ad
1343 5049 1559 5119 primam
1597 5052 1750 5119 ξδἰιι-

207 5116 381 5176 boltnn
418 5120 475 5175 S.
509 5116 779 5174 Athanasii
807 5120 960 5189 Vulgo
996 5116 1357 5185 appellatum,
1390 5116 1530 5188 quod
1576 5118 1745 5189 Euse-

209 5190 293 5245 bio
321 5189 633 5243 Vercellensi
661 5188 1223 5253 nonnulli’ascribunt,
1251 5189 1565 5255 adjicimns;
1595 5188 1750 5241 illud-

210 5274 309 5331 que
332 5259 565 5331 quotidie
588 5265 811 5314 recitant
834 5259 1073 5314 monachi
1099 5258 1585 5331 Carthugsiensesex
1610 5272 1760 5331 nova.

211 5326 517 5400 collectione
547 5330 824 5395 Statutor.,
858 5337 990 5400 part.
1023 5344 1071 5392 I,
1101 5329 1341 5400 campis,
1376 5344 1430 5382 n.
1465 5326 1529 5379 η
1551 5328 1750 5400 ;_olim—

211 5399 385 5472 quein
413 5400 674 5472 aliquibus
693 5397 934 5456 ecclesiis
959 5399 1178 5472 singulis
1203 5397 1390 5451 diebus
1416 5398 1745 5472 cantabatur,

208 5467 270 5528 ex
311 5469 535 5522 Honorio
563 5470 877 5537 Augustod.,
908 5472 944 5525 l.
976 5486 1014 5525 ιι
1039 5467 1105 5524 de
1133 5468 1351 5537 Gemma
1372 5467 1559 5537 anima:
1578 5506 1592 5528 .
1625 5481 1742 5535 cap.

208 5541 295 5599 59.
322 5538 392 5594 De
416 5542 515 5592 hoc
535 5536 936 5611 Synib‘olo_vide
960 5556 1074 5611 qua-
1103 5536 1328 5611 diximus
1357 5537 1409 5589 in
1436 5536 1475 5588 l.
1504 5552 1518 5590 ι
1548 5537 1614 5590 de
1639 5539 1745 5591 An-

208 5611 357 5680 tiquis
386 5613 758 5663 monachorum
790 5609 1022 5674 Ritibus.
1053 5625 1171 5677 cap.
1200 5609 1255 5680 ιτ

274 5678 349 5735 Ad
376 5682 586 5747 primam
613 5691 780 5733 autem
806 5683 1036 5734 secunda:
1059 5681 1198 5749 feria:
1219 5678 1452 5749 dicantur
1481 5687 1575 5730 tres
1604 5691 1741 5741 pia.-

209 5753 272 5806 mi
314 5749 365 5802 id
388 5759 459 5803 est
484 5752 695 5814 primus,
723 5749 968 5805 srcundus
996 5761 1042 5804 ct
1060 5747 1281 5811 sextus]
1312 5767 1329 5798 ι
1358 5748 1527 5803 Prima
1558 5760 1738 5800 mona-

1768 4638 1873 4697 θα
1913 4632 2120 4685 clericis
2159 4635 2419 4700 psalmum
2456 4648 2611 4687 cxvut
2654 4631 2709 4686 S.

1845 4005 2065 4057 chorum
2085 4044 2103 4081 _,
2134 4003 2304 4081 inquit
2333 4005 2523 4081 Petrus
2558 4003 2806 4081 Damiani
2827 4006 3042 4073 (Upusc.
3071 4009 3154 4074 10,
3180 4027 3293 4078 cap.
3316 4014 3395 4081 5),

1845 4073 2384 4146 prazterdominiram
2416 4076 2555 4128 diem
2587 4076 2961 4146 convenienter
2986 4092 3017 4131 a
3045 4073 3217 4146 capite
3242 4073 3393 4135 vide;

1845 4153 1929 4195 tur
1958 4142 2212 4220 inchoare
2248 4144 2523 4220 l’saltcrii.
2555 4154 2611 4197 ut
2648 4160 2773 4220 eum
2813 4144 2930 4220 hhri
2981 4142 3234 4217 principio
3274 4162 3397 4220 apte

1847 4214 2136 4284 concordet
2165 4212 2267 4267 diei
2300 4229 2512 4282 quoque
2540 4215 2805 4269 nascentis
2833 4212 2998 4284 origo.
3026 4235 3045 4269 s

1916 4282 1982 4335 Et
2006 4284 2191 4355 itarper
2219 4284 2447 4354 singulos
2476 4284 2582 4337 dies
2611 4288 2675 4337 ad
2705 4282 2937 4355 primani
2952 4303 3105 4354 usque
3132 4289 3198 4340 ad
3227 4288 3395 4344 domi-

1844 4354 2008 4430 nicam
2049 4354 2284 4430 dicantur
2328 4371 2417 4421 per
2460 4354 2860 4430 ortlinemterni
2884 4354 3398 4430 _psalmi,“ctc.]vl)e

1843 4424 2224 4496 institutotmo
2247 4428 2350 4496 hoc
2378 4427 2546 4496 capite
2575 4439 2603 4476 a
2635 4424 2690 4475 ς.
2724 4421 3011 4479 Benedicto
3035 4428 3223 4483 ordine
3252 4421 3398 4496 plura

1845 4493 2375 4565 digessitAmalarius
2403 4496 2454 4565 in
2483 4494 2883 4565 supplemento,
2905 4504 3033 4548 tom.
3064 4496 3104 4551 ll
3136 4493 3398 4565 Analect.,

1844 4561 1984 4630 quod
2005 4564 2047 4615 si
2071 4563 2216 4615 lubet
2244 4564 2477 4616 consule.
2503 4563 2674 4628 Quare
2695 4570 2872 4630 autem
2903 4565 3039 4620 adeo
3075 4561 3398 4625 celebratum

2791 4641 2907 4710 ater
2931 4636 3002 4710 ad
3024 4638 3246 4710 primam
3271 4657 3403 4710 quo-

1846 4700 1971 4754 tidie
1994 4701 2156 4771 320
2175 4703 2442 4756 decantari
2473 4715 2578 4755 non
2607 4706 2918 4771 prmceperit
2940 4746 2956 4768 ,
2990 4700 3086 4760 has
3113 4700 3402 4764 llaefténus

1846 4772 2083 4845 rationes
2122 4773 2234 4845 sive
2260 4772 2603 4845 conjecturas
2645 4771 2798 4845 allert
2834 4774 2997 4845 (Lib.
3030 4792 3135 4841 vn,
3166 4790 3310 4831 tract.
3344 4782 3396 4845 7,

1848 4841 1981 4914 disq.
2006 4842 2079 4914 3)
2104 4857 2115 4892 :
2145 4860 2165 4892 ι
2189 4840 2384 4914 Prima,
2414 4843 2552 4909 quod
2581 4840 2993 4914 pulclterrimum
3034 4840 3314 4914 psalmum,
3345 4840 3401 4903 ut

1849 4910 2017 4979 pluris
2039 4912 2209 4975 ﬁeret,
2232 4910 2453 4963 noluerit
2472 4913 2704 4985 quotidie
2730 4917 2913 4982 repeti,
2939 4910 3075 4971 sicut
3096 4910 3400 4985 pretiosiora

1848 4992 2157 5050 ornamenta
2202 4996 2303 5033 non
2336 4996 2600 5047 ponuntur
2643 4984 2693 5037 in
2740 4986 2873 5037 dies.
2917 4984 3191 5050 Secunda,
3239 4997 3401 5038 utare

1849 5052 2073 5121 voluerit
2116 5049 2280 5113 illud,
2321 5054 2459 5117 quod
2490 5068 2553 5105 ex
2593 5055 2907 5120 repetitione
2936 5049 3185 5106 subnasci
3225 5066 3403 5121 pos~et

1853 5120 2149 5181 fastidium,
2199 5130 2253 5173 et
2301 5124 2549 5177 nonnulla
2591 5134 2733 5176 easet
2778 5122 2864 5175 hic
2904 5123 3140 5175 variatio.
3186 5120 3401 5178 Tertia.

1853 5190 1955 5244 hoc
1994 5198 2149 5259 pacto
2179 5191 2524 5256 psalmodiam
2556 5193 2738 5246 fecerit
2776 5191 3093 5248 breviorem.
3121 5212 3139 5244 ι
3173 5193 3293 5247 Fuit
3321 5195 3405 5249 ni»-

1852 5258 2135 5331 hilominus
2163 5262 2335 5331 etiami
2354 5260 2439 5316 hic
2468 5265 2700 5330 psalmus
2725 5278 2754 5313 ιι
2783 5263 3056 5331 monachis
3084 5264 3401 5331 celebratus,

1851 5337 1912 5383 ut
1932 5329 2109 5382 videre
2135 5336 2218 5382 est
2242 5329 2294 5383 in
2320 5330 2436 5385 Vita
2455 5329 2513 5387 S.
2543 5330 2807 5386 Benedicti
2828 5331 3175 5397 Anianensis;
3204 5344 3261 5387 et
3283 5329 3411 5389 We;

1851 5402 1961 5471 tino
1990 5401 2249 5471 monacho
2282 5401 2417 5455 inter
2445 5404 2545 5455 aria
2574 5405 2638 5455 ab
2658 5399 2860 5471 Angela
2881 5402 3305 5469 commendatus,
3336 5420 3403 5459 ex

1850 5469 1966 5539 ejus
1994 5469 2215 5531 visione,
2250 5487 2302 5523 n.
2333 5472 2367 5525 6
2391 5516 2406 5539 ,
2437 5486 2561 5526 saec.
2593 5487 2663 5535 IV,
2699 5469 2832 5538 part.
2866 5486 2903 5525 ι.

1920 5537 2120 5607 Quique
2142 5542 2324 5606 psalmi
2351 5537 2544 5608 semper
2574 5537 2727 5608 usque
2750 5542 2817 5593 ad
2847 5541 3153 5595 dominicam
3183 5560 3271 5607 per
3294 5560 3379 5598 eas
3404 5576 3407 5579 -

1850 5608 1964 5680 dem
1996 5608 2147 5659 horas
2182 5610 2354 5680 itidem
2389 5620 2701 5680 repetantur,
2732 5610 3029 5679 hymnorum
3056 5613 3404 5680 nihilominus,

1848 5678 2142 5750 lectionum,
2177 5679 2252 5731 vel
2292 5678 2521 5733 versuum
2561 5678 2889 5749 dispositione
2928 5682 3171 5750 unifortni
3210 5678 3404 5739 cunctis

1847 5749 2012 5802 diebus
2043 5750 2279 5820 scri'ata.|
2307 5770 2324 5802 ι
2349 5751 2607 5817 Quantum
2631 5753 2694 5806 ad
2719 5749 3207 5823 numerum,inquit
3237 5755 3407 5811 Βυὶιε·
