3916 6226
215 319 323 375 4⁸ῐό

1196 313 1466 371 ιιεσιιω
1502 314 1983 372 (ἓΟΜΒΙΕΝΤΑΤΑ.
2020 315 2168 373 CAP.
2209 316 2389 374 XVIII.

3305 316 3411 373 ιιι

216 430 274 483 in
307 426 627 501 hebdomada
663 427 873 501 Dasclize
898 436 949 481 et
972 426 1328 501 Pentecostes,
1362 426 1414 479 in
1441 425 1629 494 quibus
1656 426 1759 480 Ro-
1785 430 1835 489 Α
1862 443 1984 501 cum
2009 443 2195 501 novem
2220 430 2298 483 sie
2322 428 2568 484 Psalteria
2591 443 2737 501 saepe
2759 430 3079 485 modulanda
3108 431 3411 501 perficeret,

214 500 362 554 mani
389 497 543 551 solito
562 498 771 553 brevius
789 498 1067 552 decantant
1090 497 1338 551 cilicium.

250 584 253 587 ·
293 561 337 627 ρ
360 568 426 621 tia
450 568 597 620 nimis
625 568 759 619 iners
782 567 1054 620 devotionis
1084 583 1189 619 sua:
1221 566 1475 619 servitium
1505 565 1660 636 323
1682 582 1762 619 as-

209 641 430 689 teuJunt
456 636 750 701 monachi]
794 637 904 691 lmo
944 635 1304 705 obligationis;
1334 650 1454 689 nam
1484 635 1620 705 quod
1650 645 1761 689 erat

211 706 515 761 devotionis
546 720 667 759 ante
718 706 926 760 claustri
972 707 1283 774 ingressum,
1332 705 1671 775 obligationis
1699 720 1761 760 ac

217 776 386 831 debiti
422 775 589 846 evasit
618 786 737 841 post
773 777 1112 831 monasticam
1137 775 1537 846 professionem,
1584 785 1642 829 ut
1669 776 1762 830 ob—

217 854 399 901 servat
430 843 703 899 Boherius.

296 916 394 981 Qui
403 916 606 968 minnsa
616 914 863 969 Psalterio
873 930 985 968 cum
998 917 1202 970 canticis
1210 915 1665 985 consuetudinariis
1674 931 1762 985 per

217 988 512 1054 septimana:
534 985 775 1039 circulum
801 985 1043 1054 psallunt,
1076 1002 1186 1040 cum
1211 987 1432 1051 legamus
1454 985 1557 1040 SS.
1583 983 1762 1039 Patres

219 1055 326 1129 n_rio
346 1054 545 1129 dieltoe
570 1065 767 1109 strenue
792 1054 1065 1129 implesse]
1107 1056 1256 1129 Quod
1286 1054 1359 1107 ait
1399 1071 1502 1108 uno
1538 1055 1620 1108 die
1657 1071 1761 1129 non

214 1126 300 1179 sic
325 1124 635 1192 capiendum
677 1135 788 1187 est,
816 1131 964 1192 quasi
994 1124 1157 1181 semel
1206 1135 1261 1180 et
1304 1138 1409 1177 uno
1438 1133 1636 1179 tantum
1675 1128 1763 1179 die

217 1193 535 1265 Psalterium
569 1194 895 1263 recitassem,
942 1197 1030 1250 sed
1056 1212 1168 1250 cum
1197 1194 1316 1248 dicit
1338 1210 1441 1265 uno
1467 1196 1570 1259 die,
1595 1194 1764 1265 inquit

217 1263 241 1336 ζ
247 1263 576 1331 Itldemarus,
591 1265 744 1336 quasi
762 1265 953 1336 diceret
963 1283 1051 1331 per
1064 1265 1291 1336 singulos
1318 1264 1444 1328 dies,
1465 1277 1551 1318 aut
1574 1263 1759 1336 saltem

218 1334 543 1403 frequenter.
576 1335 741 1400 Quem
785 1334 881 1389 SS.
915 1334 1163 1390 Patrum
1194 1335 1450 1390 fervorem
1492 1334 1762 1389 aemulatus

215 1403 385 1460 fuisse
406 1421 507 1460 non
528 1420 724 1474 paucos
737 1407 1051 1468 reperimus.
1074 1405 1148 1458 Ita
1171 1406 1228 1461 S.
1255 1403 1604 1459 Winwaloeus
1632 1421 1650 1454 ι
1682 1412 1763 1458 ιρι·

215 1476 456 1546 quotidie
496 1476 890 1546 quinquagenos
936 1476 1163 1546 psalmos
1206 1474 1683 1546 psalle_bat,m_odo
1709 1475 1760 1528 in

213 1545 392 1598 crucis
422 1546 660 1614 figuram,
691 1544 847 1598 modo
872 1545 1019 1599 flexis
1046 1545 1283 1614 genibus.
1323 1564 1340 1596 ι
1374 1544 1442 1614 lta
1480 1544 1535 1599 S.
1570 1544 1763 1599 Neotos

214 1614 385 1668 abbas
416 1613 475 1668 in
502 1616 681 1682 Anglia
730 1617 1003 1669 immersus
1049 1613 1199 1681 fonti,
1252 1634 1270 1667 ι
1306 1613 1492 1668 solitus
1540 1625 1655 1668 erat
1696 1614 1760 1668 ad

216 1683 413 1753 rigoris
457 1686 841 1740 incrementum
888 1694 1055 1751 totum
1099 1701 1165 1739 ex
1219 1686 1421 1753 ititrgro
1451 1684 1761 1739 Psalterium

291 1754 543 1810 rsolvene.
582 1773 602 1805 ι
633 1756 771 1808 Idem
800 1756 866 1809 de
906 1755 962 1810 S.
996 1755 1237 1811 Aldelmo
1267 1756 1501 1809 referunt
1551 1754 1603 1808 in
1651 1753 1764 1820 ejus

273 1823 361 1896 ita,
394 1841 448 1896 ιι.
478 1824 510 1878 4
553 1824 712 1892 (δαῖε.
755 1840 804 1878 tv
842 1824 1030 1878 Bened.
1051 1869 1068 1892 ,
1095 1837 1228 1896 part.
1258 1823 1339 1894 ιι).
1372 1824 1443 1877 Ita
1470 1823 1766 1896 ceoll'ridus

214 1893 385 1947 abbas
412 1894 632 1948 Romam
673 1896 832 1950 etiam
875 1893 1245 1962 proficiscens,
1282 1914 1299 1945 ι
1336 1894 1568 1962 exceptis
1610 1909 1765 1948 cano-

218 1963 359 2017 nicis
397 1964 689 2018 orationum
736 1964 917 2026 horis,
960 1966 1196 2033 quotidie
1241 1966 1320 2019 bis
1366 1964 1673 2030 Psalterium
1704 1979 1765 2018 ex

214 2033 410 2088 ordine
436 2035 718 2090 decantare
750 2032 985 2101 curavit,
1023 2054 1040 2086 ι
1075 2045 1132 2088 ιιι
1162 2035 1346 2089 scribit
1378 2033 1517 2088 Beda
1558 2036 1610 2087 in
1653 2032 1766 2086 Vua

216 2107 286 2157 ὃ.
318 2104 583 2159 Benedicti
614 2104 841 2173 Biscopi,
876 2104 964 2159 lib.
997 2120 1065 2167 lt,
1098 2121 1151 2157 ιι.
1178 2104 1269 2158 21.
1300 2105 1374 2157 Ita
1407 2106 1463 2157 S.
1498 2104 1769 2172 Sequanos

218 2174 411 2236 abbas,
429 2190 493 2229 ex
516 2174 631 2241 ejus
648 2173 933 2239 Vita,n.2;
955 2174 1012 2229 S.
1038 2174 1318 2227 Attstrndis
1339 2174 1596 2225 abbatissa
1621 2174 1767 2226 Lau—

214 2242 498 2307 dunensis,
528 2258 592 2298 ex
623 2244 739 2313 ejus
762 2247 887 2298 item
911 2243 1051 2307 Vita,
1084 2260 1137 2297 ιι.
1169 2244 1254 2307 18,
1278 2242 1404 2296 nihil
1431 2242 1531 2313 cibi
1562 2257 1648 2295 aut
1676 2258 1769 2310 po-

218 2325 308 2366 tus
338 2312 663 2380 praegustare
701 2316 941 2368 solebant
984 2318 1106 2383 quin
1154 2316 1407 2381 integrum
1456 2312 1765 2383 Psalterium

219 2386 556 2448 recitassem,
583 2398 681 2451 qua
711 2384 777 2438 de
805 2400 861 2438 re
880 2381 1034 2439 etiam
1060 2385 1299 2437 laudatur
1326 2384 1584 2435 Cervinus
1604 2381 1767 2451 abbas

215 2451 556 2522 fletttulensis
580 2448 630 2506 iii
659 2453 856 2507 Chroo.
874 2455 1023 2509 Cent.
1046 2455 1082 2509 Ι.
1108 2468 1242 2515 tv.c.
1259 2454 1327 2507 26
1350 2451 1564 2522 (δρα-ξι.
1588 2459 1629 2504 t.
1650 2448 1761 2518 IV).

217 2520 298 2575 Ita
325 2522 550 2591 denique
571 2523 627 2579 S.
662 2523 903 2588 Maurus,
950 2534 1085 2578 teste
1124 2524 1321 2578 Fausto
1360 2520 1418 2575 in
1465 2522 1579 2590 ejus
1628 2522 1762 2587 Vita,-

215 2593 281 2647 S.
313 2593 606 2662 Albericus,
637 2593 797 2662 abb_as
817 2593 1202 2657 Cisterciensis,
1227 2604 1363 2648 teste
1392 2591 1685 2660 Henriquez
1712 2591 1766 2644 in

217 2663 338 2728 ejus
366 2662 505 2730 Vita,
536 2660 599 2718 ιι.
623 2662 656 2715 5
694 2660 852 2725 (Ball.
882 2662 951 2717 26
976 2662 1127 2731 Jan.)
1152 2703 1168 2728 ,
1196 2666 1353 2717 etiam
1397 2671 1520 2716 ante
1567 2662 1767 2731 vigilias

217 2742 508 2791 nocturnas
535 2748 676 2801 saepe
702 2733 1014 2788 Psalterium
1046 2731 1438 2800 percurrebant.
1469 2732 1601 2797 Quid
1634 2732 1767 2786 inte-

216 2817 345 2924 gras
387 2804 816 2873 congregationes
852 2817 1283 2864 commemorem,
1315 2803 1504 2868 quibus
1531 2802 1766 2856 solemne

244 2874 323 2924 uit
352 2873 569 2924 ~inculis
595 2874 783 2924 diebus
828 2872 1134 2924 Psalterium
1171 2870 1518 2924 decatttassc?
1548 2871 1597 2922 id
1625 2873 1763 2924 uuod

244 2874 323 2925 'uit
352 2873 569 2940 ~ingulis
587 2870 783 2927 diebus
828 2872 1134 2926 Psalterium
1171 2870 1518 2925 deczuttassc?
1540 2871 1597 2940 id
1625 2873 1763 2937 quod

215 2942 291 2994 de
333 2938 848 3011 Hacinburgensibus
871 2944 927 2998 S.
954 2942 1142 2997 UdiIia:
1168 2938 1653 3011 sauctimonialibus
1670 2943 1757 3011 Ale-

214 3011 393 3079 gimus
421 3013 474 3065 in
501 3009 621 3081 ejus
646 3012 785 3079 Vita,
806 3029 862 3067 ιι.
882 3013 945 3067 21
965 3029 980 3065 :
1002 3031 1020 3063 ι
1048 3013 1230 3067 Evenit
1258 3021 1311 3064 et
1335 3023 1387 3063 ut
1408 3009 1627 3077 quadam
1646 3009 1761 3081 die,

215 3081 356 3135 sicut
382 3081 711 3136 consuetudo
748 3086 799 3136 in
826 3084 1014 3139 eodem
1043 3082 1363 3138 monasterio
1391 3088 1535 3143 erat,
1563 3080 1763 3134 scilicet

215 3160 281 3204 ut
302 3153 536 3219 quotidie
564 3153 852 3207 secundum
881 3153 1119 3207 ordinem
1150 3153 1337 3206 virium
1359 3140 1677 3219 jejuuarent,
1707 3159 1763 3204 et
1788 3140 1835 3205 C

214 3220 543 3277 Psalterium
564 3223 922 3276 decantarent.
961 3241 981 3274 ι
1007 3223 1224 3289 Qualem
1250 3221 1407 3276 etiam
1435 3219 1761 3287 disciplinam

212 3292 357 3358 apud
388 3307 574 3346 omnes
596 3294 652 3347 S.
683 3292 955 3346 Romualdi
993 3292 1241 3347 crentitas
1268 3291 1494 3359 viguisse
1517 3290 1763 3344 discimus

211 3376 285 3431 ex
329 3361 653 3431 Hieronymo
680 3361 970 3416 Camaldul.
1006 3361 1274 3431 monacho
1305 3360 1355 3413 in
1403 3374 1661 3431 sermone
1696 3360 1763 3412 de

210 3430 278 3483 S.
306 3428 617 3495 Romualdo,
646 3446 699 3483 ιι.
726 3431 813 3495 67,
843 3432 981 3500 apud
1005 3432 1159 3496 Boll.,
1181 3432 1212 3484 7
1235 3429 1536 3485 Februarii:
1574 3450 1591 3479 ι
1626 3428 1763 3483 Cou-

211 3502 418 3553 vocatis
447 3501 604 3555 Pater
628 3500 687 3555 S.
710 3500 1030 3555 Romualdus
1055 3502 1298 3553 omnibus
1326 3509 1379 3552 et
1396 3500 1614 3566 singulis
1640 3516 1759 3554 ere-

212 3571 383 3627 initis.
410 3571 633 3623 docebat
658 3584 752 3622 eos
777 3579 836 3623 ut
863 3585 956 3638 per
977 3581 1140 3624 totum
1169 3569 1290 3621 anni
1316 3583 1346 3621 c
1369 3572 1568 3638 rculum
1592 3571 1761 3624 tribus

218 3638 403 3693 ﬁetins
423 3642 474 3691 in
496 3640 787 3704 septimana
814 3637 1004 3694 in’solo
1032 3653 1171 3708 pane
1195 3648 1248 3692 et
1279 3652 1412 3704 aqua
1435 3637 1756 3705 jejunarent,

211 3709 530 3763 l’salterittm
557 3724 677 3762 cum
716 3710 934 3763 canticis
952 3708 1466 3779 quotidiedicerent,
1489 3710 1755 3779 silentium

209 3778 593 3834 inviolabiliter
638 3790 945 3843 servarent,
970 3776 1306 3847 'disciplinas
1330 3776 1661 3847 illagellorum
1704 3782 1757 3831 in

207 3848 347 3902 cella
374 3850 627 3904 facerent.
664 3866 684 3898 ι
718 3849 789 3903 De
812 3850 1045 3904 eremitis
1083 3846 1289 3917 quoque
1315 3846 1495 3900 Fontis
1524 3847 1758 3917 Qvellani

211 3920 288 3971 ita
316 3919 497 3972 scribit
522 3918 708 3973 Petrus
734 3914 1268 3989 Damiani(0ptlsc.'c.
1300 3918 1384 3984 tt)
1402 3928 1431 3969 ':
1460 3934 1478 3966 ι
1512 3914 1752 3971 Consue-

210 3989 346 4042 tudo
369 4000 449 4043 est
478 4000 536 4042 ut
567 4003 687 4043 cum
721 3989 825 4042 duo
868 3988 1059 4044 fratres
1095 3988 1249 4043 simul
1286 3996 1674 4040 commorantur
1705 3992 1754 4039 in

214 4059 387 4124 cella,
437 4060 542 4113 duo
579 4059 882 4127 persolvant
926 4061 979 4113 in
1024 4059 1109 4113 die
1152 4058 1423 4123 Psalteria,
1472 4071 1634 4127 unum
1663 4071 1756 4125 pro

206 4129 369 4193 vivis,
411 4126 635 4184 alterum
670 4144 765 4197 pro
792 4128 1073 4183 defunctis.
1114 4129 1178 4182 Et
1202 4128 1329 4197 illud
1359 4126 1568 4196 quidem
1614 4129 1752 4196 quod

207 4208 298 4253 est
346 4200 603 4261 vivorum,
657 4196 775 4253 cum
828 4198 932 4252 illis
979 4198 1174 4253 dicitur
1222 4196 1592 4252 additamentis
1638 4212 1756 4266 qua:

206 4267 275 4322 Β.
309 4268 630 4323 Rotnualdus
670 4269 932 4337 apposuit.
980 4268 1130 4335 Quod
1162 4283 1285 4323 vero
1325 4281 1421 4336 pro
1459 4268 1719 4321 defunctis
1742 4310 1755 4331 ,

204 4353 332 4392 cum
363 4348 550 4393 no‘vem
580 4338 890 4395 lectionibus
926 4337 1150 4403 dicitur;
1194 4338 1363 4393 tribus
1390 4338 1633 4390 nimirum
1662 4353 1755 4404 per

205 4408 610 4478 quinquagenos
659 4412 905 4478 psalmos.
953 4409 1053 4475 Qui
1097 4419 1272 4463 autem
1312 4407 1456 4461 solus
1495 4416 1750 4472 moratur,

1861 500 1925 551 a'd
1956 498 2229 572 decimum
2250 514 2512 572 nunquam
2540 500 2779 572 potuerit
2792 502 3087 572 pervenire.
3108 498 3138 554 ἰ
3171 498 3413 572 Denique

1860 569 2120 636 generalis
2159 569 2285 622 olim
2322 570 2374 621 in
2404 578 2513 622 toto
2542 569 2725 624 ordine
2752 569 3095 625 Benedictino
3117 586 3243 626 usus
3270 569 3409 626 οιῑιι-

1862 638 2018 691 nebat
2045 637 2302 705 integrum
2351 640 2401 691 in
2445 637 2532 692 die
2574 638 2891 693 Parasceves
2933 640 3238 697 Psalterium
3269 644 3406 698 reci-

1862 708 2043 832 Ilitudié
2072 710 2158 831 uit:
2192 707 2517 764 ostendimus
2545 708 2598 762 in
2635 708 2725 763 lib.
2760 723 2815 763 ιιι
2843 708 2911 764 de
2946 709 3124 781 Antiq.
3159 713 3405 768 monach.

1912 794 1991 832 I..
2049 817 2062 830 υ
2164 819 2176 832 .

1912 788 1991 844 ιι.,
2014 792 2062 831 c.
2093 788 2176 833 tt.

1934 867 2079 945 Quod
2107 885 2195 945 nos
2216 869 2370 933 tepidi
2396 871 2588 945 utinam
2608 870 2887 945 septimana
2913 871 3108 945 integra
3138 876 3402 945 persolua-

1861 936 2015 1015 n_ms.]
2036 938 2239 1015 Quibus
2269 940 2548 1015 postremis
2574 936 2751 1015 verbis
2769 984 2791 1015 ,_
2815 936 3409 1015 patet-ntiquo'increpa-

1863 1007 2010 1093 tione
2122 1007 2435 1093 Benedictus
2461 1009 2701 1093 stimulos
2728 1007 2875 1092 addit
2903 1007 3194 1093 discipulis,
3219 1023 3285 1093 ut
3307 1007 3408 1068 ali-

1861 1077 1987 1145 quid
2017 1078 2081 1130 ad
2124 1078 2332 1132 solitum
2371 1093 2481 1133 sum
2519 1079 2815 1135 devotionis
2867 1077 3141 1136 servitium
3167 1077 3406 1143 addant:

1862 1147 2000 1201 unde
2040 1147 2167 1222 satis
2201 1149 2527 1222 mirari_no_n
2558 1163 2783 1222 possunt
2807 1151 3062 1222 quosdam
3096 1156 3413 1222 monachos,

1861 1231 1926 1271 eo
1951 1218 2089 1286 quod
2128 1232 2342 1285 parvum
2390 1218 2449 1273 Β.
2484 1216 2658 1273 Maria:
2698 1216 2933 1273 officium
2954 1221 3238 1286 aliquando
3273 1216 3410 1279 reci;

1864 1297 1974 1341 tare
2003 1296 2275 1362 cogantur,
2297 1291 2569 1362 conqueri,
2596 1292 2744 1362 quasi
2773 1290 2930 1362 nimis
2956 1291 3157 1359 prolixa
3187 1309 3413 1362 graven-

1863 1366 1947 1410 tur
1974 1356 2262 1425 psalmodia
2288 1398 2302 1422 ,
2350 1356 2468 1412 cum
2515 1356 2742 1413 vix'ulla
2770 1360 2895 1414 olim
2926 1356 3214 1415 eistiterit'
3227 1377 3409 1417 mona-

1861 1426 2079 1499 chorum
2105 1431 2471 1499 congregatio,
2504 1444 2620 1498 quas
2648 1429 2884 1497 quotidie
2929 1430 3056 1484 illud
3103 1432 3409 1499 persolven-

1860 1494 1985 1549 dum
2032 1512 2137 1552 non
2189 1494 2799 1567 susceperitftantaqne
2838 1500 2965 1554 olim
3008 1494 3145 1567 apud
3201 1511 3413 1556 nostros

1861 1568 2081 1634 augendi
2112 1567 2578 1640 officii‘increverit
2602 1569 2841 1632 devotio,
2877 1589 2896 1620 ι
2931 1571 3067 1640 utin
3097 1571 3411 1640 quibusdam

1863 1639 2199 1714 monasteriis
2243 1637 2384 1714 ultra
2426 1639 2525 1693 tria
2561 1641 2952 1714 lngquatttitate
2994 1637 3309 1714 Psalteriahi
3341 1643 3408 1696 ad

1862 1706 2159 1777 institutum
2189 1710 2312 1777 ags.
2350 1707 2505 1764 Patre
2544 1706 2708 1763 divini
2747 1710 2922 1775 operis
2953 1724 3167 1775 cursum
3204 1710 3414 1777 adjece-

1795 1788 1842 1849 B
1866 1774 2007 1843 rint,
2043 1786 2099 1831 ut
2140 1776 2609 1849 scribitltoherius
2636 1795 2650 1832 :
2681 1774 2818 1846 quod
2859 1789 3002 1835 certe
3044 1774 3186 1848 patet
3226 1774 3290 1835 ei
3330 1781 3411 1835 liis

1868 1857 1984 1918 qua:
2024 1847 2298 1918 retulimus
2323 1847 2375 1901 in
2406 1847 2508 1918 lib.
2535 1865 2548 1901 I
2576 1849 2643 1904 de
2675 1849 2852 1918 Antiq.
2886 1849 3193 1904 monachor.
3223 1851 3408 1918 Ritib.,

1944 1915 1998 1983 2,
2022 1917 2076 1979 ὅ,
2105 1918 2158 1976 4,
2185 1916 2223 1988 97
2244 1928 2293 1969 et
2315 1919 2397 1988 tl.
2427 1916 2549 1971 Scio
2568 1915 3035 1988 equidem'aliquos
3056 1915 3409 1988 prolixitatem

1872 1984 2015 2039 illam
2046 1988 2095 2040 in
2121 1986 2405 2055 psalmodia
2436 2003 2542 2041 non
2572 1984 2639 2040 ita
2664 1984 2935 2054 probasse,
2964 1999 3018 2042 ut
3045 1984 3163 2041 sunt
3189 1990 3410 2044 Guillel-

1868 2068 1984 2109 mus
2010 2057 2169 2111 abbas
2215 2057 2270 2110 S.
2304 2055 2611 2112 Theoderici
2653 2058 2705 2110 itt
2756 2058 2974 2124 cpistola
3012 2057 3078 2111 ad
3108 2057 3298 2112 fratres
3344 2061 3413 2114 de

1870 2132 2046 2185 Monte
2073 2127 2184 2189 Dei,
2225 2138 2277 2181 et
2303 2126 2489 2181 Petrus
2510 2128 2771 2182 Blesensis
2792 2126 2858 2181 ad
2886 2127 3199 2182 monachum
3230 2143 3410 2195 quem-

1868 2201 1987 2255 dam
2016 2197 2415 2250 (Jartltusianum
2435 2238 2451 2263 ,
2482 2212 2636 2266 quem
2685 2196 2749 2251 ad
2776 2197 3147 2252 Cluniacenses
3187 2201 3411 2253 transire

1869 2269 2205 2338 meditantem
2250 2269 2319 2321 ita
2358 2266 2679 2338 dehortatur
2728 2266 2919 2338 (Epist.
2972 2266 3064 2336 86)
3110 2284 3124 2319 :
3178 2286 3197 2320 ι
3249 2267 3410 2335 Quid,

1866 2352 2078 2407 quaeso,
2108 2336 2398 2391 dulcedinis
2434 2349 2524 2391 aut
2549 2336 2842 2392 devotiOnis
2869 2337 3103 2391 invenies
3142 2346 3277 2405 apud
3306 2352 3413 2407 eos

1866 2406 2055 2476 quibus
2075 2421 2223 2459 versa
2253 2415 2335 2460 est
2363 2407 2414 2459 in
2446 2421 2693 2462 nauseam
2717 2421 2993 2461 numerosn
3018 2416 3168 2475 atque
3193 2406 3406 2460 confusa

1866 2479 2092 2537 iteratio,
2148 2485 2306 2544 atque
2356 2476 2557 2530 farsura
2612 2477 2951 2544 psalmorum.
3006 2476 3199 2530 Paulus
3237 2478 3409 2530 dicit:

1866 2546 2096 2601 Psallam
2117 2546 2319 2613 spiritu,
2343 2545 2559 2612 psallam
2580 2556 2627 2600 et
2649 2556 2828 2600 mente.
2858 2546 2914 2600 Si
2942 2546 3284 2615 molientibus
3304 2561 3411 2600 non

1867 2618 2006 2672 adsit
2037 2617 2246 2671 dcv0tio
2271 2658 2285 2682 ,
2330 2617 2449 2669 licet
2477 2616 2719 2670 eumdem
2750 2617 3006 2684 psalmum
3040 2616 3231 2670 millies
3260 2629 3413 2684 repe-

1867 2697 1999 2753 tant,
2034 2702 2135 2740 uoo
2178 2697 2260 2739 est
2302 2687 2387 2740 hic
2429 2689 2661 2756 psalmus
2702 2687 2928 2753 jucunda
2979 2686 3273 2755 decoraque
3302 2686 3411 2739 lau-

1865 2757 2027 2812 datio.
2067 2777 2086 2809 ι
2117 2756 2217 2809 Sed
2250 2767 2429 2825 postea
2469 2756 2568 2810 zeli
2612 2757 2691 2809 sui
2735 2758 2995 2810 fervorem
3025 2757 3179 2825 paulo
3208 2765 3412 2824 tempe-

1866 2830 2026 2891 ravit,
2066 2826 2130 2880 ad
2160 2827 2228 2879 Μ.
2258 2827 2500 2880 abbatem
2536 2828 2601 2881 de
2629 2825 2889 2879 Evesliam
2918 2827 2993 2880 sic
3018 2827 3257 2880 scribens
3282 2825 3409 2896 (Ep.

1864 2898 1953 2966 97)
1990 2916 2002 2951 :
2041 2917 2058 2947 ‹
2099 2898 2288 2951 Fateor
2324 2898 2464 2966 quod
2498 2896 2801 2963 psalmodite
2833 2896 3122 2963 prolixitas.
3154 2896 3198 2949 si
3228 2910 3293 2950 ex
3322 2898 3410 2949 de-

1865 2971 2075 3023 votione
2103 2967 2358 3035 procedit,
2390 2966 2732 3020 saluberrima
2755 2976 2871 3035 est;
2902 2968 2945 3017 si
2989 2966 3221 3019 acediam
3257 2966 3412 3020 habet

1863 3039 2083 3099 sociam,
2134 3033 2407 3102 occupatio
2441 3044 2617 3089 tamen
2644 3046 2722 3087 est
2754 3033 3002 3098 honesta;
3034 3034 3079 3088 si
3121 3048 3280 3102 vagos
3321 3049 3415 3088 ex-

1864 3120 2048 3160 cursus
2070 3106 2263 3159 mentis
2291 3105 2507 3158 omnino
2537 3119 2640 3156 non
2669 3104 2929 3168 reprimit,
2958 3118 3050 3171 per
3078 3118 3193 3156 eam
3225 3104 3409 3157 saltent

1861 3175 2051 3230 studiis
2074 3174 2465 3228 honesttoribus
2489 3175 2765 3226 assuescit.
2797 3192 2816 3223 ι
2848 3174 3107 3226 Caeterum
3134 3174 3285 3239 longe
3309 3173 3410 3226 alia

1863 3257 1976 3300 erat
2016 3259 2164 3298 mens
2191 3243 2335 3297 Petri
2365 3242 2637 3307 Damiaui,
2672 3244 2823 3311 cujus
2854 3257 3013 3296 unum
3055 3241 3409 3295 testimonium

1863 3315 2106 3369 sufficere
2142 3323 2312 3383 potest
2349 3314 2414 3368 ad
2443 3312 2818 3383 obstruendum
2862 3326 2925 3366 os
2958 3312 3407 3383 adversariorum.

1862 3386 1936 3440 Ita
1969 3400 2125 3453 porro
2149 3381 2273 3439 sese
2318 3385 2547 3452 explicat
2592 3382 2659 3453 ad
2706 3383 3080 3436 Cluniacenses
3126 3381 3412 3453 monachos

1862 3452 2099 3510 scribens
2132 3453 2272 3524 (Lib.
2299 3468 2383 3518 Vt,
2413 3455 2556 3524 epist.
2590 3452 2647 3520 5)
2688 3470 2704 3506 :
2749 3471 2767 3504 ι
2809 3453 2939 3506 Cum
2980 3452 3407 3524 tamdistriclttm

1861 3537 2017 3595 atque
2041 3521 2328 3579 ferventem
2357 3521 2554 3595 sancta:
2578 3533 2777 3595 vestra;
2808 3522 3227 3595 conversationis
3265 3521 3413 3595 ordi:

1864 3591 1983 3649 ueiu
2014 3595 2209 3660 recolo,
2234 3608 2338 3648 non
2359 3593 2745 3650 adinventionis
2765 3591 3005 3647 humanm
3032 3592 3293 3656 studium,
3316 3591 3410 3643 sed

1861 3665 1919 3720 S.
1944 3666 2169 3734 Spiritus
2193 3664 2549 3734 magisterium
2576 3665 2753 3734 inesse
2777 3663 3047 3734 perpendo
3074 3680 3088 3713 :
3113 3677 3235 3734 nam
3267 3670 3409 3734 tanta

1861 3746 1943 3789 est
1984 3731 2038 3790 in
2065 3731 2309 3790 servandi
2352 3733 2555 3788 ordinis
2582 3732 2829 3785 continua
2855 3732 3075 3799 jugitate
3100 3731 3410 3799 prolixitas;
3466 3732 3470 3737 ’

1860 3813 2003 3859 tanta
2033 3805 2324 3871 praesertim
2353 3804 2407 3856 in
2435 3801 2810 3871 ecclesiasticis
2837 3799 3033 3871 officiis
3051 3800 3413 3868 pt’otelabatur

1861 3869 2137 3936 inStantia,
2170 3886 2225 3927 ut
2267 3874 2320 3926 in
2366 3872 2480 3940 ipso
2521 3869 2706 3924 Cancri
2736 3870 2848 3922 sive
2876 3869 3067 3940 Leonis
3093 3877 3247 3933 aestu,
3282 3884 3407 3940 cum

1860 3944 2129 4014 longiores
2149 3954 2273 3997 sunt
2300 3938 2435 4014 dies,
2461 3940 2549 4014 vix
2576 3954 2670 4009 per
2693 3950 2855 4014 totum
2884 3938 3019 4014 diem
3047 3938 3406 4014 uniussaltent

1859 4009 2069 4067 vacaret
2119 4012 2263 4066 hora:
2310 4012 2585 4065 dimidium
2631 4025 2735 4078 quo
2781 4010 3026 4062 fratribus
3075 4009 3128 4060 in
3172 4009 3411 4061 claustro

1859 4083 2092 4136 licuisset
2124 4084 2347 4137 miscere
2376 4080 2717 4148 cotloquium.
2765 4079 2873 4132 Hoc
2900 4084 3075 4133 autem
3105 4087 3209 4130 tam
3240 4078 3409 4129 comi-

1858 4153 1947 4207 nui
1974 4154 2166 4207 laboris
2204 4152 2512 4206 exercitium
2558 4151 2623 4204 ad
2667 4153 2764 4203 hoc
2796 4158 2896 4211 est,
2932 4158 2988 4201 ut
3028 4162 3167 4212 reor,
3212 4148 3399 4199 stilerti

1857 4224 1986 4277 satis
2012 4236 2074 4276 ac
2102 4224 2314 4287 provida
2347 4222 2629 4289 magisterii
2659 4230 2773 4272 arte
2803 4222 3088 4289 provisum,
3121 4230 3175 4267 ut
3203 4215 3394 4289 levium
3438 4260 3441 4267 .

1858 4303 2015 4361 atque
2026 4286 2186 4364 325
2205 4286 2761 4364 ittlirmorutit'fratruiit
2778 4288 3109 4364 fragilitatem
3128 4286 3401 4364 reprimat,

1858 4373 1912 4417 et
1932 4358 2274 4432 deli'ttqucudi
2305 4361 2681 4429 propemodum
2712 4362 3044 4432 occasionem
3077 4358 3244 4420 tollat,
3273 4372 3403 4424 qua-

1859 4444 2030 4497 tenus,
2052 4428 2257 4487 etiamsi
2280 4428 2457 4495 vel-nt,
2481 4440 2673 4499 praeter
2691 4428 3056 4499 cogitationem
3080 4430 3403 4499 peccarevix

205 4477 1037 4571 {iis}:35199391€9913i103921
1044 4487 1225 4571 10939
1257 4477 1753 4571 εειξὶιξξυξιξξηάῖεε
1779 4512 1832 4571 υ
1857 4477 3405 4571 Eligilt?'iiZgiu‘Jiiig{ﬁliusﬁliussatissatis,an";

206 4546 499 4612 adimplet;
529 4546 894 4604 defunctorum
919 4558 1093 4603 autem
1118 4549 1228 4602 sive
1257 4546 1507 4607 medium,
1538 4546 1651 4600 sive
1680 4557 1754 4600 to-

207 4628 345 4679 tum,
370 4618 516 4685 juxta
544 4620 685 4685 quod
709 4620 899 4673 vitium
932 4619 1247 4687 possibilitas
1272 4618 1623 4687 administrat.
1650 4617 1751 4670 Ho-

207 4700 390 4758 rarum
416 4699 592 4739 autem
627 4686 998 4745 canonicarum
1027 4689 1317 4758 psaltnodia
1341 4686 1754 4758 omnind,_sicut

206 4758 271 4809 tit
293 4755 346 4808 in
371 4759 725 4825 monasterio,
747 4762 817 4812 ita
844 4761 938 4828 gbic
967 4755 1058 4828 per
1081 4761 1319 4815 ordinem
1348 4766 1453 4811 tota
1483 4756 1750 4828 nihilomi-

204 4828 687 4902 nus-adimpletur.
711 4826 1064 4902 sSed325
1096 4831 1237 4902 quod
1280 4830 1346 4884 de
1372 4828 1432 4883 S.
1486 4826 1753 4879 Dominico

205 4895 454 4950 Loricato
501 4898 661 4950 refert
709 4895 1065 4955 idem‘l’erru‘s
1095 4895 1329 4955 Damiani
1375 4911 1584 4951 omnem
1617 4910 1753 4964 pene

206 4976 424 5039 superat
448 4967 601 5021 fidem
632 4986 644 5018 :
673 4986 693 5018 ι
729 4968 823 5023 Est
846 4968 985 5022 inter
1011 4984 1108 5023 nos
1135 4972 1223 5039 qui
1252 4980 1620 5039 nonnunquam
1648 4981 1751 5019 uno

203 5036 295 5088 die
316 5039 619 5090 cuntinuato
639 5054 758 5091 cum
782 5049 935 5092 uete
961 5036 1420 5094 ttatem'Psalteria
1449 5036 1748 5091 meditando

194 5105 485 5170 decurrat;
535 5120 589 5161 et
637 5110 843 5162 interim
894 5124 1027 5177 pene
1074 5123 1283 5177 semper
1333 5120 1749 5177 utraqueituanu

206 5178 384 5245 scopis
409 5190 609 5229 armata
639 5182 836 5233 nudutn
864 5176 1054 5245 carpus
1083 5176 1341 5232 alliciat...
1371 5176 1620 5235 llic’mibi
1644 5178 1748 5230 alio

206 5243 420 5313 quando
468 5250 695 5303 fraterna
746 5243 1095 5304 familiaritate
1140 5259 1459 5318 conquestus
1486 5259 1598 5313 est,
1628 5254 1749 5318 quia

1854 4568 1903 4628 in
1946 4568 2296 4643 persolvendo
2351 4568 2581 4625 continui
2637 4568 2837 4643 ordinis
2892 4581 3054 4643 penso
3101 4577 3266 4643 totum
3300 4580 3404 4619 non

1854 4638 2014 4767 “modo
2038 4645 2231 4702 diurni,
2264 4643 2356 4697 sed
2386 4650 2441 4696 et
2467 4640 2709 4694 nocturni
2739 4649 2845 4693 tem
2885 4638 2997 4691 uris
3025 4642 3253 4706 spatium
3284 4651 3406 4704 pro-

1894 4728 2083 4767 matur.
2114 4732 2132 4764 ›

1894 4728 2083 4784 tgatur.
2114 4732 2132 4764 ι

1926 4829 2215 4895 Antequam
2246 4834 2402 4891 caput
2432 4821 2566 4876 istud
2614 4822 2921 4887 absolvam,
2951 4822 3244 4895 observabo
3284 4832 3405 4872 cum

1857 4892 2091 4951 Bolterio'
2106 4899 2156 4949 in
2177 4897 2407 4949 secundo
2430 4907 2651 4957 comm.,
2675 4895 2831 4963 hujus
2851 4893 3039 4962 capitis
3060 4892 3405 4963 iuitio,quos-

1852 4967 1973 5020 dam
1990 4969 2111 5021 olim
2134 4964 2459 5019 existimasse
2474 4965 2532 5019 S.
2552 4961 2760 5019 Patrem
2782 4961 3114 5019 Benedictum
3133 4961 3407 5013 Gallicano

1854 5051 2006 5090 usum
2035 5051 2153 5091 esse
2183 5035 2468 5096 Psalterio;
2508 5037 2647 5107 quod
2689 5051 2759 5090 ex
2809 5037 2872 5089 iis
2889 5030 3404 5107 lociscolligebattt,

1852 5124 1969 5175 qua:
1997 5109 2053 5164 S.
2081 5107 2235 5179 Pater
2260 5108 2474 5179 citate:
2502 5105 2755 5161 l’salterio
2800 5108 2855 5159 in
2887 5102 3103 5171 Regula,
3133 5104 3183 5152 in
3212 5101 3405 5179 quibus

1853 5166 2011 5233 varia:
2031 5177 2363 5245 reperiuntur
2394 5177 2649 5245 lectiones
2677 5190 2796 5243 qua:
2834 5188 2936 5229 non
2965 5166 3176 5225 assunt
3216 5168 3269 5221 in
3298 5166 3398 5219 ιιυ-

1860 5264 2032 5314 ntano,
2063 5244 2196 5305 bene
2223 5255 2397 5299 autem
2425 5245 2480 5300 in
2510 5244 2797 5300 Gallican».
