3916 6226
187 326 302 379 481

1226 318 1495 374 REGCLA
1537 316 2020 373 COMMENTATA.
2059 318 2207 373 CAP.
2254 318 2368 372 XX.

3321 321 3417 372 υἱὲ

187 450 367 501 opera
396 434 451 488 5.
481 433 726 486 Bernardi
752 432 899 501 (Cap.
938 431 1022 493 10)
1048 450 1060 483 :
1092 430 1436 499 Conipnnctio
1465 430 1644 483 cordis
1669 436 1751 483 est
1779 430 1825 487 Λ
1855 428 2024 501 Porro
2047 428 2118 501 _S.
2169 427 2456 481 Benedicto
2506 430 2736 483 concinit
2782 432 3038 485 Aelredus
3084 432 3133 483 in
3183 429 3407 497 Regula.

187 505 478 558 humilitas
509 503 716 562 mentis,
741 504 955 555 veniens
978 502 1042 555 de
1069 502 1431 555 recordatione
1459 501 1656 567 peccati
1695 511 1747 551 et

188 577 395 626 timore
411 573 612 642 judicii.
640 573 725 625 Illa
758 572 1091 639 compunctio
1122 570 1372 638 perfecta,
1405 585 1521 639 quae
1545 569 1691 637 pellit
1718 584 1747 621 a

188 659 255 698 ne
287 659 500 697 omnem
528 642 929 696 delectationem
972 643 1256 694 carnaliqu
1301 655 1473 693 rerum
1494 680 1509 703 ,
1540 649 1593 693 et
1640 650 1749 693 toto

182 714 381 767 studio
430 713 619 766 mentis
669 713 776 783 ligit
822 713 1164 783 intentionem
1195 712 1261 783 in
1301 711 1749 778 contemplatione

188 786 320 838 Dei.
362 803 381 835 ι
412 783 611 851 Quibus
654 784 829 836 verbis
866 782 1013 850 quasi
1044 783 1148 834 duo
1175 782 1452 849 distinguit
1494 795 1748 847 compun-

185 856 394 907 rtionis
414 868 627 923 genera.
659 868 880 923 quorum
911 867 1069 904 unum
1099 852 1268 923 estin
1287 866 1511 923 inerme
1538 866 1629 923 pro
1659 865 1751 923 no-

184 925 319 977 stris
363 921 920 985 eritcssibns,alterum
960 924 1013 973 in
1062 921 1392 974 exsultatione
1437 938 1526 986 pro
1569 921 1750 972 divinis

184 996 512 1057 muneribus,
544 1002 600 1045 ut
641 993 869 1057 loquitur
893 991 949 1047 S.
1003 992 1301 1046 Bernartius
1349 990 1540 1059 (Serm.
1586 990 1652 1043 66
1689 990 1750 1042 in

186 1063 350 1115 Cant.
384 1064 467 1188 ἒς
516 1078 630 1128 qua:
675 1062 989 1117 Grimlaicus
1043 1061 1094 1114 in
1154 1060 1348 1129 Regula
1398 1060 1748 1114 solitariurutn

186 1133 356 1188 (Cap.
423 1133 497 1188 υ)
536 1143 685 1187 vocat
717 1134 971 1188 irriguum
997 1135 1271 1188 superius.
1304 1141 1358 1184 et
1388 1131 1639 1188 irriguum
1671 1132 1748 1182 in-

186 1133 356 1201 (Cap.
385 1131 497 1203 30)
536 1143 685 1187 vocat
717 1134 971 1203 irriguum
997 1135 1271 1202 Superius,
1304 1141 1358 1184 et
1388 1131 1639 1200 irriguum
1671 1132 1752 1182 in—

187 1203 380 1261 terius.

273 1275 438 1327 Porro
459 1289 524 1327 ex
554 1274 607 1327 S.
640 1272 893 1337 Gregorio
920 1272 1063 1343 (Lib.
1098 1288 1226 1326 xstu
1262 1270 1448 1324 Moral.
1469 1313 1487 1337 ,
1509 1288 1619 1343 cap.
1653 1272 1750 1340 15)

195 1362 217 1395 s
254 1355 483 1413 quatuor
505 1357 624 1397 sunt
653 1342 935 1410 qualitates
968 1343 1156 1411 quibus
1186 1343 1282 1396 viri
1328 1343 1452 1409 justi
1491 1342 1665 1395 anima
1700 1344 1749 1394 in

187 1416 607 1482 corripunctione
635 1416 970 1468 vehementer
1001 1413 1228 1466 afficitur
1260 1431 1272 1468 :
1305 1427 1423 1464 cum
1452 1426 1540 1463 aut
1583 1413 1750 1464 malo-

190 1500 318 1539 rum
350 1500 562 1538 suorum
595 1485 978 1549 reminiscitur,
1004 1484 1342 1537 considerans
1373 1485 1458 1535 ubi
1496 1482 1627 1539 fuit:
1661 1491 1753 1535 aut

190 1554 512 1623 indiciorum
547 1556 633 1608 Dei
667 1556 980 1608 sententiam
1014 1563 1271 1617 metuens,
1297 1564 1345 1605 et
1387 1569 1565 1607 secum
1601 1568 1750 1620 qua:-

190 1640 326 1679 rens
367 1627 559 1694 cogitat
588 1626 674 1678 ubi
706 1625 833 1686 erit;
860 1635 946 1676 ant
982 1640 1099 1678 eum
1132 1627 1263 1676 mala
1307 1623 1425 1674 vita:
1473 1624 1750 1691 praesentis

189 1698 430 1750 solerter
458 1696 754 1757 attendens,
788 1711 1015 1748 muarens
1042 1695 1335 1747 comiderat
1384 1696 1467 1747 uhi
1501 1705 1618 1756 est;
1663 1703 1753 1746 aut

183 1779 322 1819 cum
367 1768 500 1819 bona
524 1781 764 1833 superna:
807 1767 988 1833 patriae
1030 1767 1438 1831 conteniplmur,
1478 1780 1597 1833 qua:
1628 1766 1748 1833 quia

194 1837 430 1891 necdum
477 1836 782 1903 adipiscitur
807 1878 820 1902 ,
856 1837 1035 1904 lugens
1062 1835 1316 1902 conspicit
1342 1836 1427 1887 ulii
1457 1851 1558 1888 non
1584 1848 1684 1890 est.
1724 1854 1742 1886 ι

190 1906 345 1960 Idem
374 1906 552 1961 videre
583 1920 657 1961 εει
692 1907 742 1957 in
774 1907 989 1972 prmfato
1020 1906 1151 1959 libro
1201 1905 1266 1958 de
1314 1905 1466 1959 Modo
1514 1907 1749 1967 vivendi,

189 1993 320 2043 cap.
354 1978 435 2042 10,
469 1987 523 2031 et
550 1980 599 2029 in
647 1976 839 2039 Regula
884 1977 1113 2038 solitar.,
1142 1989 1258 2042 cap.
1297 1973 1385 2029 9.9.
1425 1977 1572 2031 Alias
1602 1994 1752 2030 com-

184 2048 501 2118 pnnctiouis
528 2061 717 2118 causas
745 2047 900 2118 333
921 2056 1136 2118 enarrat
1161 2043 1442 2099 Cassianus
1463 2069 1466 2075 ι
1484 2048 1660 2102 collat.
1693 2048 1748 2114 9,

189 2131 318 2184 cap.
340 2116 429 2171 26.
462 2117 588 2170 Vide
618 2116 1019 2171 Petri‘Damiaui
1042 2130 1223 2185 Opusc.
1255 2118 1345 2181 15,
1367 2131 1487 2184 cap.
1516 2118 1604 2172 26.

274 2206 341 2261 Et
376 2209 487 2262 ideo
517 2211 673 2263 brevis
699 2225 803 2262 esse
837 2210 976 2262 debet
1017 2215 1063 2262 et
1082 2224 1220 2280 pura
1250 2208 1456 2280 cratim]
1485 2210 1747 2275 Quantum

191 2279 264 2331 ad
298 2290 503 2343 tempus
533 2290 585 2332 et
615 2290 862 2346 quantum
891 2282 955 2332 ad
984 2279 1163 2343 verba,
1189 2278 1751 2347 inquiunt—Bernardus

187 2348 403 2403 Cassin.
434 2359 488 2402 et
506 2349 784 2419 Boberius.
804 2350 941 2403 Idem
969 2358 1145 2403 monet
1174 2349 1435 2416 vulgatum
1466 2349 1751 2419 Syutagma

191 2420 454 2473 doctrinae
494 2418 553 2473 S.
602 2421 874 2475 Athanasii
915 2423 980 2473 ad
1025 2419 1311 2474 monachos
1354 2434 1368 2470 :
1424 2438 1443 2469 ι
1483 2418 1580 2473 Per
1608 2418 1748 2476 diem

193 2483 501 2558 freqn'enter
537 2503 661 2559 ora,
690 2499 744 2542 et
776 2490 1014 2554 assidue;
1046 2499 1273 2545 attamen
1299 2489 1415 2543 sine
1444 2489 1595 2559 longa
1626 2507 1746 2544 ora-

193 2561 361 2613 tionis
399 2558 744 2623 extensiOne,
797 2559 913 2612 sine
958 2564 1226 2621 clamore,
1282 2567 1373 2611 aut
1420 2558 1750 2627 multilointio

193 2629 363 2684 inani.
389 2648 407 2680 ι
426 2630 585 2697 quue
601 2629 971 2683 monachorum
985 2629 1345 2699 Egyptiorum
1358 2631 1620 2698 exemplo,
1638 2635 1746 2699 qui,

193 2710 253 2753 ut
282 2699 405 2755 dicit
428 2699 711 2754 Cassianus
735 2699 871 2766 (Lib.
906 2714 962 2763 tt,
986 2717 1101 2766 cap.
1128 2699 1235 2769 10),
1257 2699 1435 2754 utilius
1460 2702 1749 2756 censebant

193 2770 366 2825 breves
381 2772 579 2840 quidem
594 2772 866 2832 orationrs,
884 2771 969 2822 sed
982 2769 1302 2823 creberrimas
1317 2771 1427 2838 ﬁeri
1442 2770 1538 2825 :de
1559 2773 1749 2840 quibus

192 2842 359 2895 etiam
395 2840 452 2896 S.
501 2843 818 2910 Augustinus
862 2857 910 2892 ιιι
955 2840 1173 2911 epistola
1196 2842 1260 2893 ad
1285 2841 1508 2895 Probaiu
1540 2841 1744 2911 (Epist.

193 2911 324 2980 430)
351 2928 364 2964 :
397 2929 418 2962 ‹
456 2908 708 2966 Dicuntur
738 2911 926 2964 fratres
956 2911 1005 2963 in
1039 2908 1265 2979 Egi-(ito
1294 2911 1507 2965 crebras
1533 2908 1745 2979 quidem

192 2980 394 3036 habere
418 2983 716 3045 OratiOnes,
749 2981 839 3035 sed
869 2995 958 3034 eas
997 2989 1170 3033 tamen
1201 2982 1557 3045 brevissimas,
1590 2998 1641 3036 et
1666 3000 1751 3038 ra-

190 3051 328 3119 ptim
353 3053 737 3119 quodammodo
750 3052 1023 3120 jaeulatas,
1046 3066 1112 3105 ne
1130 3052 1213 3105 illa
1249 3052 1525 3120 vigilanter
1544 3067 1747 3119 erecta,

190 3136 312 3186 quae
339 3123 508 3176 oranti
540 3122 818 3191 plurimum
851 3124 1157 3177 necessaria‘
1174 3134 1288 3185 est,
1322 3137 1414 3191 per
1444 3125 1747 3192 productio-

190 3205 280 3244 res
319 3207 494 3246 moras
529 3203 815 3248 evanescat
860 3204 1016 3261 atque
1055 3194 1329 3247 hebetetur
1375 3196 1627 3259 intentio;
1683 3212 1746 3251 ac

192 3277 287 3329 per
318 3262 418 3317 hoc
444 3265 602 3317 etiam
635 3263 730 3330 ipsi
760 3265 889 3317 satis
914 3264 1195 3317 ostendunt
1225 3265 1359 3318 hanc
1402 3267 1743 3321 intentionem

189 3331 329 3404 sicut
355 3347 476 3404 non_
506 3342 589 3387 est
616 3332 982 3399 obtundeuda,
1017 3336 1069 3404 si.
1093 3334 1378 3401 perdurare
1418 3351 1519 3388 non
1553 3349 1745 3404 potest,

187 3402 260 3456 Ita
281 3402 327 3456 si
352 3402 734 3471 perduraverit,
766 3418 871 3457 non
897 3406 1003 3458 cito
1030 3402 1150 3475 esse
1181 3402 1566 3470 rumpendam.‘
1583 3426 1601 3457 ι

107 3542 115 3549 .
260 3496 433 3562 Quare
468 3503 640 3548 autem
670 3494 747 3548 ita
787 3494 1033 3547 brevibus
1074 3495 1468 3548 delectarentur
1496 3497 1744 3550 orationi-

189 3565 311 3631 bus,
344 3574 534 3632 prazter
562 3579 677 3617 eam
705 3579 861 3634 quam
902 3564 1060 3618 modo
1088 3564 1308 3632 protulit
1335 3566 1390 3618 S.
1427 3567 1745 3634 Augustinus

190 3631 471 3693 rationem.
518 3635 663 3688 addit
702 3631 987 3705 Cassianus
1035 3631 1169 3704 (Lib.
1221 3649 1279 3705 ll.
1326 3631 1594 3705 cup.'10),
1633 3653 1652 3685 t
1690 3647 1746 3689 ut

189 3704 488 3761 midiautis
533 3705 727 3767 diaboli
769 3704 962 3770 jaeula,
1010 3721 1128 3771 que
1176 3704 1412 3772 inﬂigere
1442 3704 1593 3757 nobis
1625 3716 1746 3759 tunc

188 3776 450 3845 praecipue
491 3789 609 3828 cum
654 3787 867 3829 oramus
894 3775 1129 3845 ,insistit,
1177 3775 1443 3827 succincta
1468 3774 1745 3845 brevitate

190 3826 442 3913 aisais:
466 3864 486 3896 ι
502 3826 582 3898 Et
598 3826 750 3910 apud
785 3826 1027 3899 cannam
1054 3826 1217 3897 ah'bas
1250 3826 1392 3898 Isaac
1424 3826 1741 3913 (cinna;

185 3932 302 3983 cap.
348 3912 438 3985 56)
484 3932 498 3969 :
552 3934 571 3965 ι
607 3913 929 3981 Frequenter
976 3914 1184 3981 quidem
1238 3914 1333 3969 sed
1385 3912 1612 3969 breviter
1664 3927 1746 3971 est

183 3986 482 4053 orandum,
530 4001 613 4056 ne,
641 3985 1040 4056 immorantihus
1089 3985 1240 4056 nobis
1287 3985 1522 4040 inserere
1547 3987 1742 4056 aliquid

188 4064 370 4112 nostro
406 4056 553 4111 cordi
602 4052 875 4110 insidiator
916 4056 1079 4125 possit
1122 4054 1384 4110 inimicm.
1421 4075 1439 4107 ι
1480 4056 1615 4110 Duas
1635 4052 1743 4111 'ltu-

186 4130 335 4195 jusce
360 4129 629 4182 brevitatis
655 4127 886 4180 rationes
915 4125 1114 4195 profert
1143 4126 1404 4194 Magister,
1436 4141 1567 4191 quas
1602 4129 1739 4183 illius

185 4211 470 4265 suppresso
491 4198 704 4252 nomine
727 4197 809 4249 hic
828 4197 1078 4267 exscrtbit
1102 4198 1416 4261 Stuaragdus
1441 4196 1589 4266 (Cap.
1609 4200 1701 4267 48)
1726 4218 1738 4251 :

194 4285 213 4318 ι
254 4268 373 4339 Ideo
407 4267 632 4323 diximus
664 4271 873 4321 brevem
905 4266 1017 4320 ﬁeri
1048 4270 1372 4339 orationem,
1409 4283 1473 4322 ne
1499 4268 1618 4336 quis
1650 4266 1743 4339 per

187 4338 515 4392 occasionem
555 4339 775 4407 prolixa:
813 4339 1066 4392 orationis
1108 4337 1434 4395 obdormiat:
1467 4351 1555 4392 aut
1604 4337 1741 4396 forte

186 4409 276 4462 diu
296 4408 533 4476 jacentes
560 4409 800 4462 diabolus
829 4411 906 4462 eis
933 4419 1055 4463 ante
1083 4408 1264 4473 oculos
1286 4410 1492 4462 diversa
1518 4412 1737 4476 ingerat,

188 4477 269 4531 vel
295 4479 346 4530 in
375 4481 535 4547 corde
558 4480 699 4533 aliud
729 4479 1111 4533 subministret.
1148 4497 1165 4529 ι
1203 4480 1357 4532 Addit
1385 4480 1441 4533 8.
1469 4481 1737 4547 Hildegar—

185 4547 308 4618 dis:
341 4565 359 4596 ι
396 4546 473 4602 Ne
506 4552 639 4602 forte
669 4550 974 4618 psalmodiis
1012 4560 1189 4617 postea
1230 4549 1534 4604 insistentes
1566 4546 1756 4606 minus

186 4617 620 4688 ipsippsalmodia:
669 4617 970 4684 intendant,
1004 4636 1121 4673 cum
1171 4635 1263 4686 per
1305 4624 1626 4688 praemissam
1676 4637 1739 4677 ac

188 4687 440 4754 prolixam
460 4688 752 4741 orationem
784 4690 980 4758 fatigati
1001 4692 1212 4743 fuerint.
1251 4709 1269 4741 ι

260 4777 446 4832 Verum
485 4793 548 4832 ex
594 4779 651 4833 S.
704 4780 992 4836 Benedicto
1045 4798 1150 4836 non
1205 4783 1361 4835 modo
1405 4783 1606 4845 brevis,
1638 4783 1733 4839 sed

184 4847 340 4904 etiam
371 4862 499 4916 pura
540 4849 698 4903 debet
741 4867 860 4905 esse
903 4855 1090 4905 oratio.
1140 4854 1273 4906 Pura
1310 4862 1484 4905 autem
1526 4854 1608 4905 illa
1652 4865 1734 4907 est

186 4933 301 4991 qum
341 4919 501 4991 Deum
549 4919 718 4983 ipsum
768 4924 928 4989 petit,
956 4933 1042 4974 aut
1069 4923 1261 4991 aliquid
1297 4933 1510 4990 prOpter
1543 4926 1725 4986 Deum,

188 4987 475 5055 cujusmodi
518 5000 640 5040 sunt
684 5005 745 5042 ea
771 4987 901 5057 qua:
944 4987 1179 5045 recenset
1220 4994 1274 5046 S.
1299 4987 1644 5055 Bernartius,
1678 4996 1728 5048 in

189 5060 443 5113 sententia
474 5058 556 5111 l7.
592 5057 719 5111 Vide
747 5059 980 5125 ejusdem
1002 5078 1161 5114 serm.
1196 5063 1292 5114 107
1322 5064 1388 5116 de
1412 5066 1655 5117 diversis.

257 5127 370 5202 Nisi
399 5130 527 5202 forte
554 5143 617 5181 ea:
637 5127 821 5202 alfectu
843 5129 1182 5194 inspirationis
1207 5136 1387 5184 divinat
1414 5137 1588 5202 gratia!
1615 5151 1729 5198 pro-

185 5196 456 5268 tendatur.]
478 5197 622 5252 Sicut
660 5200 800 5251 enim
843 5214 943 5250 non
981 5209 1062 5251 est
1088 5196 1432 5255 obtundendd
1454 5196 1621 5255 animi
1649 5206 1727 5255 itt-

187 5269 363 5333 teutio,
392 5268 435 5320 si
465 5269 749 5334 perdurare
773 5285 872 5339 non
898 5280 1101 5339 potest;
1133 5271 1201 5322 ita
1239 5272 1282 5323 si
1314 5276 1729 5339 perseveraverit

186 5354 285 5393 non
312 5350 392 5392 est
417 5340 522 5391 cito
548 5338 855 5403 rumpenda,
882 5348 939 5391 ut
966 5338 1120 5389 modo
1155 5340 1362 5393 dicebat
1386 5342 1442 5395 S.
1474 5344 1725 5407 Augusti-

187 5424 283 5464 nus
310 5425 324 5462 :
354 5419 670 5479 quapropter
698 5425 717 5456 ι
754 5409 933 5460 tandiu
973 5407 1225 5461 debemus
1257 5409 1307 5460 in
1338 5422 1577 5463 oratione
1608 5429 1727 5479 pro-

185 5480 327 5534 strati
373 5476 585 5543 jacere,
629 5476 793 5531 donec
829 5479 1066 5548 Domino
1118 5488 1331 5542 juvante
1379 5476 1722 5548 cogitationes

185 5564 337 5602 vanas
362 5550 787 5618 comprimamus.
818 5547 872 5600 Si
898 5548 1335 5618 autemvidetuus
1361 5547 1463 5602 nos
1486 5554 1719 5614 superari

184 5616 584 5689 agitationibus,
631 5618 788 5670 etiam
844 5631 946 5689 non
1004 5616 1327 5689 delectamur
1378 5620 1430 5671 in
1484 5623 1720 5675 oratione

181 5686 381 5761 jacere,
417 5689 727 5758 surgendum
755 5697 870 5761 est,
904 5686 1093 5739 deinde
1130 5688 1441 5761 legendum,
1465 5703 1553 5742 ant
1583 5695 1720 5753 psal-

184 5756 424 5825 lenitum,
465 5756 553 5814 aut
596 5758 915 5827 operandum
951 5766 1062 5819 est,
1102 5775 1118 5805 ι
1164 5756 1327 5822 inquit
1367 5758 1712 5812 llildeinarus.

1850 513 1969 565 Cap.
2003 498 2086 551 Η.

1924 567 1988 621 In
2015 578 2257 621 conventu
2298 577 2463 621 tamen
2496 568 2697 621 omnino
2727 571 2971 624 brevietur
2998 572 3157 623 oratio
3174 612 3187 631 ,
3213 580 3259 622 et
3286 572 3419 636 [acto

1851 640 2074 710 signoa
2116 639 2312 710 priore,
2364 654 2534 691 omnes
2580 642 2770 708 puriter
2814 640 3069 710 surgant.|
3126 642 3217 693 Hic
3274 642 3421 694 locus

1851 709 2081 762 diflicilis
2106 717 2157 760 et
2183 708 2440 761 obscurus
2466 718 2566 768 est.
2599 726 2701 777 qtto
2730 711 2782 763 in
2811 708 3254 774 explicandarum
3285 727 3417 762 ron-

1852 783 2086 849 sentiunt
2121 787 2370 832 auctores
2411 778 2595 849 33A,,
2628 796 2851 846 quorum
2894 781 3115 848 proinde
3142 782 3421 847 Opiniones

1853 848 2119 913 diversas,
2154 859 2209 901 ut
2240 862 2358 915 qua:
2394 848 2631 903 arriserit
2662 853 2827 919 possit
2868 850 3024 920 eligi,
3057 851 3255 904 referre
3304 854 3418 903 ani-

1854 934 1970 972 mus
1992 928 2094 973 ρει.

1925 989 1980 1043 1η
2013 989 2195 1057 primis
2239 988 2560 1058 Smaragdus
2597 990 2653 1045 8.
2701 990 3035 1045 Benedictum
3086 990 3411 1044 intellexisse

1853 1060 2062 1113 videtur
2091 1060 2157 1113 de
2182 1060 2283 1113 ritu
2314 1062 2693 1114 monachorum
2730 1062 3094 1130 Egyptiorum
3116 1104 3128 1122 ,
3162 1064 3245 1125 nui
3279 1063 3415 1124 psal-

1855 1132 1956 1183 mis
1980 1132 2248 1183 orationes
2276 1131 2700 1191 interponeliaut,
2730 1136 2869 1199 quod
2899 1135 2978 1185 vel
3002 1149 3065 1187 ex
3095 1149 3159 1183 eo
3190 1134 3415 1183 ιιιςακὶηω

1856 1210 2015 1267 patet,
2049 1200 2187 1266 quod
2230 1201 2292 1251 ad
2328 1202 2465 1253 hunc
2509 1201 2723 1265 Regulae
2769 1212 2967 1255 textum
3017 1204 3414 1268 exponetnlum,

1854 1271 1997 1322 aliud
2048 1271 2176 1322 nihil
2228 1286 2382 1338 quam
2434 1271 2542 1337 ipsa
2593 1272 2828 1323 Cassiani
2876 1274 3065 1331 \‘crlia,
3098 1274 3285 1341 quibus
3332 1273 3417 1324 ille

1856 1344 1986 1392 ritus
2029 1342 2379 1407 exprimitur,
2429 1342 2682 1407 proferat.
2742 1341 3111 1402 Hildeuiarus,
3169 1344 3418 1406 antiquis

1856 1410 2068 1477 Regula:
2098 1418 2513 1472 enuntientator,
2559 1421 2789 1465 mentem
2835 1428 2983 1465 suam
3027 1415 3094 1464 ita
3146 1414 3411 1476 exulirat:

1861 1498 1879 1530 ι
1923 1482 1973 1532 In
2022 1492 2280 1533 conventu
2326 1482 2542 1533 omnino
2591 1484 2856 1536 lirevietur
2902 1484 3099 1543 oratio;
3142 1499 3243 1535 non
3271 1484 3414 1535 cuitu

1856 1551 1979 1603 dicit
2011 1550 2075 1602 di-
2106 1552 2190 1602 illa
2217 1554 2472 1615 oratione,
2506 1568 2660 1620 quam
2688 1553 2964 1619 presbyter
2984 1552 3127 1614 dicit,
3157 1554 3236 1605 vel
3267 1558 3414 1617 capi-

1855 1620 1965 1672 tulo
1989 1638 2002 1684 ;
2027 1623 2117 1673 sed
2141 1622 2207 1674 de
2235 1622 2474 1675 oratione
2496 1623 2925 1691 uniusmtjusque,
2949 1639 3050 1690 qua
3081 1626 3128 1675 iu
3152 1632 3414 1675 CttlH'CIlIlI

1838 1691 2214 1759 (unusquisque
2232 1695 2520 1746 monachus
2536 1704 2677 1755 orat;
2703 1708 2822 1745 nam
2849 1704 3096 1747 statutum
3122 1706 3202 1747 est
3222 1705 3412 1760 quanta

1854 1760 2076 1827 capitula
2125 1763 2281 1813 tlehet
2331 1764 2606 1833 presbyter
2651 1764 2846 1827 dicere,
2894 1766 2974 1817 vel
3024 1775 3317 1817 oraLonem
3361 1766 3413 1817 itt

1782 1805 1827 1863 Β
1855 1805 2136 1884 conventu.
2174 1852 2191 1883 ι
2228 1805 2414 1885 l’osiea
2454 1805 2575 1887 vero
2605 1808 2874 1900 explicaris
2918 1837 3188 1898 sequentia
3232 1834 3413 1898 verba,

1855 1912 1900 1954 et
1926 1902 2058 1970 farto
2084 1902 2227 1969 signa
2252 1919 2282 1952 a
2303 1904 2471 1969 priore
2503 1920 2678 1956 omnes
2706 1906 2895 1969 pariter
2913 1913 3148 1971 surgant,
3172 1905 3302 1957 duas
3331 1920 3413 1957 reo

1852 1973 1955 2024 fert
1983 1972 2309 2042 sentt-nlias:
2350 1990 2367 2017 ι
2402 1973 2536 2026 Sunt
2564 1976 2733 2035 enim,
2767 1975 2963 2041 inquit,
2992 1975 3079 2042 qui
3114 1974 3411 2039 intelligunt

1854 2041 1978 2094 illud
2010 2041 2217 2107 signum
2250 2057 2367 2095 esse
2403 2057 2520 2096 eum
2552 2044 2679 2096 dicit
2708 2046 2983 2113 pieshyler
3011 2041 3098 2113 per
3125 2046 3292 2095 omnia
3316 2061 3410 2098 ste-

1850 2113 1967 2165 cnla
2014 2114 2312 2165 smculorum
2341 2152 2353 2171 .
2405 2121 2662 2180 quatenus
2711 2124 2761 2165 tu
2814 2128 3039 2182 surgens
3087 2119 3412 2178 reSpotnli-as

1851 2198 2017 2247 amen,
2049 2185 2159 2235 sive
2188 2183 2249 2234 sit
2282 2183 2335 2235 in
2369 2191 2418 2235 te
2443 2184 2715 2249 inspiratio
2744 2184 2939 2248 divina,
2964 2199 3061 2251 qua
3098 2184 3266 2251 po~sis
3297 2184 3411 2236 diu-

1855 2258 1957 2305 tius
1996 2268 2183 2315 orare,
2221 2254 2334 2306 sive
2375 2266 2569 2305 non....
2606 2253 2796 2306 lterum
2829 2265 2952 2306 sunt
2995 2255 3117 2313 alii,
3151 2256 3237 2321 qui
3274 2255 3409 2307 istud

1852 2323 2081 2386 sianum,
2125 2324 2188 2376 ad
2222 2324 2357 2389 quod
2394 2325 2631 2392 praecipit
2677 2324 2869 2393 Regula
2904 2338 3020 2377 esse
3067 2323 3407 2391 surgendum,

1855 2392 2151 2455 intelligunt
2185 2392 2318 2463 istud
2346 2393 2552 2462 signum
2578 2409 2695 2448 esse
2727 2392 2989 2456 ultimum,
3015 2394 3152 2463 quod
3182 2404 3410 2461 tangitur

1851 2463 1918 2515 ad
1947 2463 2168 2528 vigilias,
2200 2462 2264 2517 ad
2296 2464 2628 2531 matutinum,
2674 2467 2739 2518 ad
2787 2462 3043 2533 primam,
3078 2467 3141 2516 ad
3176 2468 3405 2524 tertiam,

1853 2542 2095 2596 sextam,
2148 2548 2377 2597 nonam,
2430 2548 2707 2600 vesperum
2756 2546 2913 2603 atque
2968 2534 3405 2602 completornnn;

1851 2611 2132 2669 quatenus,
2158 2617 2275 2655 cum
2308 2614 2499 2657 tactum
2542 2605 2716 2667 fuerit,
2754 2614 2966 2670 paratus
3006 2607 3072 2655 sit
3118 2605 3406 2655 mmmrhm

1853 2680 1999 2725 stans
2023 2673 2074 2725 in
2098 2672 2264 2726 choro
2282 2673 2347 2725 ad
2372 2674 2793 2739 respondendum
2818 2675 2963 2725 dicto
2995 2674 3147 2737 Dens,
3179 2675 3231 2725 in
3258 2674 3407 2741 adju-

1851 2742 2034 2813 torittm
2075 2758 2237 2813 meum
2279 2743 2517 2806 intende,
2561 2742 2776 2798 Domine
2828 2744 2897 2796 ad
2950 2745 3291 2813 adjuvandum
3331 2761 3409 2796 me

1852 2812 2051 2879 festina.
2084 2830 2104 2864 ι
2139 2812 2299 2867 Moris
2324 2815 2515 2881 quippe
2548 2814 2643 2867 fuit
2667 2815 2717 2867 in
2748 2816 2933 2868 ordine
2964 2812 3161 2875 nostro,
3194 2822 3250 2865 ut
3272 2817 3407 2869 inter

1852 2882 2015 2935 divini
2050 2884 2212 2936 oflieii
2246 2885 2392 2951 signa
2433 2886 2621 2938 fratres
2650 2885 2850 2938 orando
2889 2886 3172 2939 circuirent
3197 2889 3404 2951 altaria,

1851 2954 1989 3020 quod
2019 2953 2083 3006 ad
2125 2954 2325 3023 vigilias
2370 2962 2657 3008 nocturnas
2695 2958 2924 3010 maxime
2955 2956 3301 3023 pta-Stabant,
3332 2958 3405 3009 uti

1853 3024 2179 3077 ostendimus
2204 3025 2254 3078 in
2280 3024 2315 3077 Ι.
2342 3040 2356 3078 1
2380 3025 2445 3078 de
2472 3028 2648 3093 Antiq.
2681 3041 2824 3080 mou.
2857 3028 3080 3091 ltitibus,
3109 3041 3156 3081 c.
3186 3028 3233 3087 l,
3260 3044 3317 3080 at-
3341 3030 3407 3081 de

1854 3093 1938 3145 illa
1961 3105 2198 3148 oratione
2219 3106 2416 3150 sancite
2441 3095 2650 3165 Regula:
2679 3105 2875 3149 textum
2906 3097 2980 3149 illi
3005 3098 3303 3164 capiebant.
3333 3102 3407 3151 I‘Lu

1774 3173 1822 3234 ς
1852 3165 2013 3216 etiam
2044 3179 2203 3217 sensu
2232 3166 2529 3219 Bernardus
2557 3166 2704 3220 Cass.
2730 3177 2782 3219 et
2815 3166 3105 3219 Ιὶειτιιτιτὼιε
3126 3169 3192 3219 de
3217 3169 3271 3222 8.
3302 3176 3407 3221 An-

1850 3236 1968 3306 gelo
2000 3234 2613 3306 intellexissevideutur,
2639 3238 2709 3288 uti
2738 3246 2789 3289 et
2811 3239 2868 3290 8.
2906 3236 3256 3305 llildegurdis,
3288 3256 3405 3306 quin

1849 3304 1989 3377 hunc
2019 3303 2070 3356 in
2102 3306 2271 3377 locum
2302 3304 2379 3358 sic
2407 3304 2588 3377 scribit
2618 3323 2633 3359 :
2668 3323 2688 3355 ι
2725 3303 2983 3371 Quoniam
3024 3303 3146 3361 ante
3174 3303 3407 3377 singulas

1850 3372 2008 3445 horas
2027 3376 2308 3445 canonicas
2336 3375 2628 3445 orationem
2653 3377 2753 3429 dici
2776 3378 3113 3439 admonebat,
3147 3372 3401 3445 quia'cuni
3476 3384 3481 3392 '

1848 3440 1899 3493 iu
1926 3444 2265 3513 sequentibus
2285 3443 2467 3512 jubeat
2495 3444 2633 3513 quod
2658 3444 2850 3512 IIOSpiti
2880 3449 3019 3509 pacis
3040 3440 3275 3502 osculum
3302 3467 3406 3506 non

1849 3514 1992 3578 prius
2020 3512 2269 3588 offeratur
2298 3515 2399 3588 nisi
2428 3516 2666 3588 oratione
2688 3518 3009 3588 ipe-emissa;
3044 3520 3207 3572 multo
3238 3538 3402 3588 magis

1847 3596 1967 3658 euut
1999 3584 2332 3658 omnipotens
2366 3586 2503 3658 Deus
2533 3587 2838 3641 salutandos
2867 3598 2946 3639 est
2973 3589 3143 3641 oratio
3176 3584 3406 3658 praemit-

1848 3652 1999 3704 tenda
2028 3661 2137 3717 est,
2166 3664 2217 3707 et
2248 3655 2420 3709 brevis
2441 3697 2455 3717 ,
2495 3671 2561 3710 nc
2592 3658 2726 3711 forte
2762 3659 3066 3724 psalmodiin
3108 3652 3281 3713 minus
3326 3664 3403 3714 in-

1847 3724 2081 3794 tendant,
2111 3739 2230 3777 cum
2261 3741 2353 3794 per
2379 3728 2704 3793 prmmissatn
2736 3738 2789 3781 et
2826 3730 3078 3793 prolixam
3110 3733 3401 3785 oraticr...ni

1848 3793 2043 3863 fuerint
2085 3793 2300 3863 fatigati.
2335 3815 2353 3847 ι
2400 3799 2491 3849 llis
2536 3798 2742 3851 accedit
2784 3799 3115 3851 Theobaldus
3160 3803 3403 3856 Artddns

1843 3861 2197 3937 Coglestinus,
2227 3869 2277 3937 in
2320 3881 2413 3920 sua
2459 3868 2789 3934 expositione
2819 3868 3015 3921 Gall:ca
3047 3869 3296 3937 Regulam
3326 3880 3405 3927 sic

1844 3933 2073 4005 reddens
2105 3953 2118 3987 2
2150 3934 2428 3990 L‘Oraison
2454 3933 2541 4005 qui
2577 3949 2648 3990 est
2691 3938 2815 4003 [uite
2848 3953 2917 3988 au
2944 3933 3152 3989 conveni
3175 3979 3189 4000 ,
3232 3941 3348 3993 c‘est
3373 3947 3405 3995 ὰ
3464 3950 3471 3954 ’

1844 4004 1953 4056 dire
1980 4006 2157 4073 depuis
2181 4023 2274 4074 que
2298 4008 2445 4072 aprés
2468 4004 2518 4059 te
2544 4024 2633 4060 son
2659 4007 2722 4059 de
2748 4007 2798 4058 la
2823 4011 2992 4059 cloclte
3014 4008 3085 4058 les
3112 4009 3265 4075 fréres
3291 4026 3400 4064 sont

1844 4076 2112 4128 assemblés
2150 4093 2212 4129 en
2247 4077 2434 4146 l’égfise
2459 4092 2586 4145 pour
2622 4078 2895 4144 arcomplir
2934 4075 2979 4127 le
3020 4078 3153 4129 divin
3189 4082 3398 4145 servire,

1843 4147 1941 4196 soit
1966 4146 2035 4197 du
2062 4157 2168 4199 tont
2197 4147 2418 4215 abregié,
2447 4162 2561 4199 sans
2585 4149 2724 4199 avoir
2746 4146 2930 4216 regard
2951 4147 2983 4196 ὰ
3009 4146 3280 4214 l’a/fection
3307 4154 3397 4204 de-

1842 4227 1951 4268 rote
1970 4218 2210 4269 d‘aucnns
2234 4234 2267 4285 p
2284 4217 2566 4279 irticuliers,
2590 4221 2749 4285 quise
2786 4218 2891 4268 doit
2917 4218 3096 4269 rendre
3138 4236 3399 4275 commune

1843 4300 1904 4337 ett
1932 4287 1983 4338 la
2007 4289 2240 4355 presence
2263 4286 2327 4337 de
2351 4289 2400 4340 Ia
2428 4287 2689 4354 religieuse
2714 4291 3082 4340 communanté.

1916 4355 2147 4411 Priorem
2190 4367 2359 4410 tamen
2395 4365 2516 4410 sent
2549 4362 2710 4410 niiaut
2753 4366 2964 4410 secutus
2998 4358 3156 4411 fuisse
3189 4358 3399 4416 vidi-tur

1841 4424 2035 4503 Paulus
2065 4429 2385 4503 augustiuus
2410 4445 2436 4478 a
2459 4426 2940 4503 Januamonachus
2962 4428 3224 4503 Cassinas,
3249 4447 3392 4494 cum,

1845 4496 2049 4562 prolato
2072 4496 2283 4564 Regulae
2314 4508 2456 4551 textu
2477 4538 2491 4561 ,
2526 4499 2588 4551 Et
2615 4500 2749 4565 facio
2779 4500 2922 4566 signa
2962 4516 2993 4551 α
3030 4502 3195 4567 priore
3213 4496 3399 4557 omnes

1838 4568 2030 4642 pariter
2067 4577 2316 4642 surgant,
2363 4568 2432 4642 ita
2475 4569 2631 4622 infert
2653 4586 2674 4642 _:
2713 4586 2731 4642 ς
2767 4569 2905 4636 Ergo
2935 4570 2985 4621 in
3034 4572 3217 4626 ultima
3251 4589 3397 4642 parte

1838 4636 1998 4689 oflieii
2022 4651 2191 4704 genua
2220 4637 2518 4692 ﬂeetebaut.
2548 4657 2566 4687 ι
2601 4639 2681 4692 Ali
2714 4639 2811 4692 hac
2836 4642 3094 4696 sententia
3127 4659 3230 4696 non
3252 4636 3394 4697 inul-

1839 4715 1948 4777 tum
1995 4707 2195 4761 recedit
2234 4709 2513 4775 cardinalis
2558 4709 2626 4761 de
2670 4708 3103 4777 Turrecrem-ita,
3134 4714 3191 4767 8.
3229 4715 3394 4771 Dene—

1836 4775 2035 4829 dictum
2052 4793 2327 4853 exponens
2354 4798 2379 4853 Δα
2409 4779 2474 4830 de
2507 4780 2746 4833 oratione
2774 4775 3209 4850 uniuscujusque,
3236 4802 3391 4853 quani

1838 4848 2200 4915 unusquisque
2230 4849 2365 4912 apud
2402 4864 2460 4901 se
2498 4860 2615 4901 orat
2644 4864 2762 4901 cum
2796 4860 2906 4905 toto
2933 4848 3223 4915 conventu,
3255 4848 3393 4909 'sm

1835 4916 1887 4968 in
1918 4918 2020 4970 line
2045 4918 2201 4971 oflieii
2248 4918 2474 4984 religiosi
2528 4921 2771 4981 ιιι-θεῖτε)ιί
2796 4961 2811 4985 ,
2855 4935 2946 4975 aut
2985 4926 3213 4976 inclinati
3249 4926 3390 4978 soliti

1833 4988 2148 5061 sontfacere
2170 4989 2461 5061 orati-ueni
2484 4988 2641 5058 335
2664 4991 2891 5059 aliquam
2912 5011 3075 5059 nSque
3097 4994 3160 5046 ad
3184 4997 3391 5061 signum

1833 5059 1971 5127 quod
2020 5060 2073 5109 lit
2120 5072 2150 5110 a
2202 5060 2447 5124 praelato;
2486 5078 2504 5108 ›
2548 5061 2697 5127 cujus
2740 5068 3017 5115 sententia:
3079 5059 3391 5127 :tstipulatnt'

1834 5126 2078 5201 Matthias
2106 5127 2452 5201 Lambecius,
2470 5129 2519 5181 iu
2554 5126 2756 5185 Gallico
2781 5126 3195 5195 commentario;
3221 5151 3387 5201 eaque

1836 5197 2137 5250 ilildemiru
2161 5198 2326 5264 magis
2352 5199 2545 5252 arrisit.

1902 5268 2143 5321 Nicolaus
2170 5268 2367 5321 Bravus
2412 5285 2474 5323 ex
2507 5279 2727 5338 utraque
2755 5271 3081 5339 expositione
3115 5290 3132 5319 ο
3165 5272 3388 5338 integrat

1830 5353 2009 5397 unam,
2041 5353 2157 5404 quae
2189 5349 2292 5389 tam
2322 5341 2386 5392 de
2417 5339 2694 5407 principio,
2723 5357 2877 5406 qu:nu
2908 5342 2972 5391 de
3004 5340 3104 5392 line
3138 5342 3382 5395 horarum

1832 5408 2085 5474 intelligat
2112 5407 2386 5477 Regulam,
2424 5429 2442 5460 ι
2483 5409 2582 5464 hoc
2607 5419 2690 5464 est
2726 5414 2791 5462 de
2829 5414 3067 5463 Oratione
3110 5426 3225 5477 qua:
3253 5428 3384 5477 pra--

1831 5478 1964 5529 tnilti
2013 5477 2146 5527 solet
2181 5476 2391 5542 officio,
2419 5489 2473 5534 et
2502 5481 2569 5534 de
2614 5496 2673 5533 ea
2712 5496 2827 5545 qua:
2859 5480 2986 5531 illud
3029 5476 3285 5547 sequitur.
3322 5487 3386 5536 Μ

1828 5556 1971 5598 certe
2005 5548 2325 5617 praernissatu
2349 5550 2510 5603 fuisse
2531 5550 2847 5611 orationem,
2877 5565 3097 5617 eamque
3121 5552 3384 5616 completo

1826 5618 2000 5667 ollicio
2051 5615 2359 5681 repetitam,
2412 5635 2535 5672 vero
2573 5619 2743 5671 simile
2781 5629 2862 5671 est
2902 5634 2915 5669 :
2961 5615 3027 5671 an
3072 5634 3197 5673 vero
3227 5615 3292 5673 de
3321 5640 3382 5676 ea

1830 5688 2069 5738 oratione
2101 5688 2182 5740 hic
2222 5687 2460 5743 loouatur
2489 5690 2544 5742 S.
2584 5689 2619 5740 Ι)
2684 5688 2994 5743 Benedictus
3064 5704 3166 5744 non
3201 5691 3270 5745 ita
3322 5712 3382 5747 tt-

1824 5765 1968 5822 quet.

3876 5446 3879 5527 κ
