3918 6224
17 401 149 455 »29

25 606 48 638 ι
65 583 408 650 uinasterii,
435 600 526 640 seu
548 587 647 639 loci
671 583 998 637 laudabiliter
1019 585 1373 637 observatum.
1404 583 1624 638 Proviso

18 677 36 707 ι
57 658 362 720 lteutius,
389 655 528 724 quod
576 656 786 708 modum
818 654 1014 722 peccati
1063 653 1252 707 modus
1279 654 1623 708 correctionis

21 742 410 794 aequaquam
441 725 674 779 excedat.

15 817 136 870 (ia:
169 817 409 886 antiquis
430 815 855 870 Carthasiemium
887 813 1124 940 gaatutis,
1149 825 1280 881 part.
1312 829 1370 878 tt,
1399 831 1513 884 cap.
1537 816 1619 871 5|.

722 901 862 938 nunt.
965 922 980 938 .

722 901 862 938 num.
893 901 980 938 ου.

125 983 191 1036 1η
223 978 660 1036 reconciliatione
689 976 1023 1046 fugitivorum
1049 975 1139 1044 qui
1167 990 1271 1029 non
1301 986 1423 1030 sunt
1449 978 1627 1031 crimi-

13 1053 203 1114 nusi,
244 1051 368 1102 talis
395 1050 556 1102 forma
583 1045 858 1102 servetur:
890 1045 1189 1100 Redeuntes
1218 1047 1268 1099 in
1299 1046 1482 1114 primis
1521 1049 1628 1101 cla-

14 1133 210 1176 ment
239 1123 450 1187 culpam
471 1132 620 1171 suam
645 1127 902 1187 prmsente
918 1127 1180 1170 conventu
1210 1116 1625 1172 misericordiam

17 1186 428 1258 postulantes,
471 1197 525 1241 et
551 1186 976 1258 emendationem
1011 1188 1396 1258 promittentes,
1430 1195 1484 1240 et
1521 1197 1625 1258 tam

16 1254 327 1314 inunachi
353 1273 508 1328 quam
531 1257 795 1328 conversi,
827 1257 873 1308 si
897 1254 1030 1328 infra
1060 1257 1288 1328 quinque
1317 1256 1429 1309 dies
1453 1257 1626 1328 redie-

23 1337 202 1396 rint,
243 1325 426 1383 statim
467 1326 874 1382 reconcilientur
909 1325 1091 1396 ordini
1129 1332 1184 1396 et
1215 1325 1540 1396 conventui,
1572 1337 1626 1382 et

23 1394 381 1466 quindecim
426 1399 477 1450 in
509 1398 738 1465 capitulo
767 1395 1021 1466 recipiant
1045 1394 1368 1466 disciplinas,
1390 1407 1441 1466 et
1471 1397 1625 1464 quin-

21 1464 247 1524 decim
274 1469 464 1522 diebus
484 1464 762 1520 comedaut
783 1465 848 1520 ad
871 1476 1062 1519 terram
1086 1465 1136 1519 in
1165 1464 1446 1535 refectorio
1465 1481 1624 1535 super

25 1555 316 1595 asserem
347 1537 562 1599 nudum,
593 1551 712 1590 cum
756 1535 1152 1602 exceptionibus
1198 1533 1546 1598 supradictis,
1572 1545 1627 1591 et

29 1613 177 1664 sint.
203 1607 393 1664 novitii
418 1625 429 1655 :
457 1609 596 1675 prior
613 1618 785 1658 tamen
808 1621 933 1659 suus
951 1619 1071 1658 cum
1095 1603 1314 1658 consilio
1334 1616 1626 1668 conventus

33 1691 246 1748 possit
265 1694 361 1732 eos
384 1681 680 1748 restituere,
711 1676 920 1748 quando
949 1676 1047 1728 sibi
1070 1675 1425 1748 videbitur,’in
1447 1676 1624 1744 pristi-

34 1743 200 1804 iium
233 1749 520 1819 gradum.‘
561 1747 618 1801 Si
660 1761 786 1798 vero
833 1746 976 1819 ultra
1012 1745 1240 1819 quinque
1287 1743 1400 1797 dies
1452 1743 1625 1801 redire

31 1814 402 1881 distulerint,
428 1817 492 1869 ad
525 1819 695 1869 minus
725 1830 820 1884 per
845 1814 1222 1870 hebdomadam
1262 1824 1624 1870 sustententur

1075 397 1344 454 R-EGUI.A
1367 396 1867 455 'COMMENTATA.
1905 395 2056 455 CAP.
2087 396 2274 455 XXIX.

23 525 379 584 inponatur
434 514 720 569 secundum
768 527 969 584 morem
1023 513 1302 579 cuiuslibet
1347 508 1620 584 ecclesiae,
1653 523 1700 576 Α

3171 404 3273 456 550

1923 511 2005 567 Ex
2025 514 2464 568 Constitutionibus
2493 513 2805 569 Fulimtsium
2840 535 2946 587 cap.
2979 519 3064 572 '39.

1797 604 1944 670 Quod
1975 606 2018 658 si
2045 606 2220 660 redire
2251 607 2528 670 voluerint,
2559 607 2636 660 sic
2659 608 2980 674 accipiantur
3011 627 3024 662 :
3053 623 3264 664 carcere

1727 675 1956 750 conclusi
1982 691 2075 750 per
2102 685 2355 750 quantum
2380 679 2865 750 tempussupcriori
2897 680 3269 750 congregatio-

1729 743 1810 797 nis
1840 744 2004 797 visum
2053 743 2243 808 fuerit,
2296 743 2522 801 triduum
2568 746 2784 806 singulis
2828 743 3168 803 hebdomadis
3216 750 3267 802 in

1730 828 1864 882 pane
1891 823 1947 867 et
1972 829 2102 877 aqua
2133 813 2393 883 jejttuent,
2435 825 2490 870 et
2519 817 2680 870 semel
2705 833 2910 883 quaque
2938 819 3262 871 hebdomada

1727 883 1887 955 virgis
1909 883 2198 955 metiantur.
2247 887 2451 955 ingressi
2474 900 2601 940 Vero
2620 887 2684 940 ile
2704 900 2914 940 carcere
2939 888 3003 940 ad
3028 889 3263 940 intinutm

1729 952 1898 1007 locum
1929 952 2364 1022 abjicianturfsi
2413 955 2590 1010 clerici
2641 965 2784 1018 sunt,
2838 959 3175 1018 clericorum;
3221 960 3263 1010 si

1728 1025 1988 1094 conversi,
2018 1037 2413 1094 conversurum,
2443 1026 2584 1080 omni
2615 1027 2834 1094 praecisa
2863 1042 2954 1091 spe
2981 1027 3264 1080 restantia-

1729 1092 1813 1166 nis
1841 1094 1892 1146 in
1921 1094 2196 1166 pristinum
2225 1092 2418 1166 locum,
2448 1092 2679 1166 etaim—ul
2703 1095 2822 1162 jure
2847 1096 3073 1166 sutiragii
3103 1095 3264 1166 39h.

1728 1161 2138 1232 quinquennium
2179 1165 2464 1231 priveutur.
2495 1164 2634 1232 Quas
2665 1161 2842 1233 pinnas
2868 1161 3262 1232 superior'eeni

1727 1233 2045 1306 gregationis
2062 1248 2160 1300 pro
2179 1238 2380 1306 ratione
2416 1237 2924 1290 circumstantiaruiu
2947 1246 2998 1290 ct
3026 1251 3262 1306 persona:

1728 1302 1895 1374 possit
1917 1317 2110 1374 augere
2134 1305 2212 1356 vel
2245 1305 2501 1374 mitigare,
2533 1315 2634 1359 etc.

1796 1372 1870 1425 Ex
1896 1373 2048 1427 dictis
2077 1372 2327 1444 hactenus
2354 1372 2420 1429 de
2447 1375 2630 1428 ordine
2669 1376 3118 1442 susc'picndorum
3147 1377 3255 1444 eje-

1726 1449 2071 1514 ctorumaut
2120 1441 2476 1510 fugitivorum,
2529 1453 2732 1498 constat
2764 1463 2775 1496 :
2811 1441 2862 1498 i"
2890 1445 3098 1514 aliquod
3141 1441 3264 1500 ante

1727 1519 1934 1582 tempus
1951 1512 2002 1564 in
2023 1512 2437 1582 eleemosynaria
2464 1524 2553 1567 aut
2577 1515 2801 1579 hospitio
2822 1512 3077 1581 exegiSse,
3105 1531 3258 1582 quam

1727 1580 2187 1653 in_mona_sterium
2216 1580 2635 1646 admitterentur,
2666 1585 2722 1636 ε’
2757 1580 3014 1639 admissos
3043 1586 3094 1638 in
3123 1580 3262 1653 capi-

1726 1650 1835 1724 tul_o
1864 1650 2032 1706 nudos
2067 1652 2327 1724 virgarum
2361 1654 2535 1722 plagas
2573 1655 2844 1722 excepisse
2865 1695 2880 1718 ,
2927 1653 2980 1706 5°
3009 1650 3260 1722 gravioris

1724 1720 1892 1786 culpa:
1922 1735 2102 1788 poenas
2133 1720 2312 1790 postea
2350 1720 2678 1786 sustinuisse,
2707 1720 2788 1778 'ac
2837 1720 3051 1792 proinde
3092 1736 3180 1778 aut
3211 1727 3263 1778 in

1725 1803 1955 1856 carcere,
1983 1802 2072 1846 aut
2100 1792 2149 1845 in
2171 1793 2300 1847 cella
2327 1795 2513 1848 saltem
2537 1809 2566 1847 a
2594 1797 3100 1848 communitratrum
3131 1810 3260 1848 con-

33 1861 1620 1952 2;;a21'éiiaa'eréa};me};manenti;
1652 1890 1700 1950 B
1725 1861 1889 1952 5‘3???
1914 1873 2117 1952 53292!"
2137 1865 2535 1952 mansisse
2554 1863 2710 1952 95'!“
2735 1866 3062 1952 Ιεῐνῐξιιίξη
3078 1864 3252 1952 ﬁt“???

41 1962 220 2026 prior
246 1975 366 2014 cum
387 1959 605 2012 consilio
627 1967 916 2026 conventus
941 1954 1129 2022 poterit
1150 1968 1267 2026 eos,
1290 1955 1497 2026 quando
1515 1956 1615 2026 sibi

40 2023 354 2096 il'ﬂClleril,
382 2027 661 2082 conventni
695 2025 926 2092 plenarie
957 2023 1314 2078 reconciliare.
1349 2024 1510 2096 Porro
1532 2025 1613 2078 isti

39 2094 84 2154 ἐι
127 2107 305 2168 prima
333 2099 416 2152 die
444 2097 847 2168 sustentationis
870 2111 962 2168 per
989 2097 1329 2168 quadraginta
1357 2094 1468 2149 dies
1495 2109 1615 2151 sus-

43 2165 277 2224 iiiieaut
323 2170 370 2222 in
410 2168 722 2221 victealibns
757 2167 919 2236 393
967 2165 1615 2236 disciplinasapostqnam

42 2256 200 2293 vero
213 2239 504 2293 conventui
533 2237 711 2290 sociati
735 2235 950 2298 iuerint,
980 2251 1070 2301 per
1101 2235 1280 2301 viginti
1306 2235 1418 2290 dies
1460 2236 1618 2291 disci-

45 2313 382 2368 minentur:
417 2307 655 2359 monachi
687 2321 744 2360 sc
765 2307 886 2359 licet
907 2312 1024 2373 post
1055 2319 1319 2372 vesperas,
1363 2305 1478 2360 laici
1505 2308 1618 2362 die-

45 2383 170 2434 bus
203 2378 472 2433 ferialibus
497 2387 612 2445 post
643 2379 946 2445 matutinas,
977 2384 1030 2426 et
1057 2373 1258 2428 festivis
1285 2383 1404 2445 post
1431 2390 1616 2440 vespe-

45 2466 180 2512 ras,
205 2457 266 2501 ut
307 2444 506 2501 dictum
529 2459 611 2499 est
635 2447 700 2498 de
728 2444 1046 2506 criminosis,
1077 2457 1126 2496 et
1155 2459 1247 2512 per
1289 2444 1468 2512 viginti
1502 2446 1616 2500 dies

49 2519 352 2574 coinedant
377 2521 441 2570 ad
475 2527 664 2569 terram
690 2515 742 2568 in
766 2515 1063 2577 refectorio,
1092 2513 1226 2568 sicut
1245 2515 1533 2579 criminosi,
1563 2526 1617 2572 et

49 2607 168 2659 per
194 2603 390 2642 annum
421 2585 711 2659 sustineant
750 2585 1051 2659 praedictam
1075 2585 1389 2659 generalem
1417 2588 1617 2659 ordinis

52 2653 428 2726 itisciplinam,
460 2671 558 2711 nec.
578 2657 802 2710 habeant
828 2653 1193 2715 obedientiam,
1229 2670 1329 2726 nec
1344 2669 1532 2726 vocem
1565 2658 1614 2710 in

55 2725 368 2792 conventu,
404 2742 498 2782 nec
522 2736 703 2780 contra
731 2726 980 2795 aliquem,
1023 2734 1080 2778 ιιι
1105 2739 1260 2791 supra
1301 2725 1497 2778 dictum
1536 2736 1618 2780 est

57 2804 140 2853 ite
174 2799 497 2860 criminosis,
528 2797 696 2850 donec
727 2812 818 2861 per
845 2798 1127 2862 capitulum
1157 2799 1401 2863 generale
1427 2811 1614 2851 conce-

56 2874 252 2922 ilatur.
277 2869 374 2935 Qui
406 2884 522 2924 cum
563 2869 726 2920 semel
767 2866 1088 2921 reconciliati
1128 2864 1346 2926 fuerint,
1375 2866 1616 2922 amitteut

59 2949 332 3008 quantum
376 2940 440 2989 ad
474 2938 642 2990 locmn
694 2952 882 3008 annos,
924 2951 1055 3001 quos
1076 2947 1224 2988 extra
1253 2935 1489 3008 ordinem
1518 2951 1612 3008 no-

60 3006 246 3062 strum
275 3009 666 3076 espenderuut,
716 3006 1134 3076 illiqneitantum
1189 3007 1515 3076 anni,iquos
1560 3006 1612 3060 in

62 3080 265 3133 ordine
290 3073 542 3141 fecerant,
571 3073 853 3130 reddentur
881 3075 974 3128 eis.
1021 3073 1074 3128 Si
1104 3086 1276 3127 autem
1322 3073 1410 3128 bis
1427 3089 1616 3129 recon-

63 3149 241 3202 eiliati
284 3147 502 3207 fuerint,
552 3145 816 3208 omnium,
863 3159 993 3212 quos
1047 3144 1366 3206 invenerint,
1407 3160 1614 3212 semper

64 3219 247 3273 ultimi
275 3229 448 3272 erunt.
489 3216 610 3270 Post
657 3218 862 3269 tertiam
893 3213 1402 3276 reconciliatiOnem,
1446 3218 1614 3270 sciant

64 3304 264 3342 ιιιιιιιεε
288 3300 391 3340 tam
435 3287 612 3342 clerici
642 3302 798 3352 quam
830 3285 976 3342 laici.
1001 3298 1210 3338 omnem
1241 3283 1338 3338 sibi
1378 3287 1618 3340 reconci-

67 3359 314 3413 liationis
354 3358 552 3412 aditum
577 3356 865 3411 secundum
893 3357 947 3408 Β.
976 3354 1246 3410 Benedicti
1275 3354 1414 3408 dicta
1459 3355 1595 3412 dene

63 3432 211 3508 gari.
1280 3489 1285 3494 _
1586 3454 1588 3456 τ

1642 3253 1688 3316 C

72 3544 163 3596 Ex
191 3557 304 3594 mss.
351 3539 564 3595 Statutis
605 3538 664 3592 S.
700 3538 949 3605 Stephani
975 3535 1460 3601 Crandimontensis,
1492 3540 1622 3590 alio-

147 3626 355 3672 rumque
381 3612 490 3680 ejus
517 3624 858 3680 sucensus-nm
876 3616 1138 3680 pastorum
1158 3625 1186 3656 α
1207 3605 1478 3680 GuiUelmo
1500 3606 1622 3680 Pei-

149 3680 304 3733 ticerii
323 3676 484 3749 primo
494 3679 670 3730 abbate
691 3676 1380 3742 Grandimontensicollectis,
1401 3693 1512 3745 cap.
1538 3677 1554 3728 1
1575 3678 1620 3731 1.

145 3772 446 3838 Quicunque
476 3769 637 3823 frater
665 3769 864 3822 ordinis
891 3769 1055 3821 nostri
1080 3770 1211 3820 ultra
1242 3769 1353 3819 dies
1380 3778 1487 3821 tres
1508 3769 1621 3823 exi-

66 3845 213 3895 vcrit
232 3842 297 3893 de
309 3840 513 3900 ordine,
537 3855 796 3908 nunquam
815 3838 1094 3905 recipiatur
1109 3839 1326 3892 ulterius
1344 3839 1392 3891 in
1412 3839 1618 3905 ordine,

70 3913 176 3965 nisi
210 3925 300 3978 per
340 3910 624 3974 capitulum
669 3912 932 3977 generale.
970 3909 1036 3962 Et
1079 3910 1303 3974 novitii,
1351 3909 1438 3972 qui
1488 3909 1622 3964 infra

67 3995 270 4034 auumn
301 3995 411 4033 sua:
447 3979 770 4047 probationis
815 3995 841 4030 a
893 3989 1071 4033 nostro
1106 3978 1295 4032 ordine
1339 3979 1620 4044 exiverint,

68 4051 294 4106 ulterius
320 4051 368 4102 iu
399 4058 579 4102 nostro
600 4049 783 4102 ordine
807 4050 1019 4102 minime
1048 4049 1409 4109 admittantnr,
1435 4050 1532 4101 uisi
1554 4049 1622 4104 de

69 4136 331 4174 consensu
360 4119 570 4186 capituli
597 4119 878 4186 generalis.
921 4119 1139 4185 Fugitivi
1179 4118 1247 4172 ab
1297 4118 1483 4171 ordine
1530 4135 1622 4184 per

68 4207 268 4245 anuuni
293 4193 634 4243 verberentur
655 4193 705 4240 in
731 4191 957 4254 capitulo
981 4189 1224 4240 omnibus
1245 4188 1428 4240 diebus
1451 4189 1620 4240 donti-

70 4265 228 4324 mcis,
256 4269 309 4314 et
333 4263 383 4314 in
413 4260 552 4311 omni
582 4267 730 4311 sexta
761 4257 893 4311 feria
924 4258 1028 4309 sint
1052 4257 1100 4308 in
1135 4271 1268 4324 pane
1292 4270 1345 4309 et
1374 4272 1529 4325 aqua,
1565 4268 1620 4310 et

69 4336 288 4385 si-ileaut
329 4331 381 4383 in
428 4329 562 4382 solio
593 4327 654 4398 [ι’.
695 4326 829 4398 solo]
869 4327 1128 4398 refectorii
1161 4327 1460 4398 rel’ectionis
1489 4340 1619 4380 tem-

71 4417 220 4467 pore,
252 4409 304 4453 et
332 4401 380 4452 iu
407 4396 622 4453 ecclesia
650 4397 716 4450 ad
747 4396 922 4467 hui-as,
953 4405 1007 4467 et
1050 4396 1100 4448 in
1131 4397 1356 4464 capitulo
1383 4398 1505 4449 dum
1531 4411 1618 4450 ca-

71 4465 296 4537 pitulum
329 4470 610 4532 tenebitur,
649 4467 704 4521 in
737 4465 1074 4521 inferioribus
1113 4468 1326 4521 sedibus
1353 4477 1494 4520 stent
1527 4481 1619 4533 jer

69 4555 287 4593 tinuum.

110 4631 192 4684 Ex
225 4645 315 4682 ms.
346 4630 708 4686 Constitutione
746 4629 1013 4684 Clementis
1045 4627 1084 4679 V
1119 4645 1264 4698 papa:
1286 4645 1375 4683 vro
1398 4629 1572 4680 ordine
1640 4631 1688 4688 ι)

607 4699 1070 4754 Grandimontensi.

146 4791 358 4861 Fugitivi
399 4803 573 4845 autem
617 4793 683 4845 de
729 4792 872 4846 dicto
917 4793 1123 4855 ordine,
1175 4793 1217 4845 si
1259 4792 1322 4844 ad
1371 4791 1607 4845 ordinem

69 4866 237 4932 ipsum
263 4862 704 4924 reversifnerint,
749 4877 843 4930 per
859 4863 1150 4932 triennium
1174 4863 1240 4915 ad
1267 4863 1490 4930 aliquam
1521 4867 1609 4913 ait-

69 4930 500 4985 tiiiuuitrationem
532 4932 613 4984 Vel
637 4930 873 4996 ofﬁcium.
899 4934 947 4984 in
970 4935 1156 4986 eodem
1200 4934 1386 4986 ordine
1414 4933 1518 4984 hab
1536 4948 1609 4986 :rc

67 5018 176 5056 non
217 5003 409 5067 possint
427 5016 594 5072 ,hnec
621 5000 766 5072 prior
791 5002 882 5072 veli
901 5003 1205 5056 deliuitores
1233 5018 1410 5055 secum
1453 5017 1610 5072 super

66 5073 172 5127 hoc
197 5072 414 5126 durante
434 5070 578 5126 dicto
616 5070 844 5125 triennio
871 5073 1078 5125 valeant
1105 5072 1430 5141 dispensare.

140 5279 159 5298 ⁶
189 5273 240 5327 In
263 5273 400 5326 Nova
429 5282 742 5327 statutornm
768 5268 1089 5342 Collectione
1113 5280 1250 5338 part.
1281 5287 1338 5336 ll,
1361 5286 1480 5342 cap.
1504 5271 1592 5337 2:5,

67 5347 139 5401 ita
188 5345 444 5400 habetur:
481 5360 501 5392 ι
529 5345 626 5408 Qui
660 5356 785 5394 vero
815 5342 950 5394 ultra
991 5341 1220 5409 quinque
1268 5344 1380 5397 dies
1427 5341 1598 5396 redire

67 5413 389 5476 distulerint,
417 5414 483 5464 de
527 5423 720 5466 extero
753 5411 1168 5480 quandocunqne
1213 5413 1459 5466 redierint
1495 5426 1597 5465 non

69 5486 381 5553 recipiantur
401 5483 518 5553 nisi
538 5484 602 5533 ad
632 5496 898 5545 carceres;
929 5498 956 5553 ει
980 5483 1167 5553 quibus
1195 5491 1389 5553 tamen,
1419 5484 1466 5553 si
1493 5482 1599 5534 cri-

67 5549 248 5610 ruinosi
271 5568 371 5606 non
393 5550 604 5613 fuerint,
631 5566 725 5603 nec
746 5551 1098 5618 secundojam
1126 5549 1374 5617 fugerint,
1394 5552 1595 5618 priores

67 5641 239 5681 eorum
257 5625 331 5678 de
354 5621 578 5676 consilio
605 5633 893 5674 conventus
922 5631 1169 5690 poterunt
1197 5621 1312 5674 illos
1348 5625 1593 5680 educere.

67 5696 267 5764 quando
317 5693 582 5764 videbitur
613 5691 892 5764 expedire.
934 5691 1120 5744 Educti
1167 5705 1292 5764 vero
1321 5692 1494 5764 viginti
1540 5690 1591 5744 in

67 5759 283 5834 capitulo
311 5763 567 5829 recipiant
595 5759 919 5829 disciplinas,
948 5772 1002 5815 ct
1041 5774 1132 5827 per
1159 5759 1337 5834 viginti
1367 5762 1592 5834 diesco~

69 5831 265 5893 ntedant
293 5834 357 5887 ad
391 5845 606 5897 terram,
635 5842 682 5884 et
716 5847 807 5899 per
834 5848 1025 5886 annum
1055 5831 1350 5898 generalem
1387 5831 1589 5886 ordinis

1724 1930 1881 2002 estin
1914 1929 2027 2002 Yita
2050 1933 2109 1985 S.
2137 1933 2288 1986 Sabte
2313 1972 2328 1995 ,
2357 1933 2444 2001 qui
2484 1929 2679 1987 Jacobo
2725 1929 2952 1996 cuidim,
3001 1950 3152 2002 quem
3204 1945 3259 1987 ut

1719 1999 2030 2052 homicidam
2059 2002 2163 2064 sui,
2191 2015 2255 2054 eo
2298 1999 2434 2069 quod
2462 2003 2561 2055 sibi
2607 2003 2909 2056 tentationis
2953 1999 3260 2066 superanda:

1717 2069 1884 2136 gratia
1912 2071 2188 2143 testiculos
2219 2081 2535 2143 amputasse:
2565 2113 2581 2138 ,
2629 2073 2773 2143 laura
2801 2071 3050 2140 ejecerat,
3079 2083 3258 2138 postea

1718 2146 1890 2210 tamen
1921 2139 2191 2206 pinnitenti
2221 2159 2239 2191 ι
2280 2141 2330 2193 in
2371 2141 2628 2196 mandatis
2647 2139 2840 2206 dedi,
2863 2152 2920 2194 ut
2958 2143 3009 2194 in
3046 2143 3257 2210 propria

1716 2208 1903 2281 cellula
1933 2211 2160 2275 quietem
2190 2211 2562 2279 silentiumque
2585 2222 2806 2276 teneret,
2841 2208 3103 2281 nunquam
3137 2208 3256 2280 pro-

1717 2277 1881 2343 diret,
1915 2293 2085 2346 neque
2123 2281 2382 2334 neminem
2421 2277 2708 2347 reciperet,
2747 2299 2865 2336 cum
2897 2277 3104 2336 nemine
3132 2277 3260 2335 con-

1718 2348 2193 2421 grederetur,__nisi
2223 2363 2479 2421 cumguno
2524 2353 2612 2405 illo
2653 2353 2741 2421 qui
2792 2355 2837 2405 ei
2873 2353 3258 2405 ministraturus

1717 2429 1882 2483 esset;
1910 2436 1928 2468 ι
1951 2421 1999 2472 in
2027 2418 2118 2473 lib.
2143 2421 2316 2474 Mirac.
2343 2419 2400 2476 S.
2426 2418 2710 2486 Bercharii,
2733 2422 2935 2476 abbatis
2957 2423 3251 2485 Itervensis,

1719 2487 1769 2538 in
1801 2503 1902 2553 quo
1930 2488 2199 2556 llugonem
2243 2491 2554 2544 monacham
2580 2533 2594 2552 ,
2639 2495 2958 2546 monasterio
2987 2491 3103 2556 fuga
3150 2491 3257 2542 ela-

1718 2569 1867 2622 psum
1898 2568 1948 2610 et
1983 2573 2253 2612 reversum
2283 2560 2446 2613 abbas
2472 2574 2589 2614 cum
2620 2561 2869 2614 fratribus
2909 2582 2928 2612 ι
2976 2563 3025 2612 in
3054 2570 3257 2613 remoto
3293 2610 3296 2613 .
3363 2583 3370 2588 -

1716 2625 2007 2697 diversorio
2025 2642 2144 2680 cum
2168 2629 2263 2681 sibi
2282 2633 2593 2684 necessariis
2613 2646 2824 2683 manere
2849 2630 3255 2697 constitueront,

1718 2695 1805 2748 ubi
1833 2697 1896 2749 ad
1925 2710 2098 2751 vOtum
2124 2708 2310 2751 cuncta
2338 2700 2386 2754 ei
2404 2739 2418 2760 ,
2449 2701 2605 2754 etiam
2635 2701 2917 2766 superﬂua,
2948 2699 3088 2767 qttod
3113 2695 3254 2752 dictu

1715 2779 1872 2831 grave
1919 2776 2018 2830 est,
2068 2767 2442 2833 ministrantes,
2495 2770 2717 2824 fortnam
2769 2771 2940 2824 crocis
2981 2770 3258 2823 dominica:

1712 2833 1916 2902 jubent,
1944 2849 1999 2908 ut
2020 2847 2274 2908 noverant
2291 2853 2409 2892 eum
2429 2854 2602 2908 posse,
2625 2840 2853 2893 formose
2869 2854 3187 2906 componere
3208 2857 3253 2898 ς»

1715 2916 1770 2958 et
1811 2921 1873 2960 ex
1901 2907 1994 2962 lib.
2027 2923 2042 2961 t
2070 2907 2184 2979 Mir.
2215 2908 2272 2979 S.
2313 2908 2532 2972 Bertini,
2563 2925 2677 2979 cap.
2709 2910 2776 2972 5,
2820 2911 2906 2962 tibi
2933 2909 3260 2979 dequodaut

1717 2981 1975 3048 monacho
2004 2977 2274 3046 Benjainin
2304 2979 2445 3034 dicto
2473 2977 2696 3034 refertur
2731 2981 2886 3048 (διες.
2919 2995 2972 3033 ιιι
3005 2977 3220 3046 Bened.)
3241 3020 3254 3041 ,

1715 3047 1852 3118 quod
1885 3057 1998 3118 post
2025 3048 2199 3116 fugam
2228 3089 2244 3115 ,
2277 3050 2577 3118 paenitentia
2604 3051 2812 3116 ductos,
2841 3053 2905 3103 ad
2937 3058 3134 3115 portant
3163 3063 3255 3102 ec-

1715 3117 1891 3169 clesia:
1922 3117 2188 3171 humiliter
2217 3117 2495 3173 accedebat
2521 3120 2790 3187 quotidie;
2829 3139 2845 3169 ι
2885 3131 2937 3174 at
2964 3121 3116 3170 Pater
3143 3135 3254 3168 tuo-

1716 3187 1951 3250 nasterii,
1985 3187 2166 3240 videns
2189 3189 2302 3253 ejus
2329 3189 2697 3252 humilitatem,
2727 3206 2751 3238 :i
2781 3190 3000 3241 Domino
3026 3202 3116 3239 cor
3136 3187 3253 3254 ejus

1718 3255 1973 3309 intellexit
1993 3255 2280 3320 visitatnm,
2304 3267 2359 3311 et
2377 3260 2441 3309 ad
2461 3272 2658 3325 portam
2674 3274 2792 3311 eum
2812 3256 3104 3319 collocavit,
3127 3272 3253 3324 pra--

1727 3326 1901 3379 bendo
1930 3326 2118 3378 victum
2148 3328 2525 3394 quonidianmu.
2563 3346 2580 3376 ι
2619 3327 2804 3381 Postea
2854 3343 2996 3388 vero,
3050 3328 3258 3390 probata

1726 3395 1842 3463 ejus
1869 3395 2174 3461 poenitentia
2197 3396 2506 3464 sinceraque
2526 3397 2716 3452 virtute
2737 3413 2800 3449 ex
2823 3397 3073 3451 miraculo
3093 3398 3259 3450 sancti

1727 3464 1941 3529 Bertini,
1983 3464 2172 3534 fratres
2200 3485 2218 3516 ‹
2247 3469 2432 3520 statim
2451 3468 2568 3522 sine
2597 3481 2739 3522 mora
2780 3482 2899 3521 eum
2940 3469 2992 3520 in
3036 3468 3260 3534 priorem

1724 3549 2036 3588 revocavere
2063 3533 2258 3589 locum.
3039 3533 3049 3534 ί
3240 3564 3254 3574 ν

1793 3604 1957 3657 Porro
1989 3603 2111 3658 licet
2139 3605 2319 3660 habitu
2360 3613 2650 3663 monasttco
2689 3611 2863 3661 statim
2907 3616 2962 3660 ut
3000 3606 3260 3660 redierant

1723 3675 2000 3746 revestitos
2030 3675 2190 3729 fuisse
2219 3688 2488 3746 appareat,
2518 3678 2775 3746 aliquibus
2799 3690 2970 3746 tamen
2998 3675 3261 3746 saltentin

1725 3743 1857 3816 locis
1884 3744 1963 3816 eis
1993 3743 2377 3816 tlenegaba'tur,
2411 3743 2638 3816 ut'patet
2673 3761 2736 3800 et
2775 3745 2987 3814 priefato
3008 3746 3104 3816 lib.
3145 3743 3259 3796 Μὶν.

1725 3813 1782 3868 S.
1815 3814 2104 3881 Bereharii,
2136 3813 2222 3868 ubi
2249 3813 2528 3883 praedii-tus
2559 3817 2738 3886 llugo,
2774 3813 3257 3886 Dervensismoua-

1723 3891 1884 3947 chus,
1917 3885 2127 3939 tandem
2159 3889 2342 3940 inorbo
2369 3883 2673 3949 correptos,
2710 3904 2728 3935 ι
2763 3885 3010 3938 auxilium
3041 3883 3259 3936 fratrum

1723 3963 1826 4007 stat
1848 3971 1896 4007 tn
1925 3969 2171 4008 revocare
2191 3957 2371 4022 erepit,
2404 3966 2460 4007 ut
2483 3971 2599 4009 eum
2622 3971 2778 4022 quam
2803 3955 3054 4007 citissime
3083 3952 3258 4022 habitu

1722 4027 2012 4077 ηιοιι-ιδιὶεο
2059 4021 2391 4080 renovarent.
2435 4043 2453 4074 ι
2490 4021 2709 4090 Antiqua
2757 4026 2913 4078 etiam
2963 4021 3257 4077 Cartnsien-

1722 4093 1855 4146 simu
1888 4103 2076 4146 statuta
2107 4095 2395 4148 decernunt
2416 4093 2584 4164 (Part.
2617 4109 2689 4160 tt,
2721 4112 2832 4162 cap.
2866 4096 2954 4156 51,
2987 4111 3037 4147 ιι.
3071 4092 3182 4158 41),
3206 4100 3260 4145 ιιι

1727 4181 1745 4212 ι
1781 4163 2025 4216 omnibus
2051 4164 2283 4231 expulsis
2307 4176 2359 4216 et
2386 4163 2614 4232 fugitivis
2638 4205 2652 4227 ,
2682 4167 2728 4220 si
2771 4165 2881 4218 tieri
2913 4172 3084 4229 potest
3117 4176 3258 4213 eom-

1722 4233 1906 4294 tuode,
1937 4232 2143 4285 habitus
2164 4234 2464 4297 auferatur,
2496 4235 2579 4288 vel
2607 4237 2670 4287 ad
2702 4237 2871 4288 minus
2894 4235 3259 4294 datrnncetur,

1719 4303 1955 4365 exceptis
1993 4303 2241 4370 fugitivi~,
2273 4318 2360 4372 qut
2391 4309 2455 4358 ad
2483 4305 2641 4358 alium
2668 4306 2904 4358 ordinem
2937 4303 3139 4372 litteras
3166 4314 3259 4352 ac-

1719 4374 1918 4440 ttipimll
1951 4371 2017 4424 de
2047 4388 2148 4424 non
2189 4371 2476 4440 repetendo
2507 4389 2521 4428 :
2554 4375 2777 4429 clericus
2802 4387 2928 4437 ergo
2961 4371 3219 4440 Cucullatn
3240 4409 3256 4432 ,

1721 4439 1884 4493 laicus
1909 4444 2173 4508 caputium
2212 4439 2440 4509 deponat
2464 4454 2516 4498 et
2545 4446 2776 4497 barbam.
2814 4461 2831 4491 ι
2885 4441 2987 4493 Sed
3013 4455 3076 4492 ex
3107 4439 3254 4492 tertia
3329 4490 3355 4509 _,

1718 4507 2030 4582 statutorum
2059 4507 2430 4580 compilatione
2468 4513 2614 4582 (Cap.
2650 4512 2731 4575 10,
2778 4529 2831 4564 ιι.
2859 4511 2917 4580 6)
2951 4529 2975 4582 t
3003 4520 3259 4582 apostata:
3289 4539 3298 4546 ι
3325 4507 3335 4515 ’

1719 4591 1842 4633 ante
1871 4581 2048 4634 omnia
2078 4585 2142 4636 ad
2173 4581 2598 4638 reassumendum
2623 4583 2855 4635 habitum
2886 4581 3088 4634 ordinis
3115 4593 3258 4632 Cotu-

1714 4651 1992 4722 p.-_llantur.
2027 4671 2046 4702 ι
2081 4654 2133 4706 ln
2173 4654 2436 4722 synodicas
2461 4653 2620 4706 etiam
2647 4650 3258 4722 canonibusl‘iiccphori

1714 4720 1812 4791 ιξε.
1839 4723 2076 4775 decimus
2092 4720 2391 4791 quartusita
2414 4721 2816 4788 habetur(Tom.
2845 4722 2907 4776 ΙΙΙ
2941 4721 3080 4775 Μυιι.
3115 4720 3255 4772 Eccl.

1712 4787 1900 4860 Graec.)
1937 4809 1948 4843 :
1987 4810 2005 4842 ι
2035 4787 2363 4853 Monachum,
2387 4792 2475 4859 qui
2497 4793 2728 4845 habitum
2751 4793 2969 4854 dimisit,
2997 4801 3051 4846 et.
3077 4801 3257 4860 po-tea

1712 4859 2001 4915 conver-us
2026 4874 2128 4923 est,
2152 4878 2220 4930 op
2241 4873 2358 4914 urtet
2387 4866 2572 4915 iterum
2598 4864 2916 4917 vestimento
2938 4859 3255 4930 monachali.

1711 4933 1851 4998 quod
1879 4943 2046 4996 exuit,
2071 4929 2286 4986 induere
2312 4930 2510 4996 absque
2537 4933 2778 5000 precibus
2805 4929 3152 4986 constitutisa

1783 5004 1994 5068 Queret
2021 5002 2210 5069 aliquis
2234 5003 2355 5067 quid
2386 5005 2451 5056 de
2481 5006 2636 5056 rebus
2661 5005 2728 5057 ab
2752 5000 3046 5066 hujusmodi
3078 5000 3128 5069 in
3156 5011 3257 5049 sa:-

1711 5066 1832 5125 culo
1860 5066 2126 5142 acquisitis
2156 5066 2450 5126 iaciendum
2492 5074 2666 5128 esset?
2708 5075 2835 5127 lieni
2879 5070 3059 5124 delittit
3087 5066 3253 5120 Justt-

1704 5277 2002 5330 sustineant
2028 5275 2383 5343 disciplinam,
2415 5278 2514 5333 nisi
2536 5293 2599 5331 ex
2630 5278 2802 5343 aliqua
2832 5289 2987 5328 causa
3014 5275 3252 5327 rationa-

1704 5345 1792 5400 bili
1825 5349 1968 5409 prior
1994 5344 2087 5398 bas
2120 5361 2300 5412 pteuas
2331 5350 2581 5402 moderan
2605 5351 2678 5398 las
2699 5346 3106 5414 jndicaverit....
3150 5344 3252 5397 Fu-

1699 5417 1845 5482 gitivi
1891 5418 2415 5486 autemcruninosi,
2446 5418 2532 5486 qui
2572 5418 2652 5468 vel
2694 5417 2917 5467 crimine
2965 5414 3248 5486 commisso

1702 5487 1949 5554 fugerint,
1974 5487 2060 5556 vel
2084 5484 2135 5538 iu
2179 5487 2292 5556 fuga
2339 5483 2537 5542 crimen
2582 5486 2982 5548 commisi-rint,
3015 5483 3252 5550 quando.

1700 5571 1905 5623 cunque
1953 5555 2251 5619 redierint,
2281 5564 2544 5624 nunquam
2579 5557 2679 5608 nisi
2733 5557 2797 5609 ad
2841 5569 3079 5610 carceres
3118 5555 3251 5607 reci-

1702 5625 1940 5691 piantur,
1980 5640 2008 5677 a
2047 5627 2237 5692 quibus
2265 5644 2367 5682 non
2421 5636 2638 5694 possunt
2674 5629 2772 5678 nisi
2827 5641 2918 5693 per
2965 5625 3248 5690 capitulum

1694 5697 1941 5762 generale
1971 5706 2061 5749 aut
2086 5695 2148 5749 li.
2180 5699 2385 5751 Patrem
2409 5697 2583 5750 educi.
2612 5695 2800 5750 Educti
2833 5711 2956 5757 vero
3001 5694 3265 5751 crituino-

1696 5781 1872 5821 surum
1907 5781 2133 5834 poenam,
2171 5767 2235 5821 dc
2256 5783 2353 5835 qna
2385 5765 2581 5821 dictum
2605 5777 2715 5831 est,
2741 5767 3045 5819 sustineant.
