3918 6224
332 336 438 392 545

1319 332 1587 389 REGULA
1625 330 2104 388 COMMENTATA.
2142 333 2290 388 CAP.
2337 334 2541 388 XXXII.
3431 349 3531 398 tuo

328 453 610 521 fraganeos
656 449 830 522 habet.
859 448 1118 522 Primus,
1151 449 1236 516 qui
1281 463 1373 511 per
1400 450 1572 522 omnia
1602 448 1879 522 viccs‘agit
1905 450 1948 506 Α
1981 447 2202 522 habebat
2229 448 2535 522 discipulos,
2560 461 2690 522 quos
2719 448 2972 518 dirigebat
3001 451 3064 504 ad
3092 453 3308 521 singulis
3336 454 3531 522 aliquid

329 517 451 588 ejus
481 520 732 580 absentis,
763 529 817 576 et
842 518 906 572 de
954 519 1196 572 omnibus
1241 518 1556 585 respondet,
1596 519 1662 570 de
1687 517 1874 586 quibus

327 593 468 645 solet
496 600 550 644 et
575 591 684 657 ipse
712 589 1048 654 reSpoudere.
1077 589 1349 642 Secundus
1376 596 1455 640 est
1484 588 1567 654 qui
1611 602 1870 640 annonam

325 661 519 726 recipit
559 675 734 728 quenL
761 671 812 711 et
857 660 1208 728 granatarium
1265 672 1530 710 vocamus.
1567 676 1597 728 ιγ
1639 657 1703 710 Et
1753 672 1871 723 cap.

326 725 610 796 sequenti:
641 747 659 778 ‹
696 725 904 782 Tertius
931 743 960 782 e
993 738 1010 781 t
1049 727 1406 796 suifraganeus
1454 727 1690 791 ejusdem
1718 728 1875 780 celle-

325 800 476 865 rarii,
504 800 589 868 qui
618 801 791 851 viuum
822 799 1005 864 recipit
1033 809 1083 850 et
1114 797 1356 850 custodit.
1384 817 1399 847 ι
1437 799 1496 850 Et
1527 797 1764 864 sequenti
1786 811 1876 868 ca-

323 871 481 938 pite:
521 867 537 918 ά
569 869 636 928 Et
685 868 989 938 hortulanus
1028 869 1183 923 debet
1223 868 1496 921 cellcrario
1541 881 1659 938 esse
1698 867 1874 935 subje-

323 934 468 993 ctus.
503 957 522 990 ι
556 938 748 993 Eodem
787 937 895 992 fere
920 938 1074 991 modo
1106 938 1387 1006 loquuntur
1428 951 1556 991 mss.
1584 934 1875 991 Consuetu-

322 1011 478 1063 ulines
506 1009 561 1062 S.
594 1009 804 1076 Benigni
831 1008 1156 1062 Divionensis
1177 1007 1322 1076 (Cap.
1346 1007 1462 1077 38),
1490 1008 1725 1061 scilicet:
1760 1026 1778 1056 α
1811 1006 1871 1060 Hi

324 1093 504 1130 autem
546 1087 668 1132 sunt
707 1093 838 1146 quos
881 1077 1034 1132 habet
1079 1077 1432 1146 suffraganeos
1475 1078 1868 1146 :granetarius,

318 1159 505 1202 custos
533 1150 684 1216 panis
709 1145 762 1202 et
793 1149 928 1212 vini,
961 1159 1014 1201 et
1042 1145 1372 1202 hortulanus.
1406 1147 1499 1200 Est
1529 1145 1736 1216 quoque
1764 1147 1872 1213 pri-

327 1233 447 1270 mus
477 1218 660 1271 horum
687 1217 896 1286 quidam
932 1218 1114 1281 frater,
1146 1219 1232 1284 qui
1276 1219 1340 1269 ad
1373 1217 1616 1271 solatium
1647 1219 1692 1269 ei
1717 1217 1870 1270 datus

321 1299 426 1350 est,
457 1299 511 1341 et
540 1304 631 1354 per
660 1289 833 1341 omnia
876 1288 1040 1342 vicem
1071 1287 1196 1355 agit'
1219 1287 1381 1356 ipsius
1423 1287 1654 1340 absentis
1683 1303 1696 1350 ;
1729 1297 1782 1342 et
1805 1288 1870 1340 de

321 1357 571 1428 omnibus
597 1360 898 1425 respondet,
921 1358 985 1411 de
1013 1359 1206 1426 quibus
1235 1369 1286 1411 et
1327 1361 1438 1428 ipse
1479 1359 1623 1428 solet,
1653 1373 1871 1426 respon-

321 1430 472 1481 dere.
503 1427 682 1481 Frater
707 1429 884 1490 etiam,
915 1428 1002 1494 qui
1033 1428 1202 1495 pisces
1229 1436 1518 1496 comparat,
1546 1427 1645 1481 sub
1672 1441 1736 1482 eo
1765 1437 1868 1482 est.

323 1497 421 1568 llic
452 1507 621 1568 potest
652 1507 770 1568 post
796 1511 1043 1566 vesperas
1065 1498 1130 1550 de
1168 1499 1488 1552 monasterio
1516 1497 1684 1568 exire,
1713 1505 1766 1550 et
1803 1499 1866 1551 ad

320 1566 675 1632 obedientiam
708 1569 847 1621 illam
871 1569 964 1632 ire,
989 1583 1106 1635 qua:
1127 1567 1245 1620 huic
1272 1569 1478 1636 negotio
1499 1567 1742 1634 deputata
1766 1579 1866 1622 est.

324 1637 388 1691 lii
419 1653 602 1691 omnes
630 1653 953 1706 nequaquam
985 1638 1174 1692 debent
1202 1637 1460 1693 obsistere
1515 1648 1780 1703 praecepto
1818 1647 1871 1691 et

321 1707 578 1760 voluntati
602 1709 881 1776 cellerarii,
907 1708 1004 1762 nisi
1035 1709 1135 1761 tale
1157 1707 1280 1776 quid
1307 1707 1598 1775 praecipiat,
1631 1711 1768 1773 quod
1798 1710 1869 1762 sit

321 1779 570 1867 damnum
595 1779 852 1860 ecclesite.
884 1781 1130 1867 DPHQTU‘PI
1158 1778 1389 1867 omnium
1412 1777 1866 1867 oLfticia‘descriptq
1901 1807 1944 1867 Β

324 1846 504 1970 labris
536 1857 641 1902 tum
681 1851 730 1902 in
776 1849 1037 1917 pradictis
1063 1848 1557 1910 Coosuetudinihus,
1585 1855 1692 1900 tum
1731 1850 1866 1918 apud

414 1935 438 1968 8
467 1935 648 1970 rtcum.

414 1935 648 1972 atrtcum.

401 1987 552 2041 Horis
580 1988 988 2057 competentibus,
1010 1986 1136 2058 etc.]
1170 1987 1324 2042 Hora:
1343 1983 1701 2056 eomp’eteutes
1721 1989 1888 2043 Sma-'

323 2058 486 2124 ragdo
525 2070 646 2112 sunt
695 2077 713 2108 ι
745 2061 886 2110 horae
939 2059 1345 2123 convenientes,
1387 2067 1439 2110 et
1483 2069 1868 2128 congruentes,

322 2129 530 2193 quando
560 2145 590 2180 u
619 2143 836 2196 rumque
881 2129 1002 2182 licet
1042 2130 1304 2197 utrisque,
1357 2128 1406 2180 id
1452 2137 1559 2194 est,
1594 2140 1646 2188 et
1677 2129 1870 2195 petenti

325 2209 524 2265 petere,
552 2209 605 2250 et
631 2199 760 2256 dare
781 2197 1016 2251 donanti.
1039 2199 1164 2252 Nam
1188 2199 1395 2265 quando
1421 2199 1502 2251 vel
1533 2200 1757 2261 lectioni,
1788 2199 1869 2252 vel

321 2268 546 2320 orationi
569 2267 760 2320 debent
799 2282 1010 2330 vacare,
1052 2268 1420 2337 silentiumque
1451 2280 1630 2322 tenere
1660 2268 1870 2337 (inquit)

322 2338 422 2389 nisi
465 2351 619 2389 causa
660 2338 986 2391 necessitatis
1025 2351 1120 2390 nec
1161 2347 1340 2404 petere
1384 2339 1500 2400 uni,
1545 2353 1643 2391 nec
1672 2337 1870 2392 donare

321 2408 502 2460 lieeb'it
533 2409 704 2459 alteri.
737 2423 754 2455 ι
804 2406 969 2460 Simii
1012 2407 1123 2461 fere
1165 2408 1322 2462 modo
1366 2407 1662 2462 Bernardus
1705 2409 1875 2462 Cassi-

317 2481 501 2531 neiisis
523 2477 677 2529 horas
702 2486 1060 2542 competentes
1083 2485 1257 2543 vocat,
1286 2495 1304 2527 ι
1329 2477 1536 2544 quando
1559 2479 1745 2532 fratres
1769 2493 1870 2531 non

322 2559 446 2601 sunt
487 2549 535 2598 in
577 2547 694 2600 aliis
721 2548 872 2598 vaLde
914 2546 1228 2600 necessariis
1266 2549 1540 2616 occupati;
1565 2562 1691 2602 non
1733 2549 1872 2602 enim

321 2627 444 2670 sunt
469 2616 624 2686 [‘13
652 2618 792 2670 horas
829 2627 1187 2684 competentes
1227 2616 1292 2669 ad
1323 2617 1544 2685 pcteuda
1575 2618 1872 2672 necessaria

321 2689 388 2740 de
420 2697 601 2750 nocte;
632 2687 710 2739 vel
741 2686 950 2751 quando
982 2687 1167 2740 fratres
1196 2687 1496 2753 psalmodia:
1526 2689 1609 2742 vel
1649 2687 1870 2741 .lectioni

322 2766 538 2820 vacant;
568 2758 704 2809 unde
735 2757 839 2809 illis
863 2757 1026 2818 horis,
1061 2756 1160 2810 nisi
1196 2759 1483 2811 necessitas
1525 2767 1726 2826 urgeat,
1769 2773 1871 2810 non

320 2826 478 2879 debet
503 2827 805 2879 ccllerarius
835 2838 921 2878 aut
961 2827 1048 2879 alii
1089 2827 1340 2881 ofliciales
1381 2827 1680 2896 inquietari.
1719 2846 1738 2878 ›
1769 2829 1874 2880 Ad-

322 2898 528 2963 ditque:
553 2914 570 2945 ι
592 2896 777 2948 Dicunt
796 2896 992 2963 antiqui
1015 2896 1194 2950 Patres
1218 2897 1382 2950 nostri
1408 2897 1544 2964 quod
1572 2899 1874 2951 cellerarius

322 2967 480 3019 debet
509 2967 703 3019 habere
727 2977 922 3018 certain
951 2967 1158 3027 sedem,
1191 2979 1244 3020 et
1271 2967 1338 3020 ibi
1365 2967 1559 3021 debent
1583 2983 1700 3021 eum
1731 2968 1873 3020 inve-

324 3035 441 3090 nire
469 3033 824 3106 subolﬁciales
845 3035 923 3088 sui
944 3079 958 3097 ,
985 3044 1041 3090 ut
1069 3053 1170 3089 non
1197 3048 1460 3104 quaeratur
1489 3051 1584 3106 per
1611 3049 1876 3091 monaste-

321 3107 481 3158 rium.
512 3123 529 3155 ι
585 3103 680 3158 Ubi
729 3106 988 3171 respicere
1029 3103 1234 3160 videtur
1275 3108 1341 3159 ad
1391 3103 1677 3160 illa'verba
1705 3107 1876 3160 Hilde-

1975 519 2222 574 dandutn.
2249 518 2392 571 Aldeo
2438 519 2578 572 enim
2621 520 2671 582 in
2717 535 2820 571 uno
2849 522 2964 572 loro
2995 518 3231 582 sedebat,
3263 536 3317 576 ut
3349 518 3536 577 oinnes

1975 592 2061 661 qtti
2093 589 2602 662 necessclialn-bant
2627 590 2820 656 aliquid
2851 590 3036 662 abillo
3066 594 3242 659 petere
3266 637 3280 659 ,
3319 613 3532 662 semper

1977 659 2284 730 praesentem
2317 659 2631 712 invenirent.
2663 678 2680 710 ι
2715 660 2863 725 Apud
2895 660 3266 715 Cluniacenses
3311 664 3413 716 illa:
3439 659 3532 716 ili-

1975 731 2227 784 cebantur
2265 738 2624 795 competentes
2664 732 2804 782 llOl'J‘
2835 731 3026 796 quibus
3072 733 3229 784 animi
3259 732 3530 786 relaxandi

1974 799 2138 868 gratia
2178 799 2368 852 mutuis
2415 813 2532 852 sese
2559 799 2835 860 eulloquiis
2879 803 3066 854 fratres
3097 818 3335 855 recreare
3365 805 3529 856 debe-

1973 871 2119 924 bant.
2165 868 2238 921 Ita
2280 868 2531 922 discimus
2575 884 2642 922 ex
2696 870 2972 935 Udall‘it‘o,
3019 871 3168 938 cujus
3215 873 3325 925 haec
3369 882 3528 927 verba

1974 938 2114 1006 (Lib.
2139 953 2212 996 ιιι,
2245 953 2288 989 c.
2314 938 2401 1007 il)
2434 955 2447 989 :
2479 956 2496 988 ι
2524 939 2738 1004 Quoties
2768 940 3052 1007 loquuntur
3080 943 3129 993 in
3161 943 3408 1003 claustro,
3437 959 3528 995 t-a-

1974 1012 2251 1069 merarius,
2284 1009 2368 1080 v_el_
2394 1009 2508 1073 ejus
2527 1009 2724 1074 jnnior,
2749 1010 2834 1076 qui
2859 1019 3056 1064 clavem
3087 1027 3308 1064 cunei-:1:
3336 1024 3526 1080 portat,

1974 1092 2240 1146 nunquam
2288 1078 2445 1130 debet
2481 1081 2697 1141 dresse;
2744 1091 2867 1133 tunc
2905 1081 3044 1134 enim
3077 1078 3350 1134 auditurus
3377 1095 3456 1135 est
3499 1100 3529 1135 ει

1971 1149 2194 1218 singulis
2215 1147 2335 1216 quid
2355 1148 2462 1212 ille,
2485 1157 2584 1219 aut,
2601 1147 2690 1202 ille
2711 1163 2841 1215 opus
2863 1149 3078 1212 habeat;
3103 1164 3152 1202 et
3181 1167 3275 1202 tice
3296 1153 3360 1205 ad
3390 1155 3530 1219 ipsos

1974 1217 2167 1286 pueros
2189 1220 2371 1270 venire
2398 1217 2638 1288 negligit,
2669 1227 2724 1270 ut
2751 1219 2818 1270 ab
2847 1221 2925 1272 eis
2954 1225 2994 1270 si
3050 1222 3174 1287 qu-d
3217 1224 3284 1272 sit
3319 1217 3422 1288 quo
3453 1225 3530 1272 in-

1973 1289 2221 1357 digeant,
2257 1287 2573 1342 sciscitetur.
2607 1288 2746 1356 Ergo
2772 1303 2831 1342 ea
2878 1293 2988 1344 vice
3027 1293 3115 1343 dat
3157 1287 3404 1358 quidqud
3449 1302 3529 1343 est

1970 1358 2226 1420 dandum,
2251 1373 2316 1411 ne
2343 1362 2383 1410 si
2410 1358 2734 1428 fratres,rqui
2756 1359 2822 1410 ab
2843 1374 2907 1410 eo
2928 1363 2991 1411 ad
3019 1360 3172 1412 aliam
3199 1361 3403 1424 horam,
3427 1377 3528 1428 qua

1973 1430 2236 1482 silentium
2261 1437 2364 1490 est,
2398 1427 2720 1496 quaesierint,
2753 1429 3015 1482 si’entium
3053 1440 3230 1483 tenere
3263 1448 3363 1482 non
3410 1427 3529 1498 pos-

1971 1499 2098 1551 siut.
2138 1517 2154 1544 ι
2193 1499 2258 1550 Ει
2281 1499 2405 1552 alibi
2434 1513 2594 1566 agens
2619 1499 2686 1550 de
2710 1499 2790 1550 his
2817 1514 2930 1566 qua:
2960 1515 3060 1551 non
3095 1503 3212 1552 licet
3235 1503 3405 1554 lacere
3427 1506 3528 1553 nisi

1972 1573 2034 1620 ad
2068 1571 2248 1622 horam
2288 1570 2566 1636 loquendi,
2602 1569 2670 1619 ita
2712 1568 2862 1621 habet
2903 1567 3038 1636 (Lib.
3073 1583 3129 1621 tt.
3160 1586 3204 1621 c.
3245 1570 3337 1636 ‘20)
3368 1588 3380 1625 :
3413 1589 3429 1620 ι
3469 1573 3524 1622 Si

1971 1638 2093 1705 quid
2118 1653 2248 1706 opus
2290 1640 2494 1690 habeto
2537 1638 2830 1691 camerario
2851 1654 3106 1706 quzercre,
3147 1651 3268 1694 tunc.
3305 1642 3530 1693 maxime

1973 1709 2176 1774 quatrit.
2211 1726 2228 1758 ι
2261 1709 2399 1762 Idem
2433 1709 2779 1778 przescribuut
2824 1709 3164 1763 Divioneuses
3204 1712 3259 1763 δ.
3313 1712 3526 1778 llenigni

1973 1779 2392 1832 Consuetudines
2432 1793 2480 1830 c.
2523 1777 2612 1832 45.
2658 1781 2809 1844 Quod
2858 1795 2956 1832 nec
2996 1782 3217 1833 obscure
3262 1777 3528 1832 insinuant

1972 1847 2306 1902 liildemarus
2349 1855 2403 1902 et
2459 1849 2712 1916 prazcitati
2753 1851 3076 1915 Smaragdus
3128 1861 3180 1902 et
3232 1850 3524 1903 Bernartius

1970 1919 2318 1985 Cassinensis,
2349 1933 2465 1970 cum
2498 1920 2652 1970 horas
2694 1928 3052 1983 competentes
3102 1934 3218 1970 εδει·
3264 1933 3523 1980 asserunt,

1971 1990 2180 2056 quando
2219 1989 2484 2042 silentium
2535 1999 2715 2040 tenere
2758 1989 2943 2041 fratres
2982 2003 3084 2040 non
3129 1990 3358 2052 debent,
3413 1993 3523 2044 sive

1972 2060 2167 2126 legere,
2194 2067 2282 2111 aut
2300 2059 2523 2112 orationi
2544 2071 2765 2111 vacare:
2793 2060 2928 2110 idem
2955 2060 3016 2110 sit
3039 2058 3291 2124 judicuttu
3315 2064 3379 2111 de
3403 2071 3524 2111 tein-

1974 2144 2100 2192 pore
2129 2130 2341 2189 labors.
2371 2139 2425 2182 et
2461 2128 2822 2192 comestionis,
2855 2143 2959 2197 quo
2996 2130 3233 2180 strictum
3277 2126 3526 2182 fratribus

1972 2200 2234 2253 silentium
2258 2200 2507 2252 indictum
2531 2210 2631 2250 est.

2046 2269 2236 2322 Dentur
2270 2285 2381 2338 qui:
2422 2269 2591 2320 danda
2629 2278 2770 2331 sunt,
2808 2275 2855 2338 et
2895 2276 3125 2332 petantur
3163 2284 3273 2334 quin
3311 2273 3524 2336 petenda

1975 2339 2136 2407 sunt.j
2161 2339 2253 2391 llic
2284 2337 2441 2392 tacite
2464 2338 2638 2390 omnia
2665 2337 2925 2404 superﬂua
2951 2351 3012 2390 ac
3034 2350 3187 2388 statui
3238 2351 3525 2392 uiunustum

1972 2408 2234 2462 contraria
2258 2409 2314 2461 S.
2336 2408 2394 2461 P.
2411 2409 2721 2461 Benedictus
2750 2417 2972 2465 resecat,
2996 2408 3320 2459 cellcrarium
3338 2411 3524 2461 astrin-

1973 2493 2101 2548 gens
2131 2477 2194 2530 ad
2222 2479 2362 2530 solas
2397 2491 2481 2528 res
2526 2476 2860 2548 necessarias?
2887 2478 3306 2548 distribuendas;
3346 2483 3524 2530 dentur

1972 2546 2083 2614 quae
2107 2547 2274 2599 danda
2311 2556 2466 2608 sunt;
2503 2556 2556 2598 et.
2585 2546 2772 2598 fratres
2800 2547 2864 2598 ad
2907 2547 3131 2612 petenda
3169 2561 3279 2609 quin
3315 2553 3525 2600 vett-uda

1976 2628 2112 2677 sunt,
2141 2626 2194 2669 et
2224 2631 2325 2669 non
2354 2617 2476 2668 alia.

2047 2685 2114 2741 Ut
2133 2703 2277 2739 nemo
2301 2684 2611 2753 perturbetur
2631 2697 2784 2750 neque
2805 2687 3120 2738 contristetur
3145 2687 3194 2737 in
3215 2687 3361 2736 donto
3389 2683 3524 2755 I)ei.]

1923 2770 1926 2771 '
1977 2756 2084 2810 [loc
2127 2767 2208 2810 est
2247 2761 2295 2808 in
2337 2755 2690 2812 monasterio;
2734 2772 2751 2802 ‹
2796 2756 2927 2808 \‘erc
2967 2773 3102 2808 enim
3149 2756 3523 2808 monasterium

1975 2828 2162 2880 domus
2195 2827 2284 2879 Dei
2306 2838 2418 2888 est,
2454 2827 2616 2894 inquit
2651 2825 2941 2878 ltichardus
2969 2827 3032 2877 de
3061 2834 3252 2879 Sancto
3288 2828 3490 2892 Augelu
3513 2867 3525 2886 ,

1975 2898 2093 2965 quia
2124 2898 2191 2949 ibi
2209 2911 2418 2964 semper
2438 2910 2640 2948 oratur.
2664 2915 2681 2946 ι
2710 2897 2868 2948 Addit
2891 2897 3134 2948 Neolaus
3150 2899 3215 2948 ite
3245 2895 3525 2950 Frartura:

1984 2986 2000 3015 ι
2040 2966 2093 3019 lu
2135 2982 2240 3034 quo
2279 2965 2387 3020 Deo
2421 2966 2700 3018 serviturus.
2739 2984 2756 3015 ι
2794 2965 2886 3019 Vel
2918 2967 2988 3018 cli
3026 2984 3100 3029 ιιι,
3129 2987 3153 3014 ι
3200 2968 3386 3018 domus
3434 2968 3524 3018 Dei

1977 3036 2238 3090 bonorum
2263 3038 2637 3088 monachorum
2666 3037 2996 3089 sanctissima
3023 3039 3180 3089 corda
3199 3076 3212 3097 ,
3253 3044 3306 3088 et
3346 3051 3526 3088 eorum

1979 3119 2100 3159 sunt
2130 3109 2406 3172 purissima
2449 3105 2776 3169 habitacula,
2809 3108 2859 3156 in
2900 3108 3088 3173 quibus
3127 3106 3525 3157 tnuudisstnuuu

325 3173 456 3228 mari
489 3191 503 3225 :
540 3191 557 3222 ι
595 3173 788 3226 Ferunt
815 3170 934 3241 quia
962 3175 1097 3243 apud
1128 3177 1368 3243 antiquos
1397 3191 1510 3231 mos
1538 3177 1726 3240 fuerit,
1754 3177 1872 3246 quia
1901 3170 1947 3231 C
1983 3170 2202 3228 Domin
2221 3189 2316 3229 suo
2340 3175 2573 3242 praebent
2599 3170 2975 3236 habitaculum,
2994 3193 3012 3223 ι
3041 3185 3096 3226 ut
3118 3175 3345 3241 loquitur
3373 3177 3527 3226 Sina-

325 3243 633 3297 cellerarius
658 3243 708 3295 in
735 3242 984 3296 cathedra
1015 3245 1066 3297 iu
1097 3246 1211 3297 loco
1255 3258 1352 3297 suo
1381 3253 1508 3297 noto
1537 3246 1790 3297 sedebat.
1822 3255 1875 3297 et
1980 3247 2190 3297 raadus.

1980 3260 2190 3312 ragous.

325 3243 633 3298 cellerarius
658 3243 708 3295 in
735 3242 984 3296 cathedra
1003 3242 1066 3297 in
1097 3246 1211 3304 loco
1255 3242 1352 3299 Suo
1381 3253 1508 3300 noto
1537 3242 1790 3310 sedebat,
1822 3255 1875 3299 et

1501 3520 1884 3606 CAPUT
1929 3521 2323 3604 XXXII.

1286 3678 1383 3742 'Dc
1416 3683 1796 3759 ferramentis
1846 3685 1938 3747 vel
1973 3682 2152 3744 rebus
2187 3681 2561 3741 monasterii.

388 3823 584 3898 414⁸
605 3827 921 3883 Substantite
948 3828 1248 3882 monasterii
1263 3829 1315 3882 in
1331 3826 1658 3882 ferramentis
1672 3827 1750 3881 vel
1765 3842 1880 3882 ves-

329 3913 487 3980 tibus,
519 3931 612 3972 seu
640 3919 955 3987 quibuslibet
985 3921 1140 3974 rebus
1158 3919 1426 3986 provideat
1449 3915 1474 3955 δ
1505 3919 1668 3972 abbas
1692 3919 1879 3973 fratres

329 4005 398 4058 de
411 4021 632 4074 quorum
659 4011 756 4061 vita
770 4022 821 4062 et
840 4009 1068 4063 moribus
1090 4023 1307 4064 securus
1332 4009 1461 4074 site;
1481 4016 1535 4062 et
1556 4009 1632 4062 eis
1645 4008 1876 4076 singula.

332 4104 390 4150 ut
416 4099 544 4154 utile
573 4099 920 4169 iudicaverit,
963 4104 1238 4171 consignet
1270 4101 1610 4157 custodienda
1654 4097 1678 4137 δ
1719 4111 1875 4172 atque

331 4187 703 4259 recolligenda.
737 4193 813 4246 Ex
851 4193 1038 4262 quibus
1070 4191 1232 4246 abbas
1275 4192 1488 4248 brevem
1522 4201 1545 4228 ι’
1579 4201 1790 4246 teneat:
1820 4201 1877 4246 ut

407 4353 432 4414 ξ
460 4345 654 4414 9mm,
680 4346 866 4414 Conc.,
900 4348 1065 4408 Flor..
1098 4347 1270 4414 Cass.,
1306 4347 1620 4403 Suostantia.

404 4410 432 4450 1³
451 4412 616 4487 Quen.
638 4426 694 4487 et
715 4410 864 4486 Lyc.,
891 4417 1177 4487 praevideat.

409 4491 433 4521 ε
463 4483 599 4536 Hild.
621 4483 793 4552 deest,
818 4483 902 4540 sit.

1981 3829 2104 3883 dum
2148 3827 2243 3881 sibi
2285 3827 2334 3878 in
2371 3826 2482 3893 ipsa
2520 3823 2777 3892 assignato
2810 3823 2994 3877 fratres
3035 3823 3263 3876 vicissim
3296 3820 3318 3861 ί
3348 3837 3527 3878 succe-

1980 3919 2130 3982 dunt,
2161 3918 2290 3971 sciat
2318 3916 2442 3987 quid
2471 3915 2560 3968 dat
2596 3925 2684 3966 aut
2725 3913 2846 3981 quid
2879 3913 3081 3980 recipit.
3113 3913 3165 3965 Si
3197 3914 3312 3980 quis
3353 3923 3528 3966 autem

1979 4007 2191 4063 sordide
2219 4000 2307 4059 aut
2348 4005 2674 4072 negligenter
2716 4015 2801 4055 res
2848 4001 3152 4054 monasterii
3199 4003 3529 4065 tractaverit,

1979 4097 2325 4166 corripiatur;
2357 4097 2400 4149 si
2430 4109 2532 4146 non
2560 4091 2950 4155 emendaverit,
2983 4090 3272 4160 disciplina:
3301 4091 3530 4160 regulari

1976 4187 2260 4256 subjaceat.

2053 4343 2079 4381 ιι
2107 4343 2302 4405 Οκοη..
2334 4342 2717 4396 Constituendo.

2057 4426 2081 4520 ἶ
2109 4415 2506 4547 δὲδηῗϐἓέεεη
2533 4479 2722 4544 Conc.,
2753 4479 2955 4535 Conch.
2989 4479 3172 4541 Hadr.,
3202 4439 3410 4541 uicibus.

1628 4725 2264 4791 COMMENTARIUS.

409 4873 715 4930 Substantiae
747 4875 1051 4927 monasterii.
1072 4872 1107 4942 i'
1128 4875 1260 4941 Quid
1305 4876 1613 4930 substantia:
1668 4875 1878 4930 nomine
1904 4877 1958 4938 D
1985 4873 2128 4940 dum,
2162 4892 2180 4924 ι
2208 4872 2374 4941 inquit
2397 4869 2689 4942 Richardus
2707 4869 2852 4942 deis.
2883 4874 3104 4942 Angelo.
3129 4871 3228 4926 Ubi
3249 4871 3533 4926 ferramen-

344 4948 429 5000 hic
463 4943 810 5010 intelligatur,
841 4942 1068 5005 explicat
1114 4944 1411 4998 Bernartius
1441 4945 1770 4999 Cassinensis
1796 4946 1875 4998 bis

338 5014 516 5068 verbis
548 5031 558 5064 :
599 5030 621 5082 ιν
651 5012 947 5066 Substantia
976 5025 1094 5082 pro?
1115 5014 1270 5066 rebus
1297 5016 1401 5068 illis
1430 5015 1620 5082 quibus
1659 5016 1878 5068 vivimus

336 5095 388 5140 et
416 5081 767 5145 subsistimus,
793 5082 874 5134 vel
899 5096 1015 5148 quae
1037 5081 1100 5133 ad
1127 5092 1357 5136 nostram
1389 5081 1734 5137 substantiam
1759 5092 1881 5137 sunt

335 5151 667 5217 coeperativa
699 5151 1018 5220 intelligitur.
1058 5167 1084 5220 γ»
1134 5151 1279 5215 Quod
1313 5154 1462 5214 quasi
1492 5168 1760 5220 exponens
1792 5154 1881 5207 Ri-

341 5223 568 5276 chardus
597 5221 661 5272 de
685 5220 879 5274 Sancto
909 5219 1108 5290 Angelo
1129 5221 1236 5290 ait_:
1270 5241 1289 5271 ι
1309 5220 1438 5274 Puta
1461 5219 1700 5290 granum,
1733 5225 1883 5278 mile-

338 5307 484 5355 num,
515 5290 788 5351 hordeum,
810 5299 877 5361 Aet
902 5289 1111 5361 similia.
1157 5305 1174 5336 ι
1211 5288 1424 5342 Rectius
1449 5288 1618 5361 tamen
1648 5309 1764 5347 meo
1789 5293 1879 5361 ju-

338 5362 477 5416 dicio
518 5361 767 5412 Bolierius
809 5358 859 5410 in
908 5356 1138 5410 secundo
1165 5371 1358 5410 comm.
1405 5359 1746 5415 sub~tantiam
1791 5356 1880 5414 hic

341 5433 712 5498 interpretatur
753 5441 844 5496 pro
880 5427 1034 5498 rebus
1067 5426 1346 5498 mobilibus
1382 5432 1710 5492 monasterii;
1740 5433 1880 5496 quod

339 5511 391 5554 et
417 5501 468 5553 in
485 5496 932 5567 consequentibus
955 5496 1278 5567 fateturjpse
1307 5496 1637 5567 Bernartius;
1663 5501 1882 5553 indicat-

338 5583 439 5638 que
467 5567 605 5622 haud
647 5564 868 5623 obscure
895 5574 1107 5622 sanctus
1147 5564 1205 5618 P.
1250 5565 1568 5620 Benedictus
1597 5581 1714 5620 cum
1759 5571 1883 5622 sub-

331 5648 487 5760 11οῗηὲ
502 5705 866 5774 ferramentis.l
919 5725 936 5756 ε
987 5702 1238 5760 Videlicet
1272 5702 1486 5758 utilibus
1531 5703 1595 5759 ad
1644 5703 1882 5758 laboran-

1982 4953 2152 4998 torum
2197 4940 2412 4996 nomine
2457 4941 2632 5009 omnia
2678 4940 2918 5009 intelligit
2968 4945 3310 4996 instrumenta
3342 4943 3534 5009 quibus

1984 5014 2122 5067 inter
2152 5011 2493 5065 laborandum
2520 5008 2709 5062 fratres
2732 5008 2965 5077 utuntur,
3004 5033 3020 5063 ‹
3060 5013 3170 5066 sive
3201 5013 3305 5064 sint
3333 5008 3393 5064 ex
3424 5012 3534 5065 fer—
3578 5025 3580 5028 '

1983 5100 2063 5148 ro,
2097 5083 2207 5136 sive
2236 5097 2300 5133 ex
2331 5095 2455 5142 tere,
2486 5078 2597 5132 sive
2620 5081 2778 5133 etiam
2807 5081 2914 5134 sint
2934 5098 3056 5136 vasa
3089 5085 3152 5135 de
3185 5082 3355 5148 lignis,
3397 5099 3414 5131 ο
3461 5083 3534 5134 ait

1982 5152 2278 5207 Bernartius
2291 5149 2646 5203 Cassinensis.
2672 5150 2734 5202 Et
2760 5150 3122 5207 llildemarus:
3147 5169 3164 5202 ς
3198 5151 3536 5204 Ferramenta

1984 5223 2206 5274 attinent
2234 5220 2297 5290 ad
2325 5233 2576 5290 sappam,
2610 5219 2686 5290 ad.~
2712 5234 2986 5287 securem,
3034 5239 3125 5275 Seu
3155 5219 3405 5272 dolatoria
3425 5261 3440 5285 ,
3482 5230 3537 5272 et

1985 5292 2186 5357 reliqua
2213 5289 2292 5342 his
2313 5288 2526 5357 similia.
2571 5307 2587 5336 ι

2061 5353 2153 5412 vel
2180 5359 2410 5412 vestibus.
2443 5354 2460 5414 i
2499 5357 2646 5411 Hunc
2689 5359 2861 5414 locum
2897 5376 2998 5413 non
3048 5361 3113 5413 ita
3157 5367 3297 5410 recte
3323 5353 3534 5409 videtur

1983 5429 2311 5483 ititellexiSse
2340 5425 2692 5492 Hildemarns,
2727 5446 2844 5482 cum
2870 5432 3027 5482 dicit:
3058 5447 3074 5478 ‹
3111 5429 3292 5481 Vestes
3312 5429 3541 5480 attinent

1982 5500 2045 5552 ad
2073 5500 2204 5552 vesti
2229 5503 2382 5550 u-enta
2420 5495 2507 5547 illa
2550 5512 2665 5561 qua:
2699 5499 2893 5552 debent
2940 5502 2988 5551 iu
3040 5512 3253 5565 operam
3302 5496 3495 5549 habere
3520 5536 3537 5558 ,

1983 5568 2192 5634 quando
2231 5577 2511 5628 onerantur
2540 5568 2733 5630 aliquid
2765 5568 2904 5635 quod
2949 5567 3025 5619 cis
3065 5585 3092 5618 a
3135 5569 3305 5634 priore
3358 5565 3539 5634 injuno

1981 5648 2123 5690 ctum
2150 5635 2329 5693 fuerit;
2354 5653 2377 5706 γι
2406 5650 2522 5688 nam
2547 5639 2600 5690 S.
2632 5639 2943 5695 Benedictus
2971 5639 3054 5690 hic
3084 5637 3311 5705 loquitur
3331 5637 3396 5689 dc
3427 5638 3542 5706 qui-

1984 5706 2205 5761 buslibet
2236 5705 2485 5758 vestibus.
