3918 6224
493 245 587 298 531

1821 249 1880 308 S.
1920 250 1979 304 P.
2021 246 2370 305 BENEDICTI

3627 249 3737 303 552'.

493 378 592 432 per
619 365 808 416 brevem
845 361 1078 430 deputati
1125 361 1312 414 fratres
1342 375 1546 432 sacram
1579 360 1864 432 offerentes
1903 359 2046 432 obla-
2071 364 2121 422 Α
2148 357 2320 431 dunt.]
2351 358 2473 432 llaec
2499 359 3016 432 vei-baiconlirumnt
3066 374 3319 424 annuam,
3367 375 3526 429 quam
3563 378 3735 430 supra

499 430 714 495 tionem,
763 444 864 486 etc.
901 451 920 485 ι
963 432 1201 498 Denique
1253 433 1430 484 hrcvis
1472 431 1748 484 dicebatur
1791 430 2046 484 schedula

499 503 586 556 illa
638 517 792 567 quam
834 504 896 555 ad
942 501 1362 556 aunuutiandum
1414 501 1632 554 fratrum
1681 501 2046 554 defunctorum

499 573 698 626 obitqu
727 573 790 625 ad
837 573 1042 627 diversa
1073 573 1352 626 mittebant
1381 571 1722 634 monasteria,
1773 577 1930 638 atque
1979 573 2048 623 ita

502 644 696 706 passim
727 643 982 709 accipitur
1012 644 1148 708 apud
1194 641 1518 705 Udalricum,
1549 649 1602 693 et
1630 641 1680 692 in
1713 641 1939 708 antiquis
1969 654 2051 692 or-

496 711 718 764 dinariis
748 714 1124 781 ritualibusque
1151 727 1276 765 mss.
1307 711 1411 764 Sed
1441 713 1540 762 hoc
1567 711 1681 763 loco
1695 709 1888 775 brevis,
1917 709 2047 774 sive,

501 794 557 834 ut
608 783 840 848 loquitur
865 786 918 836 5.
974 782 1308 844 Benedictus,
1343 783 1500 834 breve
1526 781 1786 850 signiﬁcat
1813 781 2051 832 chartam

507 853 764 903 bonorum
808 853 1109 904 monasterii
1155 850 1536 912 memorialem,
1579 849 1645 904 de
1685 863 1783 918 qua
1822 849 1933 902 haec
1963 851 2056 902 de-

503 922 706 972 clarant
731 919 1075 992 Cassineuses
1111 920 1277 992 (Dect.
1311 919 1534 992 Cass._in
1568 936 1679 992 capi.
1713 919 1803 992 59.)
1832 936 1845 971 :
1877 937 1896 992 ι
1925 920 2053 984 Qui-

506 991 634 1042 libet
660 992 898 1043 olficialis
943 991 1077 1044 intra
1121 989 1356 1043 mensem
1386 1005 1414 1042 a
1439 990 1524 1044 die
1553 989 1920 1058 publicationis
1945 1003 2055 1042 suae

506 1061 664 1112 faciat
709 1061 1056 1114 intentarium
1089 1060 1154 1112 de
1202 1062 1362 1113 rebus
1391 1059 1716 1122 monasterii,
1750 1075 1866 1128 quae
1897 1058 2057 1122 perti-

508 1140 634 1182 nent
665 1131 729 1182 ad
759 1145 910 1182 suum
943 1130 1196 1184 officium.
1229 1131 1294 1182 Et
1321 1131 1566 1194 praelatus
1611 1130 1801 1184 habeat
1835 1130 1971 1197 apud
1998 1144 2058 1183 se

507 1200 856 1253 inventarinm
889 1201 1188 1254 universale
1227 1202 1461 1253 omnium
1511 1213 1690 1253 rerum
1733 1209 1840 1254 tam
1887 1199 2057 1251 mobi-

509 1268 632 1322 lium
680 1284 834 1336 quam
883 1269 1229 1323 immobiliqu
1283 1267 1608 1333 monasterii,
1641 1283 1708 1321 ne
1739 1267 2055 1335 perdautur;

506 1339 644 1406 quod
675 1340 832 1392 etiam
863 1340 1224 1394 visitatoribus
1245 1339 1576 1399 exhibeatur.
1606 1357 1624 1388 ι
1657 1340 1717 1391 Et
1749 1338 2060 1392 Benedictus

507 1422 642 1476 papa
669 1408 779 1472 Xll,
813 1411 864 1464 in
889 1424 986 1463 sua
1011 1425 1106 1476 pro
1133 1409 1785 1464 monachis’Benedictinis
1807 1411 2062 1462 constitu-

508 1480 653 1550 tione
694 1480 993 1550 praescribit
1023 1476 1174 1550 (Cap.
1211 1482 1322 1547 15),
1357 1489 1415 1532 ut
1439 1479 1506 1532 ab
1528 1479 1796 1550 omnibus
1821 1479 2062 1550 superio-

509 1548 657 1602 ribus
685 1549 812 1602 fiant
834 1547 1129 1602 inventoria
1143 1558 1197 1602 et
1223 1549 1442 1615 registra
1471 1566 1488 1598 ι
1527 1548 1576 1601 in
1595 1549 1781 1614 quibus
1803 1547 2062 1602 scribatur

510 1629 638 1686 quot
683 1618 928 1671 monachi
959 1620 1008 1672 in
1042 1618 1275 1684 quolibet
1308 1619 1422 1670 loco
1451 1619 1682 1685 ipsarum
1725 1618 2063 1671 administra-

516 1690 715 1741 tionum
733 1688 883 1758 juxta
907 1689 1073 1755 ipsius
1104 1689 1201 1741 loci
1233 1687 1508 1742 facultates
1539 1689 1738 1755 possint
1765 1701 1816 1744 et
1837 1688 2064 1742 debeant

509 1760 874 1822 commorari;
921 1769 974 1812 et
1023 1759 1072 1810 in
1129 1773 1234 1827 quo
1281 1768 1418 1810 Statu
1460 1759 1679 1824 quilibet
1725 1758 1911 1826 recipit
1975 1773 2066 1811 ec-

512 1828 748 1891 clesiam,
782 1829 1180 1889 monasterium,
1213 1830 1293 1882 vel
1329 1828 1640 1896 prioratum,
1686 1843 1779 1882 seu
1808 1827 2064 1881 adminis-

512 1901 816 1963 trationem,
869 1911 922 1952 et
959 1899 1097 1950 inter
1123 1899 1222 1950 alia
1255 1915 1372 1966 quae
1419 1906 1657 1962 exstent,
1699 1899 1778 1952 vel
1817 1897 2067 1952 deficiant

511 1968 777 2033 animalia,
819 1977 873 2022 et
915 1969 1109 2038 qualia.
1165 1979 1359 2035 quanta
1391 1968 1566 2033 blada,
1601 1971 1743 2034 vina,
1777 1979 1829 2020 et
1873 1976 2065 2020 caetera

511 2039 778 2100 victualia,
815 2049 868 2092 et
899 2053 1130 2098 moneta,
1159 2039 1354 2091 vasclla
1383 2053 1568 2102 aurea,
1599 2039 1680 2090 vel
1711 2047 1989 2106 argentea;
2015 2048 2068 2090 et

512 2121 650 2174 quae,
679 2119 732 2161 et
756 2118 902 2178 quot,
931 2118 983 2162 et
1005 2109 1191 2174 quibus
1213 2111 1460 2170 ecclesia,
1490 2109 1888 2178 monasterium,
1921 2109 2063 2172 prio-

437 2239 440 2242 ,
517 2191 665 2231 ratus
695 2177 1105 2242 administratio,
1137 2193 1230 2231 seu
1264 2179 1406 2232 locus
1437 2178 1732 2244 huiusmodi
1763 2177 1989 2239 debent;
2018 2187 2072 2231 et

515 2260 658 2313 quze,
690 2258 742 2299 et
780 2256 929 2315 quot,
961 2257 1014 2300 et
1040 2263 1067 2298 a
1107 2251 1298 2315 quibus
1325 2248 1584 2302 debentur
1624 2248 1852 2312 eisdem,
1881 2261 1935 2300 et
1975 2247 2072 2300 sub

495 2317 702 2383 quibus
733 2317 1136 2386 obligationibus
1177 2318 1390 2380 debent,
1421 2329 1473 2371 et
1500 2320 1720 2372 debetur
1761 2319 1989 2378 eisdem;
2022 2327 2074 2370 et

517 2401 653 2448 nitar,
683 2395 737 2440 et
765 2397 910 2453 quot,
940 2387 1042 2440 alia
1075 2389 1206 2440 bona
1240 2389 1475 2451 mobilia,
1509 2392 1589 2441 vel
1620 2403 1740 2440 vasa
1769 2390 1880 2441 sive
1915 2400 2074 2440 orna-

520 2468 715 2520 tneuta,
741 2460 821 2510 vel
852 2458 1196 2524 supelleCtilia
1225 2468 1276 2510 et
1303 2453 1492 2512 similia
1520 2458 1645 2511 inihi
1667 2458 1878 2511 fuerint.
1918 2475 1936 2507 ι

597 2524 660 2578 Ut
684 2530 804 2578 dum
834 2527 928 2578 sibi
956 2529 1008 2579 in
1036 2529 1144 2597 ipsa
1177 2529 1642 2598 assignata'fratres
1671 2529 1889 2580 vicissim
1911 2541 2080 2580 succe-

2148 429 2399 493 disimns,
2423 429 2839 502 obedientiarum
2871 432 3235 502 mutationem,
3266 445 3392 502 qua:
3413 433 3584 486 ctiam
3615 429 3740 487 am-

2150 502 2288 570 ptius
2313 511 2452 567 patet
2477 517 2541 554 ex
2562 515 2680 569 cap.
2697 501 2786 565 55,
2817 515 2920 570 quo
2952 501 3333 566 praescribitur.
3367 512 3426 556 ut
3449 503 3517 556 ad
3547 506 3738 569 hospi-

2151 583 2259 625 tum
2284 575 2562 638 coquinam
2591 571 2870 641 adAanuum
2893 573 3240 641 ingrediantur
3268 572 3374 624 duo
3401 577 3619 640 fratres.
3652 575 3736 628 Ex

2157 641 2424 696 Bernardo
2447 649 2620 712 tamen
2642 639 2992 712 C-assinensi'c
3019 641 3365 712 Cellerarius,
3390 639 3486 696 seu
3503 645 3734 712 decani,

2151 721 2240 764 aut
2267 711 2532 780 praepositi
2559 727 2661 764 non
2691 711 2984 766 succedunt
3013 727 3103 776 per
3131 711 3295 766 vices.
3318 729 3338 763 ι
3375 713 3454 766 Ita
3474 715 3594 779 ille,
3635 711 3736 767 ba;

2153 781 2258 836 bita
2289 783 2492 836 ratione
2520 781 2585 835 ad
2614 797 2768 834 usuin
2797 782 2880 835 sui
2913 783 3183 850 temporis,

2226 894 2286 951 Si
2314 895 2424 962 quis
2448 904 2622 958 autem~
2643 894 2849 947 sordide
2876 901 2962 945 aut
2983 893 3292 964 negligenter
3315 911 3398 949 res
3420 898 3732 950 monasterii

2156 964 2464 1026 tractaverit,
2486 964 2821 1034 corripiatur;
2850 965 2895 1017 si
2914 965 3396 1034 nangemendarerit,
3436 967 3738 1034 disciplima

2155 1035 2376 1106 regulari
2407 1031 2702 1105 subjaceat.]
2734 1033 2844 1106 Hoc
2870 1041 2972 1094 est,
3002 1032 3224 1106 duratur
3255 1049 3348 1106 per
3377 1051 3472 1090 sex
3497 1031 3734 1104 gradus,

2157 1103 2226 1160 de
2245 1105 2434 1174 quibus
2460 1119 2638 1174 supra,
2664 1103 2735 1174 ex
2767 1103 3070 1174 Hildemaro
3102 1105 3152 1156 in
3172 1119 3290 1172 cap.
3314 1105 3366 1171 5,
3401 1122 3469 1160 ex
3494 1103 3738 1159 Bernar-

2158 1177 2230 1230 do
2265 1172 2420 1246 Cass.
2449 1183 2502 1246 et
2530 1173 2750 1246 Nicolao
2774 1172 3120 1246 de_Frac_ti_i_ra
3153 1175 3256 1227 hic.
3278 1175 3338 1246 lu
3368 1175 3572 1244 Regula
3601 1192 3740 1230 vero

2161 1245 2417 1300 Orientali
2467 1241 2770 1299 decernitur
2810 1241 3113 1314 (Cap._i3),
3136 1253 3194 1296 ut
3219 1261 3239 1292 ι
3274 1245 3324 1298 in
3363 1241 3739 1314 qualicunque

2161 1316 2377 1369 omnino
2403 1324 2549 1378 arte,
2580 1319 3007 1384 qumrexercetur
3033 1327 3062 1364 a
3091 1313 3359 1379 fratribus,
3381 1313 3434 1370 si
3477 1317 3615 1384 quid
3645 1333 3740 1383 pc-

2162 1385 2334 1450 rierit,
2365 1393 2418 1439 et
2448 1400 2540 1453 per
2577 1383 2944 1452 negligentiam
2993 1385 3148 1437 fuerit
3172 1383 3512 1450 dissipatum,
3547 1388 3738 1440 incre-

2165 1465 2322 1524 petur
2347 1471 2375 1509 a
2407 1455 2562 1508 Patre
2603 1455 2843 1509 minister
2869 1467 3127 1524 operum;
3172 1468 3228 1508 et
3255 1455 3370 1522 ipse
3409 1457 3612 1510 iterum
3657 1459 3738 1509 in-

2165 1523 2348 1591 crepet
2373 1525 2558 1591 alium,
2603 1526 2691 1595 qui
2739 1538 2872 1591 Opus
2921 1523 3227 1595 perdiderit,
3270 1527 3530 1579 duntaxat
3579 1525 3736 1593 juxta

2165 1595 2486 1666 voluntatem
2532 1603 2586 1648 et
2627 1594 3022 1666 praescientiam
3054 1595 3332 1666 principis,
3386 1595 3601 1662 absque
3630 1613 3738 1666 quo

2168 1665 2342 1719 nullus
2383 1663 2684 1732 increpandi
2718 1664 2930 1718 fratrem
2985 1665 3195 1717 habebit
3223 1673 3559 1730 potestatem.
3603 1685 3622 1717 ι
3652 1663 3738 1720 ’1η

2170 1734 2366 1802 Regula
2397 1734 2456 1790 S.
2487 1733 2702 1788 Cmsarii
2730 1733 2796 1788 ad
2824 1733 3052 1804 virgines
3077 1748 3093 1786 :
3129 1751 3147 1786 ι
3175 1734 3234 1787 Si
3261 1749 3382 1804 quae
3407 1750 3539 1788 vero
3567 1741 3737 1790 vestis

2167 1815 2364 1868 menta,
2423 1804 2796 1866 calceamenta,
2847 1803 3095 1858 utensilia
3143 1805 3477 1871 negligenter
3524 1819 3740 1872 expen-

2167 1875 2339 1930 denda
2371 1876 2454 1930 vel
2485 1872 2825 1929 custodienda
2854 1873 3105 1939 putarint.
3132 1882 3377 1942 tanquam
3401 1875 3740 1929 interversa.

2168 1960 2255 1998 res
2304 1960 2479 1998 rerum
2531 1944 2984 1998 monasterialium
3033 1943 3270 1997 severius
3312 1946 3678 2009 corrigantur.
3717 1967 3738 1997 ι

2173 2016 2407 2078 Denique
2436 2017 2484 2068 in
2510 2014 2712 2081 Regula
2755 2013 2990 2082 Magistri
3018 2027 3033 2066 :
3071 2029 3089 2062 ι
3126 2011 3225 2079 Qui
3271 2027 3402 2067 vero
3431 2016 3602 2068 irater
3633 2032 3740 2070 non

2173 2084 2423 2139 mundum
2471 2085 2847 2137 ferramentum
2876 2098 2911 2136 a
2937 2094 3078 2137 terra
3107 2082 3175 2136 de
3209 2098 3338 2152 agro
3377 2098 3739 2150 revocaverit,

2171 2165 2449 2208 accusatus
2463 2152 2701 2236 4215M
2721 2167 2956 2236 mensam
2979 2166 3009 2205 a
3023 2152 3243 2232 custode
3261 2153 3738 2236 ferramentorum,

2176 2239 2344 2293 poma:
2372 2221 2686 2277 nomitTeﬁin
2731 2221 3021 2293 refectione
3049 2221 3101 2274 in
3140 2222 3437 2288 portionem
3474 2224 3632 2290 panis
3661 2226 3742 2280 sni

2177 2292 2334 2348 unam
2362 2296 2618 2363 quadram
2645 2293 2824 2363 minus
2852 2292 3078 2359 accipiat
3109 2307 3272 2359 usque
3319 2294 3387 2346 ad
3419 2294 3744 2346 satistartin-

2178 2380 2298 2419 nem
2349 2362 2430 2416 vel
2496 2362 2918 2418 emendationem
2967 2365 3322 2428 promissam;
3370 2363 3496 2428 quia
3547 2364 3748 2417 exinde

2181 2434 2444 2515 :ernginat
2474 2433 2874 2500 ferramentum,
2901 2446 3020 2487 cum
3051 2431 3304 2486 mundum
3331 2447 3438 2487 non
3467 2432 3630 2485 fuerit
3659 2448 3742 2501 po-

2180 2515 2359 2558 suum.
2394 2521 2412 2554 ι
3063 2523 3066 2525 λ

1698 2828 2088 2929 ,CAPUT
2119 2769 2558 2913 XXXIII.

1454 2967 1527 3029 Si
1559 2966 1713 3046 quid
1741 2964 1991 3026 debeant
2025 2965 2308 3026 monachi
2343 2966 2669 3044 proprium
2699 2949 2931 3024 habere;

598 3091 863 3161 Praecipue
891 3089 990 3144 hoc
1011 3091 1192 3144 vitium
1225 3091 1487 3160 peculiare
1516 3091 1764 3174 radicitus
1794 3099 2078 3158 amputan-
2106 3089 2153 3150 C
2184 3089 2468 3158 quidquam
2494 3086 2651 3144 liceat
2680 3087 2878 3167 habere
2914 3085 3056 3158 quod
3085 3069 3252 3144 abbas
3269 3068 3384 3145 non
3413 3090 3627 3147 dederit
3661 3100 3744 3144 aut

452 3160 476 3185 'l
529 3181 654 3234 dum
691 3160 776 3234 est
819 3181 886 3235 de
914 3183 1262 3244 monasterio,
1298 3198 1364 3235 ne
1395 3182 1511 3251 quis
1555 3160 1840 3249 praesumat
1888 3177 2086 3247 aliquid

530 3275 658 3327 dare
681 3283 770 3326 aut
790 3273 1030 3339 accipere
1051 3271 1166 3325 sine
1187 3271 1424 3340 iussione
1453 3271 1677 3333 ahbatis,
1701 3283 1872 3337 neque
1893 3265 2112 3343 aliquid.

533 3360 729 3414 habere
759 3363 1048 3427 proprium,
1080 3360 1275 3411 nullam
1307 3360 1523 3412 omnino
1567 3373 1698 3420 rem,
1730 3373 1898 3426 neque
1942 3354 2091 3428 codi-

537 3465 686 3514 cem,
738 3465 908 3516 neque
960 3450 1182 3512 tabulas,
1238 3465 1406 3518 neque
1461 3448 1768 3525 graphium,
1813 3448 1903 3501 sed
1959 3444 2108 3500 nihilr

464 3554 466 3556 '
533 3539 750 3591 omnino
777 3545 802 3573 ι
833 3552 848 3588 :
881 3537 1076 3605 quippe
1123 3537 1312 3606 quibus
1361 3551 1459 3590 nec
1496 3552 1716 3605 corpora
1747 3535 1785 3600 ,δ
1830 3551 1944 3600 sua,
1993 3548 2091 3589 nec

538 3629 833 3682 voluntates
861 3627 980 3680 licet
1013 3627 1207 3682 habere
1238 3628 1289 3680 in
1320 3627 1528 3697 propria
1551 3633 1808 3694 potestate
1839 3626 2091 3680 0.0mnia

541 3731 661 3775 vero
711 3719 1010 3774 necessaria
1057 3733 1088 3772 a
1127 3719 1282 3774 Patre
1327 3719 1634 3774 monasterii
1684 3733 1941 3788 sperare;
1992 3731 2092 3773 nec

607 3905 634 3935 ι
662 3897 832 3953 Oxon.
864 3898 1013 3952 deest
1035 3897 1256 3950 omnino.

605 3968 632 4004 δ
663 3968 827 4034 ιιιιᾱ..
856 3969 1059 4038 prapria
1079 3983 1312 4038 corpora.
1385 3969 1390 3971 Α
1452 4025 1466 4038 ,

2192 3180 2508 3248 permiserit.

2259 3268 2549 3336 Omniaque
2576 3268 2820 3323 omnibus
2867 3271 2976 3324 sint
3014 3271 3345 3335 communia,
3391 3281 3450 3326 ut
3496 3271 3748 3340 scriptum

2193 3368 2278 3414 est
2308 3376 2323 3417 ε,
2350 3371 2447 3411 nec
2477 3357 2756 3424 quisquam.
2775 3371 2925 3411 suum
2951 3359 3148 3428 aliquid
3179 3361 3320 3415 dicat
3348 3373 3441 3415 aut
3468 3373 3748 3429 pmumat

2200 3451 2334 3519 (Act.
2367 3451 2460 3518 iv).
2511 3449 2661 3515 Quod
2701 3453 2744 3506 si
2791 3451 3068 3522 quisquam
3099 3453 3223 3508 huic
3268 3456 3598 3524 nequissimo
3627 3454 3750 3507 vitia

2200 3540 2562 3610 deprehensus
2613 3539 2772 3596 fuerit
2813 3541 3083 3609 delectari,
3144 3544 3454 3614 admonitus
3497 3542 3662 3597 semel
3703 3550 3748 3596 et

2197 3633 2410 3700 iterum,
2453 3631 2496 3684 si
2528 3647 2630 3694 non
2659 3632 3040 3702 emendaverit,
3071 3636 3401 3704 correptioni
3429 3626 3722 3701 subiaceat.

2276 3897 2298 3927 ⁸
2326 3888 2521 3955 0son.,
2550 3885 2712 3950 Hild.,
2745 3885 2950 3950 Ebrul.,
2977 3881 3200 3948 Faron.,
3226 3881 3368 3936 Vict.
3401 3891 3644 3952 uterque,
3671 3897 3746 3935 eo-

2152 4033 2154 4036 ν
2195 3958 2403 4012 luntate.

1825 4203 2465 4267 COMMENTARIUS.
2518 4274 2520 4276 ν

612 4346 742 4401 Cum
789 4361 850 4401 ea
887 4347 954 4399 sit
987 4349 1222 4426 pecuniae
1250 4347 1574 4426 aliarumque
1615 4361 1787 4426 rerum
1816 4342 2084 4426 tempora-
2113 4346 2162 4404 D
2189 4345 2366 4426 animo
2411 4342 2620 4422 penitus
2664 4336 2990 4426 ex‘trude‘nda
3021 4355 3036 4390 :
3070 4340 3516 4426 nonnenimuarn
3545 4341 3752 4426 εσεειςς

547 4413 670 4468 lium
695 4427 898 4478 natura,
929 4424 985 4486 ut
1005 4413 1132 4483 picis
1155 4416 1219 4486 ad
1250 4415 1415 4468 instar
1440 4418 1523 4468 vix
1554 4417 1694 4484 tangi
1724 4416 1920 4481 possint
1959 4416 2083 4486 quin

551 4486 783 4538 haereant
810 4484 1066 4546 manibus,
1097 4483 1332 4551 apposite
1359 4486 1572 4538 omnino
1615 4495 1828 4537 sanctus
1867 4483 2089 4537 Benedi-

547 4565 662 4609 ctus
690 4560 963 4620 postquam
989 4551 1054 4604 de
1074 4555 1350 4608 cellerario
1379 4555 1608 4621 aliisque
1631 4554 1934 4606 subSIantia:
1975 4568 2089 4606 mo-

550 4621 767 4678 nasterii
795 4621 1114 4676 administris
1136 4624 1260 4691 egit,
1296 4639 1360 4677 ne
1395 4624 1533 4676 forte
1575 4633 1829 4691 praetextu
1867 4623 2090 4675 admini-

549 4692 818 4750 strationis
849 4689 1243 4760 commissaque
1270 4693 1372 4746 sibi
1408 4689 1720 4746 obediéntiaa
1752 4692 1944 4758 aliquid
1989 4691 2091 4745 sibi

550 4765 817 4836 proprium
847 4761 1112 4836 vindicare
1155 4771 1564 4826 praasumerent,
1595 4761 1661 4815 de
1706 4762 2019 4828 amputanda
2061 4776 2092 4814 a

550 4833 820 4889 monachis
867 4834 1181 4899 proprietate
1218 4843 1601 4900 conSeqnenter
1648 4840 1836 4884 traczat
1876 4847 1887 4882 :
1937 4846 2094 4895 quam

551 4905 652 4960 hoc
671 4903 840 4970 capite
872 4901 1092 4966 primum
1120 4915 1147 4951 a
1177 4902 1352 4964 corde,
1377 4901 1568 4956 deinde
1593 4901 1657 4954 ab
1678 4914 1856 4967 opere.
1885 4903 2094 4954 tandem

551 4975 618 5028 ab
643 4988 734 5026 ore
759 4972 1028 5025 eliininare
1056 4979 1292 5023 conatur.
1338 4971 1450 5026 Sibi
1488 4973 1625 5025 enim
1665 4971 1716 5024 in
1764 4971 1913 5022 titulo
1943 4971 2091 5037 quasi

553 5055 869 5112 proponens,
901 5043 942 5093 si
970 5040 1090 5107 quid
1120 5040 1326 5092 debeant
1348 5044 1580 5095 monac/ti
1599 5041 1858 5111 proprium
1881 5040 2096 5093 habere?

552 5113 834 5180 respondet
865 5126 879 5162 :

623 5177 886 5246 Prwcipue
911 5177 1007 5230 hoc
1033 5178 1202 5232 vitium
1243 5179 1486 5233 radicitus
1511 5191 1793 5248 amputetur
1826 5181 1886 5232 de
1914 5194 2091 5231 mona-

549 5251 747 5322 δίει-ξω]
769 5250 1053 5312 Radicitus,
1069 5249 1123 5322 id_
1142 5259 1222 5303 est
1247 5251 1630 5322 a__corde,quod
1654 5249 2085 5322 es‘tious,_radix,

549 5335 602 5379 ει
630 5319 787 5394 422
813 5322 958 5394 οτίερ
987 5320 1158 5373 Omnis
1184 5319 1306 5394 mali
1333 5321 1605 5394 omnisque
1633 5319 1962 5394 cupiditatis;
1993 5339 2010 5367 ι
2032 5328 2092 5394 ut

552 5386 1061 5455 inec-inittentione,
1094 5405 1190 5443 nec
1218 5391 1270 5441 in
1299 5386 1566 5443 Voluntaie
1592 5401 1862 5444 remaueit
1891 5386 2090 5454 aliquid

549 5467 612 5516 de
654 5463 989 5530 proprietate.
1037 5475 1129 5530 per
1167 5458 1323 5530 quod
1356 5458 1516 5530 possit
1559 5460 1623 5513 ad
1653 5468 1824 5530 actum
1863 5458 2091 5530 aliquem

551 5525 822 5597 pullulare,
850 5549 867 5580 ι
904 5530 1068 5596 inquit
1100 5525 1393 5582 Bernardus
1419 5525 1620 5581 Cassin.
1654 5528 1721 5582 Et
1754 5538 1894 5581 recte
1915 5527 2089 5578 muni-

551 5615 652 5648 no:
689 5615 826 5660 nam,
861 5611 914 5650 ut
940 5602 1010 5664 ait
1039 5597 1339 5658 Cassianus,
1371 5614 1388 5644 ‹
1411 5611 1512 5648 non
1542 5599 1713 5651 solum
1746 5598 2087 5664 pecuniarum
2121 5642 2123 5644 .

552 5675 628 5716 est
659 5667 886 5718 cavenda
916 5669 1196 5734 possessio,
1221 5681 1403 5722 verum
1431 5667 1586 5721 etiam
1617 5669 1856 5724 voluntas
1881 5669 1993 5736 ipsa
2022 5665 2088 5720 ab

2194 4408 2524 4482 pbilargyrize
2550 4411 2795 4482 vitandus
2820 4418 2927 4482 est.
2949 4421 3105 4482 quam
3128 4408 3350 4482 aﬂ'ertus
3377 4411 3546 4480 ipsius
3569 4413 3748 4468 radici-

2195 4477 2276 4535 ius
2295 4477 2647 4548 aliipittandus
2667 4488 2781 4542 est;
2802 4477 2931 4531 nihil
2951 4479 3090 4548 enim
3115 4479 3353 4547 proderit
3377 4477 3626 4547 pecunias
3651 4498 3749 4538 non

2200 4547 2420 4614 habere,
2449 4553 2492 4602 si
2524 4550 2767 4602 voluntas
2795 4549 2847 4601 in
2879 4547 3217 4605 nobisfuerit
3247 4552 3576 4611 possidendi.
3599 4571 3618 4602 ι
3659 4552 3748 4607 Ve-

2195 4637 2312 4675 rum
2343 4637 2444 4674 non
2473 4621 2642 4672 Solum
2669 4621 2914 4689 voluntas
2935 4618 3366 4689 desideriumque
3391 4621 3642 4680 habendi.
3661 4621 3750 4678 sed

2198 4693 2356 4746 etiam
2385 4691 2464 4743 vel
2496 4689 2766 4750 minimus,
2787 4688 2837 4740 in
2869 4688 2949 4740 liis
2973 4704 3092 4756 qua:
3118 4688 3362 4745 noliis’ad
3392 4706 3548 4745 usum
3567 4705 3750 4747 coace-

2200 4762 2415 4817 duntur.
2446 4758 2662 4811 affectus
2693 4759 3010 4812 resecaudus
3036 4767 3137 4812 est.
3179 4759 3312 4825 Quis
3341 4761 3486 4813 enim
3509 4775 3614 4814 non

2201 4831 2322 4883 deat
2349 4841 2513 4900 monat
2531 4828 2655 4900 Alios,
2680 4837 2797 4895 post
2823 4833 3028 4896 amplas
3055 4830 3234 4882 seculi
3258 4831 3491 4900 divitias
3524 4829 3752 4900 abiectas

2201 4900 2388 4952 neniis
2437 4898 2697 4959 detineri,
2759 4907 3009 4966 tantoque
3072 4900 3154 4953 his
3209 4899 3405 4954 affectu
3457 4898 3752 4960 inbuere.

2198 4980 2412 5034 quanto.
2457 4972 2500 5020 si
2547 4982 2649 5020 non
2678 4967 2886 5035 majori,
2926 4983 3115 5023 avarus
3143 4968 3450 5025 thesauris!
3491 4970 3752 5024 Esto-ten

2201 5037 2250 5089 id
2272 5038 2380 5104 jain
2409 5038 2474 5089 ile
2497 5038 2758 5092 nonnullis
2783 5039 2882 5092 alvi
2904 5041 2984 5092 sui
3007 5042 3280 5093 monachis
3301 5037 3753 5103 deuios-abuten-

2198 5111 2375 5180 siaiins
2405 5107 2484 5160 liis
2510 5109 2684 5180 verbis
2700 5107 2921 5180 (σοιιηι.
2955 5110 3009 5174 1,
3030 5126 3076 5162 c.
3098 5110 3190 5178 6):
3213 5127 3232 5160 ι
3251 5109 3557 5180 Nonnullae
3577 5107 3752 5180 nuntii

2196 5175 2352 5244 hujus
2389 5178 2644 5230 maximas
2691 5175 2981 5244 facultates,
3013 5189 3065 5233 et
3102 5175 3206 5232 non
3225 5180 3402 5232 solum
3439 5179 3606 5232 multa
3639 5177 3752 5232 ari

2195 5255 2352 5313 atque
2379 5250 2580 5317 argenti
2621 5250 2837 5313 talenta,
2869 5265 3052 5304 verum
3083 5251 3245 5304 etiam
3285 5245 3609 5317 praediorum
3635 5259 3751 5300 Isa-

2195 5315 2548 5388 gniticentiani
2593 5327 3012 5383 contemnentes,
3064 5331 3180 5388 post
3237 5315 3352 5388 haec
3397 5315 3750 5386 vidi-nurn-

2199 5387 2578 5459 scapellotpro
2598 5390 2838 5459 graphio,
2872 5405 2966 5458 pro
2993 5386 3112 5454 acu,
3147 5403 3242 5455 pro
3270 5386 3482 5440 calamo

2199 5458 2418 5509 νει-ιη...
2449 5458 2576 5512 Nam
2602 5455 2660 5512 at
2682 5455 2985 5528 plerumque
3006 5459 3247 5513 nonnulli
3273 5463 3428 5528 tanto
3455 5455 3576 5528 zelo

2199 5541 2261 5578 ce
2284 5547 2310 5576 η
2347 5539 2578 5591 servant,
2611 5521 2813 5582 ut'eum
2858 5521 2925 5582 ne
2954 5531 3144 5584 leviter
3167 5527 3380 5594 quidem
3405 5525 3497 5579 vel
3521 5521 3774 5594 contui.

2195 5597 2262 5646 ah
2291 5597 2465 5666 aliquo
2507 5601 2787 5664 patiantur,
2819 5609 2872 5653 et
2913 5599 3033 5653 inde
3075 5593 3752 5668 occa-iunge)!!!”

2195 5680 2254 5722 ac
2278 5659 2460 5724 mortis
2492 5659 2798 5726 incurrunt}
2831 5670 2971 5726 unde
3015 5671 3300 5723 monentur

3407 6013 3418 6024 ό
3459 6009 3534 6046 -Ίιυχ,
3625 5999 3640 6020 In
3659 5989 3666 5994 I
3707 6011 3724 6024 ό.

3401 6055 3406 6060 .
3439 6039 3466 6058 ὅ
3745 6067 3782 6088 ’ξ’
3799 6097 3814 6104 Ἴ
3871 6085 3874 6088 .
