3918 6224
72 335 223 394 εδδ

1147 333 1414 391 REGULA
1443 333 1929 390 COSIMENTATA.
1970 335 2122 390 CAP.
2164 334 2397 393 XXXIII.

3277 339 3386 397 δοες

118 453 339 508 δεδι.
378 452 472 518 9.5,
515 453 577 506 de
608 453 783 529 Regni.
818 469 866 529 c.
1016 453 1089 529 _ln
1129 454 1452 529 proprietate
1484 471 1504 529 ς
1543 453 1731 519 depre-
1762 458 1804 513 Α
1835 451 1960 529 dant
1983 493 1999 514 ,
2030 459 2085 529 e_t
2107 462 2375 529 exponant
2401 452 2654 505 voluntati
2696 452 2916 521 prioris;
2948 463 3001 506 et
3042 455 3092 508 in
3126 454 3238 529 ipsa
3282 456 3377 508 do-

137 538 387 591 ensus,
415 533 507 578 aut
530 525 827 590 convictus,
853 524 1065 579 biennio
1087 526 1257 579 activa
1285 534 1337 577 et
1368 524 1576 591 passiva
1601 538 1732 578 voce

81 595 402 663 privatus
419 596 516 659 sit;
537 607 694 665 atque
714 596 870 650 etiam
889 594 1039 662 juxta
1064 594 1276 664 Rogube
1303 594 1578 665 etordinis
1603 608 1732 665 con-

83 664 469 717 stitutiones
496 663 762 731 puniatur.
801 684 821 717 ι
857 668 1108 730 Quaenam
1131 663 1305 719 autem
1330 664 1439 717 sint
1464 663 1571 718 illa
1590 664 1735 719 ordi-

88 734 214 789 Isis
249 734 698 805 constitutiones,
725 737 833 805 jam
864 736 1209 803 aperiendum
1242 742 1345 789 est.

169 806 250 857 In
299 804 492 874 primis
521 806 655 861 hanc
676 804 812 874 apud
833 806 1217 862 Cistercienses
1238 808 1405 873 legem
1442 805 1649 872 reperio
1680 806 1732 860 in

92 872 238 947 ηιμ.
299 872 842 947 institutionuni’cap.
879 893 1060 947 gener.
1093 877 1207 931 ord.
1241 872 1375 931 Cist.
1409 874 1564 947 (Diu.
1598 876 1733 947 (ἂγε.

106 946 239 1012 16)
286 962 312 999 :
356 945 641 1001 Monachus
668 946 749 1001 vel
780 945 1067 1002 conversus
1113 949 1164 1001 in
1207 946 1346 999 furto
1375 946 1453 999 vel
1500 946 1741 1014 proprie-

103 1026 262 1071 tate
302 1015 687 1083 deprehensus,
711 1018 928 1071 ultimus
952 1022 1185 1072 omnium
1212 1033 1306 1085 per
1324 1031 1521 1085 annum
1544 1018 1647 1070 erit
1670 1018 1736 1072 ad

106 1085 374 1150 minus,
396 1095 452 1139 et
469 1097 719 1153 quantum
744 1088 880 1142 ultra
904 1088 1075 1142 visum
1103 1083 1260 1142 fuerit
1288 1083 1460 1141 abbati
1482 1094 1570 1151 ;et
1591 1088 1734 1141 omni

109 1166 321 1227 sexta
370 1157 496 1210 feria
541 1174 634 1211 uer
662 1173 855 1212 annum
901 1159 972 1212 sit
1000 1158 1053 1213 in
1084 1173 1219 1227 pane
1242 1169 1297 1213 et
1338 1171 1495 1227 aqua,
1526 1164 1581 1210 et
1606 1172 1736 1226 qua-

110 1226 416 1295 draginta
447 1228 632 1282 diebus
667 1230 920 1297 grossiori
956 1226 1095 1294 pane
1137 1237 1397 1283 vescatur.
1434 1226 1736 1282 Conversus

114 1297 211 1353 ad
288 1310 490 1352 terram
519 1300 780 1367 comedat,
834 1309 887 1354 et
942 1300 1044 1354 illis
1084 1299 1425 1368 quadraginta
1473 1297 1659 1368 diebus
1683 1299 1736 1351 in

112 1368 409 1438 claustro
436 1371 637 1433 sedeat,
666 1381 718 1423 et
747 1380 996 1438 operetur
1024 1372 1075 1424 in
1106 1372 1319 1425 silentio
1338 1368 1479 1438 quod
1508 1369 1554 1421 ei
1579 1367 1739 1422 fuerit

117 1437 491 1506 imperatum
517 1457 531 1501 ;
563 1455 660 1495 nec
688 1437 929 1509 loquatur
953 1442 1053 1495 nisi
1100 1456 1219 1494 cum
1262 1437 1470 1503 abbate,
1493 1439 1576 1491 vel
1617 1453 1734 1492 cuin

122 1523 212 1563 eo
238 1509 350 1578 qui
380 1520 693 1580 conventuin
727 1520 890 1580 tenet,
913 1522 967 1565 et
1004 1525 1123 1565 cum
1163 1512 1416 1580 magistro
1447 1524 1734 1564 converso-

123 1594 318 1646 rum,
348 1588 404 1632 et
425 1579 491 1634 de
518 1579 881 1635 contessione.
921 1583 982 1635 Et
1012 1579 1268 1636 omnibus
1290 1582 1436 1633 horis
1469 1581 1737 1635 canonicis

124 1650 407 1716 intersit,
436 1659 492 1704 et
519 1652 765 1705 omnibus
793 1651 1059 1721 capitulis,
1110 1652 1302 1721 quibus
1340 1652 1600 1721 intererit,
1645 1667 1736 1717 per

128 1735 371 1773 annum
396 1720 734 1787 verberetur;
766 1732 820 1776 et
853 1720 1142 1777 monachus
1170 1721 1514 1789 quadraginta
1554 1720 1739 1776 diebus

128 1790 467 1882 vapulet‘in
503 1791 1156 1882 capituloinooachorum:
1189 1790 1253 1845 Et
1274 1791 1317 1844 si
1341 1793 1533 1882 lurtom
1557 1807 1740 1848 exces-
1770 1824 1812 1882 Β

132 1862 307 1915 serit
334 1862 567 1915 valorem
590 1863 769 1931 viginti
800 1864 1110 1927 solidorum,
1134 1872 1237 1918 tam
1270 1864 1559 1915 monachus
1580 1878 1735 1931 quam

132 1946 491 2003 conversus,
542 1932 717 1986 ablato
743 1935 809 1988 .ei
859 1934 1061 1997 habitu,
1110 1934 1174 1986 ad
1212 1943 1418 2003 portam
1447 1932 1738 1999 emittatur.

139 2002 226 2057 Et
287 2005 340 2056 si
386 2017 671 2057 conversus
718 2003 875 2059 fueiit
902 2002 1259 2072 recipiendus,
1305 2021 1427 2057 non.
1460 2006 1743 2071 recipiatur

142 2072 275 2127 nisi
313 2074 365 2126 in
398 2072 731 2145 familiarem,
753 2077 816 2127 ita
851 2076 986 2143 quod
1008 2091 1308 2145 perannuin
1334 2075 1583 2142 grossiori
1606 2091 1741 2142 pane

138 2152 445 2209 vescatur,
472 2155 524 2197 et
552 2144 703 2197 lineis
733 2162 833 2198 non
858 2144 1053 2199 utatur.
1084 2146 1137 2201 Si
1172 2155 1345 2199 autem
1392 2147 1441 2198 io
1472 2145 1569 2198 hoc
1599 2155 1739 2200 statu

146 2215 374 2266 iterum
414 2215 738 2269 commiserit
768 2216 985 2279 furtum,
1028 2218 1114 2269 vel
1154 2219 1531 2283 incarceretur,
1562 2218 1643 2271 vel
1674 2218 1742 2273 de

148 2284 371 2337 ordine
391 2287 660 2356 emittatur
689 2289 916 2355 penitus.
948 2285 1234 2342 Monachus
1266 2302 1391 2340 vero
1431 2289 1473 2340 si
1519 2289 1741 2356 recipia-

150 2364 283 2415 tur,
317 2355 486 2417 culpae
513 2356 773 2425 gravioris
796 2358 851 2411 in
885 2357 1070 2425 primis
1105 2356 1464 2425 pmnitc-ntiain
1507 2367 1646 2423 agat,
1688 2368 1740 2412 et

148 2425 522 2481 nihilominus
580 2441 789 2493 pinnam
857 2430 1117 2482 monacho
1178 2432 1420 2496 superius
1488 2428 1739 2483 inllictam

154 2498 474 2568 sustinens,
525 2496 593 2551 ab
619 2497 794 2553 officio
843 2499 1029 2553 altaris
1074 2514 1169 2568 per
1215 2515 1409 2552 annum
1454 2498 1735 2563 abstineat,

157 2567 309 2621 licet
333 2568 524 2639 furtum
555 2569 635 2623 vel
665 2571 957 2637 proprietas
982 2567 1343 2624 committatur
1371 2570 1421 2621 iu
1452 2585 1507 2623 re
1553 2585 1735 2639 parva,

158 2639 257 2711 vel
296 2636 442 2711 Avili.
502 2639 576 2711 De
658 2636 809 2708 pretia
872 2651 1049 2695 tamen
1104 2640 1446 2711 temperanda
1516 2636 1613 2711 pro
1681 2656 1739 2694 re

158 2708 398 2762 minima
445 2710 546 2763 erit
599 2712 648 2764 in
696 2712 1015 2766 discretione
1065 2710 1290 2765 abbatis.
1342 2728 1359 2761 ι
1425 2711 1487 2763 Et
1518 2708 1639 2764 'alio
1686 2712 1737 2764 in

158 2777 302 2852 loco
352 2779 526 2852 (οὺς.
571 2781 643 2843 6,
688 2798 801 2851 cap.
853 2783 926 2850 5)
975 2800 988 2834 :
1049 2800 1066 2832 σ
1128 2781 1740 2852 Prupi'ietariisingulis

161 2851 338 2921 annis
387 2851 438 2903 in
487 2850 665 2905 Bamis
705 2850 1090 2921 palmariim....
1134 2852 1201 2906 ab
1247 2866 1349 2917 eo,
1408 2851 1498 2921 qui
1547 2850 1741 2921 praeest

161 2918 345 2989 433
370 2921 634 2987 capitulo,
665 2918 784 2975 cum
809 2923 942 2975 stola
963 2962 978 2985 ,
1024 2931 1079 2975 et
1123 2922 1342 2976 candela
1381 2918 1603 2976 accensa
1624 2962 1638 2985 ,
1682 2934 1737 2976 et

162 2990 371 3043 baculo
418 2990 688 3059 pastorali,
737 2994 783 3045 si
824 2992 990 3045 abbas
1042 2992 1238 3056 fuerit,
1291 2992 1603 3046 auctoritate
1642 2992 1735 3047 Dei

162 3059 561 3128 omnipotentis
600 3060 775 3117 Patris
795 3106 809 3123 ,
841 3071 893 3117 et
924 3061 1076 3125 Filii,
1110 3072 1163 3116 et
1190 3062 1421 3130 Spiritus
1450 3064 1651 3120 sancti.
1683 3071 1739 3115 et

167 3132 237 3185 Β.
285 3131 465 3185 Mariae
489 3174 504 3197 ,
538 3143 591 3187 et
638 3136 871 3187 omnium
925 3134 1021 3187 SS.
1053 3134 1594 3203 excommunicentur.
1628 3150 1647 3183 ι
1680 3133 1734 3186 ln

163 3203 413 3273 antiquis
427 3221 553 3258 vero
580 3204 980 3258 Delinitionibus
1002 3204 1240 3273 ejusdem
1264 3203 1465 3257 ordinis
1484 3204 1554 3257 ita
1570 3204 1732 3258 habe-

166 3281 261 3344 tur
282 3272 442 3343 (θέει.
463 3276 515 3340 7,
533 3277 681 3343 c.ti):
708 3294 726 3326 ι
757 3272 1127 3343 Proprietarii,
1152 3289 1307 3344 quos,
1330 3276 1443 3337 ipso
1464 3272 1598 3328 factu
1628 3289 1733 3343 quo

165 3342 479 3411 liujusmndi
494 3342 805 3399 criminibus
817 3342 1478 3414 implicantur,capitulum
1491 3342 1737 3413 generale

163 3417 419 3468 decc-ruit
439 3416 488 3468 in
511 3416 1077 3471 excommunicationis
1094 3418 1332 3483 laqueum
1351 3417 1617 3478 incidisse,
1635 3418 1751 3469 sin~

165 3484 487 3555 gulisannis
520 3486 570 3538 in
602 3486 779 3540 Ramis
810 3489 1100 3553 palmarum
1143 3495 1258 3555 post
1279 3487 1510 3539 habitum
1534 3501 1737 3542 sermo-

168 3568 300 3608 nem
323 3554 374 3607 in
401 3557 649 3625 omnibus
672 3557 911 3625 i‘apitulis
932 3554 1152 3621 ordinis,
1168 3557 1235 3610 ab
1250 3571 1315 3611 eo
1326 3557 1415 3626 qui
1439 3567 1629 3624 praiest
1648 3573 1737 3610 ca-

167 3626 370 3698 pitulo,
396 3642 513 3681 cum
532 3626 688 3698 stola,
712 3627 928 3683 candela
951 3641 1171 3680 accensa
1188 3635 1241 3680 et
1257 3626 1444 3698 baculo
1460 3627 1732 3698 pastorali,

167 3697 401 3771 siabbas
423 3696 930 3771 fiierit,_auctoritate
957 3698 1046 3753 Dei
1070 3697 1448 3771 omnipotentis
1462 3696 1654 3771 Patris,
1681 3707 1736 3752 et

169 3764 335 3837 Filii,
375 3780 426 3821 et
471 3768 700 3837 Spiritus
738 3771 939 3832 sancti,
975 3781 1029 3825 et
1069 3772 1127 3823 Β.
1162 3764 1371 3836 Mariae,
1402 3775 1460 3825 et
1498 3770 1731 3821 omnium

170 3834 273 3893 SS.
306 3848 360 3894 et
390 3834 546 3895 totius
576 3840 777 3897 ordinis
802 3842 1241 3897 exeoimnunicati
1270 3834 1672 3897 denuntientur.
1707 3857 1726 3896 i

173 3908 275 3983 llis
314 3912 451 3968 adde
488 3920 741 3983 statutum
800 3914 1016 3981 capituli
1074 3914 1334 3983 generalis
1371 3910 1517 3966 anni‘
1554 3912 1728 3966 ητις

178 4001 197 4033 ι
234 3980 540 4040 Conversus
560 3985 648 4053 qui
672 3985 848 4039 subito
868 3980 1144 4039 defunctus
1167 3985 1409 4037 inventus
1430 3994 1512 4037 est
1537 3983 1730 4039 habere

170 4057 407 4124 quinque
427 4055 675 4110 denarios
693 4099 707 4119 ,
734 4064 786 4110 et
809 4072 914 4110 non
936 4058 1033 4111 fuit
1054 4057 1331 4111 confessus
1346 4095 1362 4120 ,
1381 4055 1489 4109 imo
1513 4058 1563 4109 in
1580 4070 1729 4109 sacra

169 4126 511 4196 solemnitate
540 4126 835 4181 Nativitatis
864 4128 1143 4182 dominica:
1172 4129 1395 4182 accessit
1423 4127 1487 4180 ad
1526 4141 1729 4180 sacram

173 4196 609 4251 communiumin
638 4242 653 4266 ,
714 4214 817 4251 non
870 4199 1005 4253 facta
1052 4200 1419 4266 confessione,
1463 4212 1732 4256 remaneat

174 4274 333 4338 prout
360 4268 441 4319 est
478 4274 624 4322 extra
656 4269 1017 4324 ((Blllelel'ium
1050 4274 1360 4324 tumulatus.
1401 4291 1419 4322 ι
1456 4270 1570 4324 Non
1602 4288 1729 4338 pos-

172 4335 276 4388 sim
306 4335 391 4391 hic
423 4341 693 4405 praiterire
717 4341 908 4393 factum
943 4342 1001 4395 S.
1033 4340 1323 4405 Stephani,
1354 4343 1561 4394 abbatis
1587 4335 1728 4395 Oba-

174 4358 276 4388 suu
306 4358 391 4391 mc
423 4358 693 4405 prwierire
717 4358 908 4393 iactum
943 4358 1001 4395 δ.
1033 4358 1126 4395 ate
1169 4358 1289 4394 uani
1310 4382 1323 4402 ,
1354 4358 1561 4394 auuaiis
1587 4358 1728 4395 una-

174 4407 431 4480 ziiiensis,
452 4409 671 4480 ordinis
697 4409 1065 4464 Cisnercieusis
1096 4358 1266 4480 (gum.
1300 4410 1388 4474 IV,
1414 4410 1611 4465 Miscet.
1631 4411 1731 4466 Ba-

176 4477 345 4550 tiam),
380 4477 529 4550 cujus
576 4495 696 4533 cuin
750 4482 934 4535 Petrus
982 4477 1126 4549 prior
1173 4482 1378 4550 aliquos
1419 4482 1618 4534 solidos
1664 4499 1725 4537 ex

172 4546 511 4620 simplicitate
550 4554 725 4617 potius
763 4567 919 4620 quam
957 4546 1024 4607 ex
1054 4546 1342 4619 cupiditate
1369 4555 1725 4608 occultasset:

1836 523 2025 576 minica
2048 522 2231 594 [lamis
2262 522 2552 594 palmarum
2578 536 2769 594 Omnes
2792 533 2894 576 tant
2944 525 3184 579 monachi
3217 541 3373 594 quain

1834 593 2077 646 conversi
2108 602 2163 647 et
2204 593 2393 647 redditi
2425 594 2738 647 conveniant
2759 593 2811 645 in
2834 594 3062 661 capitulo
3089 593 3371 651 monacho-

1834 678 1947 716 rum
1976 705 1991 725 ,
2040 662 2250 729 ibique,
2298 678 2401 715 non
2431 664 2700 730 przemisso
2739 664 2841 717 alio
2880 680 3152 731 sermone,
3186 675 3375 721 tracte-

1835 744 1919 787 tur
1942 733 2007 787 de
2033 734 2498 788 consuetudinibus
2518 732 2737 794 ordinis,
2765 743 2818 787 ct
2844 736 3327 790 excomniunicetur
3345 753 3373 789 a

1835 804 2042 872 priore,
2068 812 2122 857 et
2145 818 2174 856 a
2196 805 2417 872 singulis
2435 804 2794 856 sacerdotibus
2822 806 2992 857 omnis
3016 816 3116 863 tam
3143 822 3378 873 praesens

1836 888 1991 943 quain
2019 874 2246 936 absens,
2280 876 2368 940 qui
2407 873 2703 927 occultandi
2745 878 2922 929 animo
2963 877 3237 930 retinuerit
3275 878 3375 931 ali-

1837 943 1959 1009 quid
1989 944 2126 997 ultra
2151 943 2226 1012 (α)
2249 944 2526 997 duodecim
2550 944 2798 998 denarios
2825 946 3024 1008 valens,
3048 948 3215 1000 donec
3243 947 3371 1000 illud

1837 1015 2077 1069 ostendat
2129 1026 2182 1067 et
2221 1016 2678 1085 exponat‘priori.
2723 1015 2812 1069 Vel
2854 1018 2909 1068 si
2938 1018 3056 1085 quid
3104 1032 3133 1069 a
3184 1027 3373 1084 przete-

1839 1087 1939 1139 rito
1968 1085 2052 1140 die
2081 1084 2257 1139 [lamis
2280 1086 2566 1153 palmarum
2601 1084 2716 1140 sine
2745 1084 2967 1141 licentia
2980 1086 3254 1153 donando,
3278 1102 3373 1144 seu

1838 1157 1995 1211 aliter
2040 1156 2375 1219 alienaverit,
2432 1158 2512 1211 vel
2564 1159 2722 1211 etiam
2772 1158 3191 1213 commodaverit
3240 1160 3374 1214 ultra

1838 1241 2096 1299 summam
2147 1227 2484 1299 praedictam,
2527 1226 2696 1282 donec
2723 1228 3033 1283 conﬁteatur
3055 1231 3254 1299 priori,
3298 1233 3375 1283 in-

1838 1298 1984 1351 dulto
2042 1307 2241 1350 tantum
2294 1298 2462 1364 spatio
2519 1300 2866 1365 praesentibus
2915 1300 2979 1352 ad
3020 1301 3374 1354 conﬁtendum

1841 1382 2007 1436 usque
2032 1369 2096 1421 ad
2126 1367 2263 1422 diem
2306 1384 2472 1421 emine
2492 1410 2507 1429 ,
2534 1379 2586 1423 et
2628 1372 2933 1422 absentibus
2960 1385 3123 1437 usque.
3144 1372 3209 1423 ad
3231 1381 3399 1425 ocior

1838 1453 1956 1510 vain
1983 1438 2122 1492 diem
2176 1439 2597 1510 reversionisiad
2649 1438 2834 1510 domos
2878 1456 3017 1494 suas.
3070 1440 3377 1510 Quicunque

1842 1509 2021 1577 itaque
2046 1509 2245 1563 exinde
2269 1509 2542 1563 retinuerit
2566 1549 2582 1573 ,
2622 1520 2705 1561 aut
2745 1509 2812 1563 de
2839 1509 3045 1564 donatis
3063 1552 3078 1575 ,
3108 1508 3370 1575 alienatis,

1840 1580 1952 1633 sive
1998 1580 2411 1634 accommodatis
2459 1581 2593 1632 ultra
2630 1580 2861 1633 valorem
2902 1583 3055 1633 triiiui
3086 1583 3372 1635 solidorum

1841 1649 2056 1720 domum
2083 1650 2379 1720 gravaverit
2411 1688 2426 1711 ,
2457 1664 2551 1704 uec
2573 1649 2763 1715 fuerit,
2808 1659 2863 1704 ut
2891 1650 3085 1705 dictum
3107 1661 3221 1715 est,
3249 1666 3376 1707 con-

1842 1719 2013 1790 fessus
2033 1762 2047 1785 ,
2091 1719 2345 1789 tanquam
2381 1720 2449 1775 de
2469 1721 2984 1790 propriojudiceiur,
3015 1724 3061 1775 si
3108 1723 3376 1777 convictus

1844 1789 2022 1853 fuerit,
2044 1800 2098 1846 et
2116 1790 2182 1844 de
2204 1791 2391 1845 ordine
2417 1789 2729 1859 expellatur.
2753 1792 2808 1846 Si
2840 1808 2962 1846 vero
2993 1793 3127 1846 infra
3157 1794 3377 1862 praedic-

1844 1870 1946 1913 tam
1994 1875 2253 1915 Summam
2289 1862 2587 1929 deliquerit,
2624 1863 2810 1927 prioris
2855 1863 3073 1917 arbitrio
3098 1868 3363 1932 puniatur.

1844 1933 2151 2001 Quicunque
2180 1948 2328 1987 seras
2376 1933 2731 1987 clandestinos
2782 1934 3053 1993 habuerit.
3112 1936 3181 1987 sit
3223 1943 3377 1989 extra

1843 2007 2061 2066 eellam,
2088 2011 2142 2056 et
2169 2015 2323 2057 extra
2352 2012 2692 2057 conventum.
2730 2022 2749 2054 ι
2781 2004 2985 2058 Statuta
3015 2004 3379 2059 reformatoria

1842 2075 2088 2147 abbatum
2113 2072 2181 2147 de
2202 2073 2555 2145 Samnbyaco,
2578 2084 2628 2129 et
2649 2074 2714 2128 de
2728 2074 2971 2147 iilaceriis
2991 2073 3154 2147 434
3167 2075 3378 2147 ordinis

1841 2144 2233 2211 Cisterciensis,
2273 2154 2326 2197 et
2364 2144 2596 2211 priorum
2632 2156 2701 2198 ae
2724 2146 2933 2214 Ligeto,
2958 2144 3099 2200 et'de
3119 2146 3379 2202 Gladeriis

1841 2214 2480 2287 Carthusiensisordinis,
2514 2218 2822 2271 auctoritate
2853 2217 3089 2285 Gregorii
3117 2232 3265 2287 papa.
3297 2215 3378 2279 Χ.

1843 2301 1939 2353 pro
1993 2286 2179 2340 ordine
2223 2285 2722 2357 Grandimontensi,
2766 2289 2899 2341 lianc
2927 2290 2976 2340 iu
3005 2285 3383 2357 proprietates

1844 2371 2051 2426 pennam
2100 2357 2392 2410 decernunt
2437 2355 2587 2426 (Cap.
2618 2358 2677 2424 4)
2711 2374 2725 2409 :
2762 2378 2780 2409 ι
2816 2355 3112 2413 Statuimus
3135 2365 3194 2412 ut
3236 2373 3381 2413 omni

1840 2442 1981 2477 anno
2008 2425 2278 2480 Dominica
2322 2427 2375 2480 in
2428 2425 2605 2483 [lamis
2647 2428 2933 2495 palmarum
2955 2430 3116 2483 abbas
3139 2473 3153 2493 ,
3188 2430 3377 2491 inlom

1843 2498 1927 2549 ubi
1953 2496 2143 2563 fuerit,
2189 2506 2243 2550 et
2280 2498 2501 2565 quilibet
2539 2500 2680 2565 prior
2723 2500 3114 2561 conventualis,
3147 2502 3199 2551 in
3250 2500 3381 2555 celia

1842 2567 1928 2619 ubi
1976 2568 2239 2635 prtesiilet,
2270 2569 2687 2621 excommunicet
2716 2569 2767 2621 in
2792 2569 3018 2636 capitulo
3042 2583 3227 2622 omnes
3257 2583 3381 2634 pro-

1843 2638 2153 2706 prietarios,
2186 2636 2338 2691 stolis
2379 2637 2444 2691 ad
2476 2640 2665 2691 collum
2716 2640 3003 2707 appositis,
3034 2650 3089 2691 et
3110 2639 3383 2693 exstinctis

1839 2708 2112 2773 candelis,
2159 2718 2214 2763 et
2248 2708 2294 2762 si
2339 2708 2558 2777 quisoin
2587 2708 2691 2763 line
2734 2709 3110 2777 proprietarius
3137 2714 3383 2763 inventus

1840 2780 2031 2843 fuerit,
2083 2779 2136 2833 in
2181 2779 2514 2848 sterquilinio
2550 2781 2897 2835 subterretur.
2936 2798 2956 2831 ι
3012 2784 3215 2834 Statuta
3254 2797 3384 2835 vero

1840 2850 2219 2905 monachorum
2251 2849 2712 2905 Benedictinorum
2753 2852 3035 2920 provincia:
3078 2852 3385 2905 Narbonen-

1838 2922 1941 2979 sis,
1971 2936 2108 2974 anno
2138 2920 2281 2991 12ἳρ
2308 2937 2337 2975 a
2386 2922 2638 2990 Gregorio
2666 2920 2736 2975 IX
2758 2922 3051 2991 (approbata
3089 2922 3159 2975 ita
3193 2922 3386 2974 habent

1842 2990 2056 3060 (Spccit.
2086 3001 2207 3044 tom.
2238 2990 2328 3060 Vl)
2358 3010 2370 3043 :
2401 3010 2420 3043 ι
2454 2991 2510 3046 Si
2539 3003 2711 3047 autem
2740 2990 2968 3047 monitus
2995 2994 3220 3046 retinere
3237 3006 3388 3059 pra:-

1836 3061 2121 3126 sumpserit
2163 3060 2360 3129 aliquid
2381 3103 2396 3125 ,
2442 3077 2472 3114 a
2512 3062 2669 3116 domo
2692 3064 2899 3130 prepria
2926 3065 3128 3129 penitus
3147 3063 3384 3128 expella-

1839 3143 1940 3195 tur,
1974 3142 2028 3185 et
2056 3132 2107 3183 in
2131 3130 2237 3184 alio
2265 3133 2588 3186 monasterio
2617 3133 2935 3195 retrudatur,
2966 3148 3063 3188 nec
3090 3133 3264 3201 aliqua
3294 3148 3381 3185 ra-

1839 3203 1983 3255 tione
2014 3204 2063 3255 iii
2093 3202 2304 3271 proprio
2331 3203 2651 3255 monasterio
2676 3205 2956 3270 recipiatur
2985 3218 3151 3272 usque
3193 3203 3257 3255 ad
3285 3219 3384 3255 iiu-

1842 3283 1953 3325 tum
1995 3272 2208 3339 capituli
2240 3272 2522 3340 generalis.
2567 3274 2717 3339 Apud
2746 3289 2899 3338 quem
2942 3288 3066 3326 vero
3096 3274 3385 3341 proprietas

1844 3344 1893 3395 in
1918 3353 2091 3397 morte
2117 3345 2324 3397 inventa
2371 3343 2545 3407 fuerit,
2586 3345 2639 3397 in
2668 3346 2872 3412 signum
2922 3358 3030 3398 sua:
3077 3344 3385 3412 proditionis

1841 3417 1892 3465 iu
1946 3414 2281 3482 sterquilinio
2327 3414 2675 3469 subterrctur.
2717 3436 2733 3467 ι
2779 3416 2982 3469 Statuta
3025 3418 3385 3469 rel’oruiatoria

1839 3484 2119 3550 Nigrorum
2158 3486 2539 3539 monachorum
2571 3485 2637 3539 ab
2662 3486 2867 3549 Othone
2890 3487 3058 3553 legato
3081 3502 3220 3540 anno
3251 3485 3385 3539 H58

1841 3556 2166 3626 promulgata
2202 3555 2376 3624 (Apud
2408 3556 2592 3612 Matth.
2629 3555 2795 3610 Paris.
2820 3559 2874 3610 in
2907 3558 3103 3626 11531.):
3139 3575 3157 3608 ι
3189 3557 3385 3610 Statui-

1839 3642 1954 3679 inus
1994 3628 2133 3692 quod
2174 3629 2415 3695 praelati,
2465 3630 2545 3682 vel
2585 3628 2771 3682 saltem
2826 3631 2877 3681 in
2916 3646 3055 3682 anno
3094 3628 3297 3695 publice
3335 3628 3387 3681 in

1836 3706 2101 3767 conventu
2141 3695 2195 3750 in
2217 3713 2402 3753 omnes
2428 3704 2803 3767 pr0prieiarios
2824 3699 3389 3753 excommunicationis

1836 3766 2010 3818 ferant
2030 3768 2351 3821 sententiam
2377 3786 2391 3832 ;
2421 3766 2554 3822 alias
2576 3784 2695 3833 eos,
2721 3772 2766 3823 si
2789 3783 2892 3822 non
2916 3770 3264 3837 resipuerint,
3293 3785 3389 3835 pu-

1836 3850 2072 3902 nientes,
2102 3839 2331 3892 maxime
2371 3855 2461 3904 per
2502 3841 2838 3908 ignominiam
2875 3842 3178 3907 sepulturae.
3211 3857 3230 3890 ι
3263 3840 3381 3894 Alia

1833 3922 2028 3966 Statuta
2088 3924 2230 3968 anno
2287 3916 2529 3979 sequenti
2589 3912 2639 3962 in
2698 3910 2925 3978 capitulo
2969 3911 3200 3979 generali
3242 3908 3384 3963 edita

1833 3983 1925 4048 (In
1962 3984 2123 4036 addit.
2170 3980 2357 4056 Matth.
2389 3980 2556 4037 Paris.
2583 4025 2599 4048 ,
2629 3995 2751 4056 pag.
2773 3981 2902 4055 M9.)
2930 3998 2944 4034 :
2981 4000 3000 4033 ι
3039 3979 3382 4054 I‘roprietarii

1833 4064 1887 4108 et
1912 4067 2099 4108 omnes
2145 4057 2233 4124 qui
2262 4055 2382 4107 aliis
2411 4058 2541 4108 [also
2568 4055 2769 4111 crimen
2796 4057 3072 4125 imponunt
3096 4098 3111 4119 ,
3159 4056 3381 4122 singulis

1833 4126 2007 4188 annis,
2030 4125 2082 4177 in
2110 4129 2336 4179 secunda
2357 4127 2486 4179 feria
2510 4128 2689 4194 prima:
2717 4127 3056 4181 hebdomadas:
3077 4126 3382 4192 Quadraae-

1835 4199 2005 4261 simae,
2030 4195 2083 4249 in
2109 4196 2351 4265 capitulis
2380 4210 2407 4248 a
2435 4197 2546 4249 suis
2586 4199 2822 4265 praelatis
2835 4198 3267 4251 excommunicati
3292 4212 3387 4261 pu-

1837 4271 1974 4326 blice
2010 4268 2383 4327 deimmieotur
2420 4282 2541 4320 cum
2576 4267 2709 4321 stola
2749 4280 2800 4322 et
2838 4268 3025 4321 baculo
3053 4265 3325 4334 paStorali.
3360 4284 3380 4317 ι

1836 4345 2039 4395 Staium
2085 4347 2245 4398 etiam
2284 4344 2498 4411 capituli
2540 4338 2874 4411 provincialis
2910 4353 3047 4398 anno
3078 4337 3215 4389 i353
3254 4338 3383 4411 δυϊ-
3416 4400 3419 4403 .

1835 4416 2137 4480 tamptoniai
2186 4418 2471 4475 celebrati,
2531 4431 2647 4484 cap.
2705 4420 2759 4475 6,
2815 4416 3193 4484 proprietarios
3253 4417 3382 4472 feria

1834 4484 2069 4557 secunda
2118 4500 2232 4554 post
2278 4486 2599 4557 dominicam
2650 4488 2870 4554 primam
2917 4489 3381 4557 Quadragesiinze;
3456 4546 3459 4549 _

1835 4553 2235 4609 Bursfeldeuses
2286 4556 2413 4610 item
2461 4556 2590 4610 feria
2639 4553 2820 4624 quinta
2868 4560 2917 4610 in
2966 4553 3153 4614 Ctena'
3177 4559 3387 4613 Domini

178 4634 196 4666 ι
230 4614 336 4672 huc
364 4614 481 4672 cuin
508 4614 683 4676 abbati
714 4614 1044 4691 compertum
1072 4614 1213 4677 esset
1234 4668 1247 4688 ,
1283 4624 1334 4676 in
1361 4633 1561 4676 tantum
1585 4641 1729 4678 com-
1759 4634 1809 4693 ι)
1834 4628 2280 4680 excouimunicari
2308 4630 2618 4680 decernunt.
2639 4614 3061 4684 Constitutiones
3090 4646 3217 4684 vero
3243 4632 3385 4684 Cono

173 4701 346 4761 inoius
376 4701 456 4743 est
482 4731 497 4752 ,
528 4700 584 4744 ut
611 4706 729 4746 eum
760 4695 826 4745 ab
870 4693 1047 4748 oIlicio
1074 4709 1168 4746 suo
1197 4695 1526 4761 deponeret,
1572 4705 1627 4748 et
1672 4696 1721 4748 iii

171 4759 397 4832 quadam
436 4761 570 4814 cella
611 4766 897 4818 reinotim-e
924 4766 1176 4832 habitare
1220 4759 1569 4832 praeciperet;
1633 4768 1719 4818 ubi

176 4844 265 4893 per
283 4830 487 4905 aliquos
507 4846 673 4905 annos
698 4835 748 4886 in
775 4830 939 4897 multa
960 4830 1242 4889 afﬂictione
1265 4830 1480 4905 degens,
1507 4835 1719 4890 tandem

172 4910 391 4974 vocante
426 4900 647 4955 Domino
669 4917 695 4955 a
738 4905 963 4974 terrenis
994 4905 1058 4957 ad
1089 4900 1359 4969 cmlestia,
1386 4919 1414 4956 a
1445 4904 1624 4959 labore
1654 4906 1718 4960 ad

172 4973 403 5039 requiem
424 5011 438 5035 ,
471 4986 500 5023 a
542 4974 964 5040 peregrinatione
994 4975 1057 5027 ad
1088 4977 1307 5040 patriam
1336 4975 1560 5029 feliciter
1587 4979 1719 5029 emi-

171 5042 371 5115 gravit._
391 5060 412 5094 ο
431 5042 565 5115 'llaac
580 5043 756 5115 quoad
783 5042 1166 5115 Cistercienscs
1185 5091 1202 5114 ,
1232 5061 1452 5115 quorum
1476 5047 1716 5113 antiquas

172 5109 509 5166 Definitioncs
538 5113 663 5166 dist.
688 5114 739 5175 7,
770 5128 890 5182 cap.
916 5114 971 5177 7,
1001 5109 1220 5169 videsis.

235 5185 458 5256 Antiqua
470 5181 924 5256 (jartbusieiisiiiin
942 5193 1133 5237 δεθιηιτι
1156 5188 1405 5250 adversus
1422 5186 1715 5256 proprieta-

167 5251 269 5325 rios
300 5258 370 5325 ita
398 5253 657 5325 deliniuit
684 5254 858 5323 (Part.
895 5271 951 5319 ii,
984 5272 1097 5324 ευρ.
1133 5260 1228 5317 22,
1319 5258 1395 5321 19)
1422 5251 1447 5310 ἐ
1478 5275 1496 5307 i
1522 5251 1716 5325 Singu-

171 5322 228 5371 lis
256 5322 406 5395 annis
434 5336 464 5373 a
487 5322 905 5395 Circumcisione
938 5322 1103 5394 usque
1128 5327 1190 5377 ad
1208 5322 1708 5395 Quinquagesimani

170 5392 482 5465 conveniet
512 5392 698 5446 redditi
729 5415 739 5446 :
785 5392 1032 5450 monachi
1060 5412 1186 5448 vero
1209 5411 1235 5446 a
1263 5392 1707 5465 Quinquagesima

171 5473 325 5532 usque
348 5463 416 5517 ad
450 5463 644 5532 ljauios
674 5468 968 5531 palmarum
1010 5468 1259 5535 quidquid
1310 5463 1709 5522 liabeiitosten-

323 5623 383 5676 In
414 5619 551 5673 novis
571 5619 791 5683 statutis,
815 5632 948 5688 part.
965 5637 1022 5685 tt,
1042 5623 1159 5685 c.5,
1184 5620 1403 5674 habetur
1424 5639 1437 5674 :
1457 5622 1603 5676 Ultra
1627 5640 1712 5675 va-

338 5704 490 5744 trium
518 5690 795 5745 solidorum
828 5689 1211 5746 Turonensium.
1233 5692 1368 5755 Quos
1392 5696 1476 5760 qui
1499 5696 1715 5748 retinue-

1832 4699 2153 4763 gregationis
2180 4698 2372 4752 montis
2390 4697 2583 4751 Oliveii
2605 4707 2838 4751 statuunt
2861 4698 3043 4766 (Parte
3060 4716 3075 4754 i
3091 4740 3105 4762 ,
3129 4716 3246 4767 cap.
3265 4702 3381 4767 55),

1833 4774 1888 4817 nt
1918 4783 1934 4814 ι
1973 4769 2303 4840 μνορτίοωίτιί
2322 4812 2335 4834 ,
2369 4780 2422 4820 et
2449 4767 2666 4820 abbates
2685 4808 2700 4830 ,
2730 4783 2791 4822 ac
2819 4774 3125 4840 superiores
3158 4785 3259 4823 non
3287 4787 3381 4836 pu-

1837 4840 2042 4892 iiieutes
2069 4839 2443 4906 proprietarios
2464 4879 2479 4901 ,
2511 4848 2756 4907 tanquam
2781 4839 3088 4895 elfracmres
3111 4846 3239 4904 voti,
3256 4855 3387 4907 prmo

1831 4916 1911 4959 ter
1946 4907 2571 4973 excomiiiunicationem,
2601 4924 2631 4961 a
2669 4926 2771 4978 qua
2810 4927 2914 4965 non
2952 4912 3047 4966 nisi
3085 4912 3153 4965 ab
3189 4912 3379 4963 abbate

1826 4980 2056 5045 generali
2080 5022 2095 5040 ,
2137 4988 2191 5033 et
2236 4978 2289 5031 iii
2326 4979 2548 5031 articulo
2576 4986 2766 5035 mortis
2804 4983 2871 5036 ab
2897 4983 3002 5036 alio
3029 4980 3229 5033 absolvi
3258 4994 3380 5045 pos-

1826 5052 1968 5110 sint,
2019 5048 2361 5107 iiicurrantin
2394 5063 2601 5117 pinnam
2656 5054 2889 5105 carceris
2913 5052 3131 5105 arbitiio
3177 5050 3384 5102 abbatis

1824 5120 2116 5189 generalis,
2148 5127 2203 5189 et
2236 5117 2424 5187 jejunii
2454 5126 2503 5174 in
2544 5137 2679 5189 pane
2708 5131 2762 5175 et
2782 5138 2914 5189 aqua
2947 5136 3040 5189 per
3067 5135 3261 5171 annum
3296 5121 3382 5176 bis

1823 5205 1874 5241 ιιι
1918 5188 2243 5243 hebdomada
2271 5202 2453 5257 quarta
2491 5188 2555 5244 et
2571 5205 2718 5246 sexta
2755 5188 2917 5256 leria,
2948 5188 3017 5245 iet
3070 5190 3368 5243 iiibabilita-

1820 5260 1979 5312 tionis
2019 5275 2049 5312 a
2099 5273 2412 5327 quocunque
2462 5278 2675 5316 munere
2725 5277 2817 5325 per
2865 5276 2956 5314 sex
3006 5276 3206 5321 annos,
3259 5275 3378 5329 qua:

1820 5345 1987 5402 plena:
2018 5345 2069 5402 Aa
2116 5331 2326 5402 nemine
2371 5335 2561 5385 remitti
2611 5334 2830 5402 possint.
2885 5350 2901 5381 i
2954 5330 3371 5402 Constitutiones

1817 5399 2220 5453 leestiiiorum
2263 5399 2458 5465 (Τί-αα.
2491 5418 2542 5463 l,
2577 5399 2623 5455 εξ
2656 5402 2756 5459 21).
2789 5402 2814 5468 ᾗ
2858 5402 2977 5471 to):
3012 5401 3067 5455 Si
3105 5402 3220 5469 quis
3254 5417 3375 5467 pro-

1819 5472 2097 5537 prietarius
2130 5483 2369 5537 repertus
2420 5474 2601 5537 fuerit,
2657 5471 2905 5526 videlicet
2951 5473 2996 5528 si
3048 5471 3289 5526 ofﬁcialis
3318 5472 3372 5528 in

1822 5628 1924 5677 rint
1943 5628 2049 5690 ipso
2072 5629 2204 5693 facta
2224 5635 2636 5686 (IrommlllliCltlI
2665 5636 2713 5684 in
2752 5636 2923 5688 Ra'nis
2949 5639 3229 5701 pol-narum
3250 5640 3372 5695 tales

1824 5712 1876 5748 ιη
1898 5701 2120 5766 Capitula
2149 5701 2527 5755 deiiiuitientur.
