3918 6224
143 313 183 367 5
190 315 278 368 05

147 515 310 563 qna;
363 512 464 554 nec
488 500 656 574 solum
695 502 750 557 in
797 503 1157 574 aliquorverbo,
1186 503 1279 559 sed
1301 504 1356 557 in
1375 506 1544 572 aliqua
1571 503 1742 572 quali-

143 584 385 644 cunque
421 570 568 624 verba
593 613 608 636 ,
660 581 718 627 ut
753 570 1096 642 expr‘essione
1143 570 1516 640 prohibitionis
1576 570 1743 644 magis

146 639 517 714 intelligatur
537 639 887 714 trapsgressio
907 685 929 714 ,ν
955 654 1008 699 et
1041 639 1306 714 quantitas
1337 645 1486 698 mala:
1513 639 1745 702 mut-niu-

149 709 434 782 rationis.
457 709 590 782 Vide
611 709 794 779 Regul.
821 715 877 768 5.
903 709 1135 768 Ferreoli
1161 729 1278 782 cap.
1303 716 1357 767 7.

241 777 411 853 Quod
448 781 491 834 si
537 777 869 853 deprehensus
918 787 1068 853 fuerit
1109 777 1256 853 quis',
1306 784 1600 838 districtiori
1661 784 1744 835 di-

148 849 416 918 sciplina:
464 849 776 922 subdatur.]
834 849 1249 909 Districtiorem'
1284 855 1626 923 disciplinam
1661 853 1748 909 hic

1167 313 1436 373 necum
1477 289 1960 374 cumulatius.
2000 318 2150 373 CAP.
2196 316 2402 372 xxxv.

149 430 420 485 Attende
443 469 458 493 ,
490 444 594 503 non
625 430 752 503 dicit
780 441 980 487 tantum
1005 435 1057 486 in
1083 433 1250 498 verba,
1276 433 1368 488 sed
1399 433 1544 487 addit
1567 435 1620 487 in
1648 434 1744 486 ali-
1772 438 1820 494 Α
1851 433 2184 503 intelligunt,

3306 324 3404 376 585

2261 441 2352 486 aut
2412 431 2777 503 exaggerando
2831 432 3034 500 culpam
3104 434 3154 487 in
3208 437 3402 503 privata

1850 501 2199 574 siveip'ublica
2226 501 2580 574 correptione.
2606 513 2700 574 aut
2728 516 2832 574 uno
2865 501 3218 569 prmternnisso
3243 507 3406 574 gradu

1850 573 1915 626 ad
1946 573 2085 626 aliud
2118 571 2440 626 transeundo
2467 612 2480 633 ,
2510 573 2655 624 verbi
2685 572 2848 638 gratia
2881 585 3000 640 post
3033 571 3266 635 primam'
3289 590 3407 627 cor-

1850 643 2144 710 reptioncm
2169 653 2445 704 secretam,
2471 641 2817 708 prauennissa
2850 644 3103 706 secunda,
3134 655 3407 697 transeun-

1849 713 1918 767 do
1946 713 2008 765 ad
2037 712 2317 781 publicam.
2344 712 2419 764 lta
2437 724 2704 779 exponunt
2728 711 3080 774 llildemarus,
3104 715 3407 768 Bernartius

1850 782 2182 839 Cassinensis
2228 791 2282 836 et
2309 781 2586 836 Bolierius.
2637 781 2713 836 De
2757 795 3194 836 murmurantium
3251 799 3404 852 paena

1851 855 2078 908 diximus
2107 853 2254 907 alibi.

219 1075 227 1082 ·
627 1032 629 1034 ’
1348 1020 1354 1025 ’
1396 1063 1742 1148 ΟΑΡΠἿ

1854 1064 2239 1147 XXXV.

1361 1180 1444 1239 De
1471 1180 1924 1256 septimanariis
1951 1180 2242 1270 coqu‘intr.

250 1293 478 1350 Fratres
500 1296 599 1350 sibi
647 1297 873 1353 invicem
898 1282 1134 1354 serviant
1163 1307 1220 1355 ut
1259 1300 1434 1354 nullus
1459 1311 1745 1355 excusetur

154 1401 188 1438 a
216 1388 476 1455 coquinae
495 1386 692 1453 officio,
727 1387 823 1443 nisi
851 1397 944 1443 aut
961 1391 1270 1460 mgritudine
1287 1399 1311 1428 ⁸
1332 1432 1346 1456 ,
1367 1401 1455 1445 aut
1471 1391 1524 1445 in
1543 1406 1700 1444 causa
1719 1391 1745 1428 δ

157 1478 400 1548 gravis!
436 1479 674 1538 utilitatis
719 1480 807 1548 qui
863 1493 1151 1550 occupatus
1179 1481 1372 1538 fuerit:
1399 1485 1520 1550 quia
1556 1485 1747 1541 exinde

165 1567 362 1636 major
392 1582 598 1622 meices
636 1579 691 1622 et
722 1569 953 1625 charitas
975 1569 1002 1607 ά
1031 1573 1338 1642 acquiritur.
1390 1572 1748 1627 lmbecillibus

162 1661 750 1726 antem'procurentur
778 1659 992 1724 solatia,
1022 1668 1078 1713 ut
1103 1676 1208 1714 non
1238 1676 1357 1714 cum
1385 1661 1618 1742 .tristitia
1647 1661 1746 1716 hoc

166 1751 407 1817 iaciant,
429 1750 519 1805 sed
544 1749 772 1805 habeant
793 1765 978 1805 omnes
997 1752 1187 1806 Solatia
1213 1753 1500 1808 secundum
1532 1753 1743 1826 modum

167 1841 617 1910 congregationis
642 1849 732 1894 aut
755 1844 1068 1910 positionem
1093 1843 1213 1896 hci.
1237 1841 1294 1897 Si
1321 1843 1491 1912 major
1526 1855 1746 1913 congre-
1822 1865 1833 1876 ο

166 1933 336 2000 gatio‘
355 1932 534 1993 fuerit.
558 1933 864 1988 cellerarius
909 1929 1202 1988 excusetur
1232 1947 1260 1985 a
1317 1935 1566 2001 coquina,
1592 1935 1674 1986 vel
1702 1934 1744 1987 si

167 2019 297 2085 qui,
325 2029 385 2073 ut
412 2020 662 2088 diximus,
689 2020 984 2090 majoribus
1009 2020 1322 2076 utilitatibus
1350 2031 1673 2090 oecupantur
1697 2030 1742 2074 ε.

1854 1299 1978 1369 quid
2007 1299 2130 1352 dati
2166 1341 2181 1366 ,
2213 1311 2305 1354 aut
2355 1301 2482 1370 quid
2533 1299 2739 1368 recipit.
2794 1300 3161 1368 Septimanarii
3193 1315 3368 1360 autem
3390 1347 3405 1372 ,

1853 1403 1977 1446 ante
2009 1407 2167 1446 unam
2199 1392 2380 1446 horam
2411 1391 2732 1455 refectionis,
2769 1391 3032 1460 accipiant
3059 1407 3217 1461 super
3245 1403 3411 1448 statu-

1855 1493 1960 1535 tam
1990 1497 2273 1546 annonam,
2298 1482 2537 1552 singulos
2563 1483 2792 1547 biberes,
2823 1492 2875 1536 et
2906 1498 3091 1550 panem
3111 1481 3166 1548 ι,
3205 1493 3258 1536 ut
3280 1484 3408 1537 hora

1853 1575 2160 1630 refectionis
2199 1575 2314 1630 sine
2345 1559 2768 1630 murmuratione
2813 1585 2866 1630 et
2895 1578 3040 1644 gravi
3089 1575 3267 1630 labore
3297 1592 3411 1633 ser-

1854 1677 1998 1720 want
2021 1666 2268 1721 fratribus
2286 1669 2414 1722 suis.
2433 1668 2492 1722 ln
2515 1667 2700 1724 diebus
2715 1676 2889 1723 autem
2907 1668 3230 1723 solemnibus
3247 1683 3411 1737 usque

1849 1755 1913 1807 ad
1945 1757 2136 1810 missas
2169 1753 2184 1793 ι
2225 1751 2542 1812 sustineant.

1919 1845 2181 1900 lntrantes
2213 1855 2387 1900 autem
2418 1858 2472 1901 et
2495 1856 2756 1902 exeuntes
2793 1847 3187 1902 hebdomadarii
3213 1848 3263 1901 in
3294 1861 3412 1902 ora-

1848 1939 1986 1994 torio
2016 1955 2138 1993 mox
2169 1938 2446 1993 matutinis
2488 1939 2649 1993 finitis
2678 1939 2940 1993 dominica
2959 1938 3035 2003 ’³,
3063 1937 3294 1992 omnium
3323 1954 3411 2008 ge-

1853 2029 2005 2083 nibus
2027 2045 2060 2098 p
2091 2029 2427 2092 ovolvantur,
2459 2028 2786 2098 postulantes
2813 2042 2908 2095 pro
2938 2041 2996 2081 se
3018 2028 3219 2080 orari".
3245 2027 3411 2094 Egre-

169 2107 379 2163 Crteri
408 2110 509 2162 sibi
535 2110 633 2164 sub
655 2113 911 2165 charitate
934 2111 1158 2165 invicem
1189 2111 1441 2165 serviant.
1492 2111 1747 2179 Egressu-
1779 2126 1822 2185 Β
1850 2119 2000 2173 diens
2020 2128 2195 2174 autem
2219 2120 2285 2174 de
2305 2120 2602 2188 septimana
2625 2117 2766 2172 dicat
2796 2117 2933 2170 hunc
2961 2132 3172 2171 versum
3209 2133 3224 2171 :
3254 2115 3409 2170 Bene.-

174 2214 277 2254 rus
303 2200 373 2255 de
393 2200 708 2270 septimana,
731 2203 954 2256 sabbato
983 2203 1270 2257 munditias
1304 2204 1478 2258 faciat.
1505 2202 1688 2258 Lintea
1724 2202 1744 2241 τ

173 2309 308 2350 cum
337 2294 654 2363 quibussibi
705 2294 894 2350 fratres
939 2311 1124 2350 manus
1155 2305 1244 2351 aut
1273 2296 1432 2364 pedes
1457 2305 1707 2365 tergunts
1731 2336 1745 2357 ,

179 2387 352 2441 lavet.
385 2386 553 2441 Pedes
607 2402 732 2440 vero
764 2397 866 2440 tam
920 2389 1033 2456 ipse
1057 2389 1144 2456 qui
1168 2387 1435 2457 egreditur
1473 2401 1630 2455 quam
1661 2388 1750 2441 ille

177 2477 276 2546 qui
309 2476 601 2532 intraturus
624 2487 727 2546 est,
775 2479 1021 2532 omnibus
1077 2479 1273 2532 lavent.
1307 2477 1438 2532 Vasa
1464 2477 1744 2532 ministerii

177 2570 269 2624 sui
301 2571 496 2626 munda
526 2581 583 2638 et
605 2586 731 2624 sana
759 2571 1036 2626 cellerario
1067 2571 1403 2640 recnnsignet
1429 2567 1475 2624 ιι.
1509 2570 1608 2637 Qui
1635 2570 1745 2624 cel-

181 2663 416 2720 lerarins
459 2665 628 2718 item'l
678 2663 894 2718 intranti
933 2661 1096 2732 438
1141 2663 1453 2732 consignet,
1511 2672 1566 2716 ut
1619 2663 1748 2716 sciat

260 2789 286 2850 ἐ
317 2779 484 2850 Flora,
518 2780 785 2850 gegritudo.
819 2779 928 2846 AL,
959 2779 1206 2850 aegritudo
1232 2780 1321 2834 sit.

259 2848 287 2886 ³³
319 2849 484 2914 llild.,
519 2848 728 2916 Dunst.,
758 2866 932 2904 causa.

266 2929 289 2988 ξ
323 2921 428 2983 ΑΙ.,
461 2922 694 2988 grandis.

267 2985 294 3026 δ
323 2991 403 3042 Al.
435 2985 584 3044 d'eeSt
612 2999 659 3044 et
687 2991 926 3043 charitas.
961 3053 963 3056 ,

273 3067 302 3097 ⁸
321 3060 456 3114 llild.
481 3061 630 3114 deest
657 3060 734 3114 vel
753 3078 795 3113 st
820 3061 928 3128 qui,
955 3061 1010 3114 'ut
1050 3061 1271 3114 diximus
1301 3061 1579 3130 majoribus
1613 3062 1746 3114 utili-

183 3131 376 3193 tatibus
401 3139 724 3194 occupantur.

268 3198 286 3237 τ
322 3202 428 3269 AL,
461 3202 772 3254 linteamina.

271 3278 296 3342 β
321 3272 425 3335 AL,
458 3281 668 3342 tergent.
698 3271 808 3335 AL,
840 3271 1095 3325 terserim.

269 3337 298 3377 δ
319 3337 550 3408 (ltissim,
579 3346 854 3410 consignet.
917 3401 922 3404 _

274 3410 288 3448 ί
320 3412 430 3475 ΑΙ.,
455 3415 657 3465 iterum.

273 3485 288 3534 l
324 3483 434 3550 AL,
465 3493 583 3552 quot
613 3483 698 3542 dat
719 3491 766 3534 et
796 3490 914 3550 quot
939 3483 1138 3548 recipit.

1859 2211 2028 2264 dictus
2046 2227 2116 2276 es,
2133 2210 2348 2264 Domine
2365 2208 2524 2277 Deus,
2541 2211 2628 2280 qui
2649 2210 2885 2278 adjut-isti
2899 2217 2920 2243 ο
2941 2225 3036 2274 me,
3060 2219 3105 2261 et
3129 2208 3416 2262 consolatus

1853 2317 1904 2355 es
1926 2318 2022 2356 me.
2055 2301 2170 2369 Quo
2223 2301 2365 2357 dicto
2411 2301 2611 2366 tertio,
2665 2300 2890 2368 accipiat
2924 2310 2948 2348 ρ
2994 2298 3411 2354 benedicuonem

1855 2392 2152 2460 egrediens.
2187 2393 2552 2462 Subsequatur
2581 2390 2904 2460 ingrediens,
2960 2399 3014 2443 et
3039 2390 3214 2442 dicit:
3251 2388 3410 2450 Deus,

1854 2483 1908 2534 in
1927 2482 2239 2552 adjutorium
2261 2498 2424 2535 meum
2455 2484 2694 2546 intende;
2719 2481 2947 2544 Domine,
2979 2481 3046 2532 ad
3071 2480 3412 2548 adjuvandunt

1855 2589 1936 2627 me
1960 2574 2166 2639 festina.
2199 2572 2267 2628 Et
2317 2573 2414 2627 hoc
2448 2573 2586 2626 idem
2619 2573 2774 2626 tertio
2803 2584 2830 2621 (ι
2855 2579 3124 2639 repetatur
3148 2571 3214 2624 ab
3244 2569 3412 2643 omni-

1857 2667 1974 2720 bus.
2007 2667 2072 2720 Et
2097 2675 2310 2733 accepta
2330 2664 2721 2736 benedictione,
2759 2662 3102 2732 ingrediatur.

1922 2783 1944 2819 ¹ί
1974 2781 2170 2846 0son.,
2199 2779 2432 2852 singulas
2457 2777 2551 2834 sibi
2572 2778 2735 2831 bibere
2751 2772 2959 2847 eipane.
2982 2771 3409 2840 Cassin.,Conc.,

1858 2853 2028 2922 Flor.,
2057 2850 2296 2922 singulas
2309 2850 2496 2905 biberes
2524 2861 2569 2903 et
2593 2865 2796 2918 panem.

1931 2921 1946 2960 ¹
1982 2923 2088 2991 AL,
2113 2921 2181 2976 ad
2211 2922 2436 2975 missam.

1929 3002 1966 3028 ιιι
1981 2993 2090 3057 AL,
2112 2995 2194 3046 die
2212 2991 2482 3045 dominico.

1930 3069 1957 3097 η
1987 3061 2154 3126 Flor.,
2177 3077 2344 3116 orare.

1937 3139 1961 3166 ε’
1985 3131 2181 3198 Oxon.,
2205 3131 2418 3200 juvasli.
2516 3199 2520 3200 ί
2738 3198 2747 3200 ᾼ
3059 3195 3088 3200 __
3277 3192 3310 3200 _
3461 3191 3470 3198 .

1931 3211 1958 3250 ρ
1987 3200 2024 3253 F
2027 3192 2336 3266 aronJacci
2341 3203 2482 3268 piant
2503 3198 2896 3252 benedictionem
2918 3195 3242 3267 egredientes.
3270 3192 3407 3268 Con-

1771 3299 1778 3302 -
1856 3271 2029 3334 cord.,
2062 3263 2228 3334 Flor.,
2255 3263 2484 3334 (ltissim,
2525 3269 2705 3324 Sancti
2725 3268 2907 3323 Germ.
2932 3263 3058 3333 ὡς»,
3102 3275 3306 3331 accepta
3327 3263 3405 3314 lie-

1805 3379 1818 3384 —
1858 3344 2136 3396 uedictione
2159 3341 2437 3412 egrediens.
2471 3358 2474 3364 ‘

1926 3423 1953 3462 «ι
1978 3414 2089 3478 AL,
2119 3411 2265 3465 tertio
2293 3411 2449 3464 dicto.

197 3569 2634 3599 —___.‘-\_______—___—_________________.
2656 3577 3407 3592 _—___—___...

1482 3640 2120 3702 COMMENTARIUS.

262 3756 471 3816 Fratres
501 3762 594 3816 sibi
620 3763 830 3816 invicem
859 3762 1118 3831 serviant.)
1143 3761 1370 3824 Fratres,
1395 3762 1561 3829 inquit
1590 3762 1642 3818 S.
1683 3760 1739 3816 P.
1775 3767 1819 3828 C
1853 3762 1981 3816 bunt
2009 3762 2216 3817 Staluta
2239 3761 2296 3816 S.
2327 3763 2578 3817 Adalardi
2612 3779 2626 3816 :
2664 3781 2682 3812 ‹
2718 3762 2790 3814 De
2814 3761 2962 3815 laicis
2990 3763 3099 3816 hazc
3121 3775 3202 3818 cst
3231 3781 3330 3819 una
3359 3781 3410 3824 et
3447 3789 3460 3799 -

199 3835 529 3896 ltenedicuis,
563 3850 666 3886 non
695 3834 978 3888 smculares
1019 3847 1109 3885 aut
1160 3833 1274 3886 laici
1311 3849 1323 3882 :
1353 3831 1570 3886 dedecet
1597 3834 1737 3887 enim

199 3903 487 3960 monachus
517 3905 809 3956 .humilitati
865 3904 1101 3956 addictos
1144 3918 1206 3956 ac
1247 3902 1566 3971 ptenitentiaa
1590 3945 1604 3967 ,
1639 3903 1741 3958 fre-

205 3976 380 4043 quenti
416 3973 728 4028 famulorum
758 3973 823 4026 ad
839 3973 936 4026 sibi
964 3973 1296 4027 serviendum
1323 3974 1739 4028 utiministerio:

202 4047 336 4098 unde
366 4044 652 4099 Fuldenses
677 4043 801 4095 olim
853 4043 1095 4096 monachi
1129 4056 1370 4110 porrecto
1396 4043 1461 4097 ad
1489 4043 1738 4098 Carolum

203 4117 439 4185 Magnum
483 4118 852 4185 imperatorem
881 4113 1060 4185 libello
1102 4114 1327 4185 supplici
1358 4114 1512 4167 enixe
1543 4117 1742 4182 flagita-

202 4182 403 4250 verunt,
437 4202 456 4235 ι
495 4182 691 4251 ιιιίὶρεδ
741 4182 1044 4235 monasucrii
1096 4184 1382 4237 ministeria
1430 4200 1523 4250 per
1551 4185 1743 4238 fiatres

202 4256 520 4318 ordinentur,
547 4254 597 4308 id
627 4264 708 4308 est
730 4253 1026 4320 pistrinum,
1053 4255 1255 4318 hortus,
1287 4253 1624 4321 hraciarium,
1654 4271 1744 4309 co-

203 4327 374 4388 quina,
405 4326 747 4393 agricultura,
778 4332 833 4393 et
856 4322 1388 4393 (zzelerarniinisteria,
1420 4327 1559 4377 sicut
1604 4325 1740 4392 apud

202 4391 501 4450 decessores
539 4404 746 4448 nostros
776 4392 986 4447 fuerunt
1014 4391 1171 4464 (Vide
1211 4393 1270 4464 δ.
1302 4393 1476 4464 Bonif.
1501 4391 1653 4462 epist.
1675 4397 1744 4447 ad

204 4465 411 4518 Zachar.
431 4465 638 4532 papam)
667 4482 680 4521 ;
712 4465 832 4533 quia
851 4463 1094 4516 devotius
1121 4477 1183 4518 ac
1201 4463 1409 4533 dignius
1433 4463 1526 4531 per
1555 4467 1743 4518 fratres

206 4551 352 4588 omne
372 4535 704 4589 exercebitur
729 4532 960 4588 officium
981 4549 1135 4602 quam
1179 4549 1271 4599 per
1299 4532 1486 4586 taicum
1513 4541 1604 4585 aut
1631 4549 1741 4587 ser-

203 4621 318 4658 vuut
339 4605 670 4658 malevolum.
693 4624 712 4656 ι
739 4606 886 4672 Quod
911 4604 984 4657 illi
1008 4605 1139 4658 adeo
1158 4605 1312 4658 enixe
1328 4605 1741 4671 postulaverant,

206 4677 254 4730 in
283 4674 1034 4742 univcrsisordinisnuntiastici
1058 4675 1393 4730 monasteriis
1421 4674 1555 4726 haud
1577 4677 1742 4727 multo

208 4754 317 4813 post
356 4745 627 4797 instituere
670 4747 843 4799 conati
892 4743 1016 4813 sunt
1063 4748 1282 4800 abbates
1329 4747 1427 4798 sub
1477 4743 1744 4799 Ludovico

212 4809 627 4898 l’ioAqnisgrani
666 4809 966 4898 ciingregtiti
998 4857 1013 4878 ,
1063 4818 1206 4870 edito
1261 4813 1627 4898 statuto(_Can.
1660 4815 1742 4883 4),

214 4905 232 4939 ι
265 4897 314 4940 nt
340 4903 387 4937 Ill
414 4884 658 4952 coquina,
682 4885 733 4936 in
766 4883 1012 4951 pistrino,
1042 4898 1094 4940 et
1137 4886 1342 4940 caeteris
1371 4883 1595 4938 officinis
1621 4901 1744 4953 pro-

211 4958 326 5025 priis
345 4966 629 5025 aperentur
658 4956 899 5008 manibus
931 4975 948 5006 ι
997 4955 1261 5010 monachi.
1296 4956 1360 5007 Et
1387 4965 1530 5009 certe
1559 4955 1603 5007 si
1629 4970 1744 5008 om-

213 5029 289 5080 nia
333 5025 633 5079 monaSterii
681 5025 919 5078 utensilia
966 5040 1027 5077 ac
1065 5026 1109 5078 si
1155 5025 1338 5079 altaris
1385 5039 1507 5078 vasa
1536 5035 1743 5078 sacrata

208 5096 566 5163 conspicienda
596 5105 734 5158 sunt,
784 5094 921 5148 haud
963 5097 1215 5162 profanis,
1264 5097 1356 5149 sed
1391 5111 1482 5163 per
1510 5096 1627 5148 vitae
1658 5111 1744 5150 re-

210 5165 392 5234 ligiosa;
417 5169 739 5234 propositum
788 5165 1126 5219 sanctilicatis
1151 5168 1393 5220 inanibus
1419 5167 1630 5220 tractari
1653 5167 1742 5220 de-

212 5232 340 5290 bent.
368 5232 558 5288 Procul
590 5249 722 5303 ergo
750 5251 933 5289 omnes
956 5236 1027 5288 illi
1051 5238 1366 5288 sisrvitoruin
1397 5237 1558 5306 A39
1593 5236 1746 5289 laico-

213 5321 315 5362 ruin
339 5318 540 5374 greges,
562 5319 694 5374 quos
710 5322 810 5359 non
835 5307 948 5361 sine
963 5306 1139 5372 aliquo
1162 5307 1321 5359 animi
1353 5314 1543 5360 rulime.
1563 5317 1743 5360 nostra

213 5384 352 5432 etate
380 5375 448 5446 in,
460 5374 720 5446 coenobiis
739 5380 1022 5442 cernimus,
1055 5377 1155 5429 heu
1183 5391 1340 5442 quam
1383 5380 1534 5446 longe
1570 5377 1735 5430 dista-

214 5461 317 5504 lltus
334 5447 396 5499 ab
419 5444 520 5498 illis
551 5448 893 5515 temporibus,
927 5449 1112 5515 quibus
1136 5461 1202 5499 ne
1228 5447 1440 5514 quidem
1475 5444 1657 5514 pedem
1683 5447 1735 5499 in

213 5517 468 5585 coquinain
491 5513 841 5577 inferre,duin
867 5513 970 5572 illic
987 5519 1174 5571 l'ratres
1199 5513 1564 5584 operarent’ur,
1591 5516 1738 5570 laicis

216 5588 409 5642 licebat:
440 5600 660 5653 quorum
714 5601 873 5653 opera
917 5588 962 5641 si
1003 5587 1127 5656 quid
1156 5597 1244 5639 aut
1272 5587 1621 5649 afferendum,
1649 5595 1740 5640 aut

214 5657 524 5714 referendum
544 5671 677 5722 opus
692 5667 854 5724 eSset,
879 5673 972 5726 per
997 5658 1278 5726 fenestram
1301 5657 1478 5723 allata,
1514 5657 1738 5712 redden-

219 5729 334 5784 davc
354 5726 778 5798 porrigebantur,
809 5729 883 5782 uti
908 5730 988 5785 his
1011 5725 1274 5798 expressis
1302 5727 1474 5786 verbis
1499 5726 1738 5798 μηδενί-

1763 5409 1819 5469 Ι)

1847 3833 2064 3887 definita
2077 3835 2359 3896 sententia,
2387 3843 2442 3884 ut
2464 3831 2694 3904 quandiu
2714 3832 2782 3882 ibi
2807 3844 2895 3883 aut
2914 3835 3257 3904 pulmentaria
3279 3853 3406 3904 pra.

1847 3914 2118 3970 parantur,
2133 3912 2223 3955 aut
2237 3915 2526 3967 przeparata
2543 3902 2936 3962 ministrantur;
2953 3903 3069 3953 sive
3083 3902 3292 3969 quando
3307 3908 3407 3956 ῐτςε.

1846 3981 1954 4026 tres
1977 3974 2122 4042 prius
2160 3972 2494 4038 generaliter,
2537 3975 2647 4025 sive
2672 3971 2880 4042 quando
2927 3973 3259 4037 postmodum
3290 3980 3407 4028 reli-

1845 4045 2079 4106 ciuntur,
2111 4043 2284 4097 nullus
2312 4042 2656 4110 ingrediatur.
2681 4041 2734 4094 Si
2763 4055 2887 4110 vero
2919 4043 3043 4094 talia
3074 4042 3266 4110 aliqua,
3318 4058 3406 4099 aut

1846 4115 1987 4183 prius
2018 4109 2400 4181 prmparanda,
2441 4122 2531 4166 aut
2578 4109 2910 4180 postmodum
2957 4109 3251 4164 mandanda
3275 4154 3288 4178 ,
3324 4118 3406 4171 vel

1844 4185 2074 4237 curanda
2098 4183 2312 4245 fuerint,
2341 4184 2631 4249 quzclaicis
2681 4183 2926 4252 deputata
2955 4185 3098 4252 sint;
3155 4183 3403 4252 fenestra,

1847 4265 1936 4307 aut
1961 4254 2290 4318 ostium,‘aut
2311 4254 2622 4305 locusextra
2648 4251 2925 4318 eoquinam
2958 4251 3076 4304 talis
3092 4251 3405 4308 constitutus

1846 4326 1933 4386 sit,
1965 4325 2049 4376 ubi
2091 4323 2280 4377 fratres
2303 4325 2389 4377 vel
2418 4323 2757 4392 praeparanda
2791 4321 3100 4388 suscipiam,
3147 4324 3227 4374 vel
3255 4340 3404 4392 ninn-

1847 4397 2018 4466 danda
2046 4394 2298 4457 referant,
2332 4394 2418 4446 ubi
2451 4409 2512 4447 ea
2547 4393 2622 4446 illi
2649 4394 2728 4466 vel
2761 4406 2994 4466 ponere,
3014 4394 3096 4444 vel
3123 4404 3292 4458 posua
3323 4411 3404 4449 re-

1847 4465 2025 4530 cipere
2057 4466 2282 4532 possint,
2314 4471 2562 4518 uttamen
2595 4465 2791 4518 nullam
2823 4463 3157 4534 occasionem
3187 4478 3282 4531 pro
3305 4481 3403 4534 qua

1846 4531 2125 4602 coquinam
2160 4535 2522 4600 ingrediantur
2553 4534 2800 4587 habeant.
2840 4550 2858 4584 ι
2886 4531 3083 4585 Eadem
3107 4535 3204 4586 sub
3235 4531 3402 4602 pinnis

1850 4605 2153 4657 saevissimis
2181 4605 2478 4671 disciplina.
2513 4605 2720 4664 vigebat
2764 4604 2900 4670 apud
2923 4603 3327 4670 Ci~tercicnses,
3352 4607 3401 4658 in

1848 4690 2070 4743 quorum
2100 4675 2330 4741 capitulo
2373 4676 2604 4740 generali
2652 4673 2780 4725 anni
2833 4674 2968 4726 “95
3019 4675 3287 4727 definitum
3320 4688 3401 4729 est

1849 4744 2045 4809 (hisrit.
2073 4743 2203 4800 Cist.
2233 4747 2356 4798 dist.
2388 4746 2440 4807 6,
2472 4759 2518 4796 c.
2547 4744 2654 4810 l3),
2683 4755 2739 4795 ut
2775 4761 2792 4793 ι
2828 4743 3112 4796 Saeculares
3157 4761 3260 4796 non
3287 4760 3398 4799 ser-

1849 4815 1991 4867 viant
2018 4815 2069 4868 in
2093 4817 2316 4884 coquina
2339 4824 2653 4876 conventus,
2672 4827 2771 4867 nec
2793 4813 3231 4866 ininlirmitoriis:
3261 4814 3397 4882 quoii

1847 4888 1889 4938 si
1919 4887 1968 4938 in
1999 4887 2156 4938 domo
2182 4887 2352 4952 aliqua
2413 4887 2606 4936 factum
2664 4885 2840 4943 fuerit.
2874 4885 3017 4949 prior
3039 4893 3092 4936 et
3119 4885 3395 4944 celleraiii,

1845 4957 2075 5024 quandiu
2120 4955 2309 5008 factum
2366 4952 2553 5020 fuerit,
2607 4953 2714 5006 sint
2743 4955 2793 5008 in
2826 4968 2960 5022 pane
2985 4963 3038 5007 et
3084 4968 3214 5020 aqua
3252 4956 3396 5009 onini

1845 5035 1991 5079 sexta
2021 5026 2166 5080 feria.
2191 5024 2368 5077 Abbas
2389 5038 2516 5077 vero
2546 5025 2590 5077 si
2625 5026 2723 5078 hoc
2751 5024 2956 5088 scierit,
2989 5033 3043 5078 et
3094 5037 3194 5074 non
3217 5037 3397 5075 emen-

1844 5097 2068 5159 daverit,
2115 5096 2322 5162 culpam
2355 5093 2490 5147 hanc
2521 5100 2569 5149 in
2621 5097 2852 5162 capitulo
2891 5092 3118 5163 generali
3153 5093 3396 5158 fateatur,

1843 5182 1940 5220 nec
1968 5166 2032 5219 ad
2065 5179 2298 5218 mensam
2325 5167 2529 5219 abbatis
2559 5166 2694 5218 infra
2721 5164 2981 5217 abbatiam
3008 5163 3199 5230 aliqu;s
3229 5177 3394 5216 saecu-

1842 5238 2029 5290 larium
2061 5236 2340 5300 ministret,
2373 5237 2473 5289 ni~i
2498 5236 2630 5289 forte
2659 5239 2709 5289 in
2739 5234 2962 5300 hospitio
2988 5232 3329 5285 coniedentis.
3369 5253 3388 5284 ι

1845 5307 1988 5360 llanc
2021 5317 2194 5358 tamen
2223 5307 2650 5359 ουηειὶιυιίοηνιη
2701 5315 2878 5368 p03tea
2911 5303 3220 5368 temperavit
3251 5305 3394 5371 capi-

1843 5380 2005 5429 tulum
2041 5377 2288 5445 generale
2318 5378 2440 5430 anni
2476 5378 2628 5440 1257,
2656 5383 2910 5432 Statuens.
2930 5392 2977 5445 Δε
3007 5382 3065 5445 ut
3095 5377 3146 5445 in
3174 5372 3396 5428 abbatiis

1845 5449 1896 5501 in
1921 5440 2111 5516 quibus
2127 5460 2229 5499 non
2252 5460 2430 5501 essent
2446 5451 2544 5500 nisi
2563 5458 2680 5498 octo
2702 5440 2966 5516 conversi,
2994 5443 3394 5516 admitterentur

1844 5517 1909 5570 ad
1941 5514 2240 5584 hujusmodi
2288 5517 2633 5571 miniSterium
2678 5514 2983 5568 swculares.
3016 5533 3036 5565 ι
3070 5514 3173 5566 Nec
3203 5515 3392 5569 minori

1845 5586 2098 5654 religione
2125 5600 2154 5636 a
2184 5586 2470 5653 refectorii,
2503 5588 2625 5639 dum
2670 5598 2866 5638 mensa:
2894 5593 3276 5646 Sternerentnr,
3307 5584 3392 5637 in-

1843 5671 2025 5724 gressu
2076 5657 2236 5710 laicos
2293 5659 2542 5711 arcebant
2559 5654 2955 5721 Cluniacenses,
2985 5668 3206 5724 quorum
3252 5655 3389 5724 aarti-

1845 5721 1961 5795 Qua:
2006 5728 2411 5783 consuetudines
2467 5728 2577 5782 haec
2633 5725 2811 5794 legunt
2862 5721 3124 5797 (Libfiu,
3169 5738 3216 5780 c.
3246 5721 3390 5797 31):
