3918 6224
72 5300 75 5313 Ι

72 5370 75 5383 Ι

72 5390 89 5587 1i-

76 5596 93 5647 ὗ

76 5658 83 5683 ,η
94 5660 95 5663 η

78 5690 89 5733 ἰ

123 343 284 402 569
1163 309 1425 410 necum
1466 351 1948 409 COMMENTATA.
1988 342 2137 407 CAP.
2178 351 2394 407 xxxv.
3299 356 3395 415 570

120 470 458 542 discordiae
475 486 656 535 causa,
688 470 931 529 videlicet
958 472 1100 542 quod
1130 475 1214 529 hic
1241 482 1606 539 excusaretur,
1625 472 1729 528 alio
1758 474 1809 534 Α
1834 471 1996 526 minui
2026 469 2413 542 auctoritatem,
2442 477 2533 522 aut
2575 467 2838 542 dedecere
2867 469 3199 542 dignitatem,
3252 476 3392 529 unite

126 541 475 596 laborante.
512 559 533 593 ι
978 541 988 542 ί
1369 582 1382 593 .

290 615 368 667 An
398 627 524 665 vero
554 613 689 667 inter
719 612 1017 680 huiusmodi
1056 615 1384 680 gravioribus
1412 614 1725 669 utilitatibus

124 692 468 750 occupatos
516 682 682 736 abbas
730 683 994 739 recenseri
1031 682 1242 746 debeat.
1285 685 1421 739 forte
1469 685 1727 738 dubitabit

129 750 414 821 aliquis:
445 760 499 806 at
542 753 672 806 mihi
717 755 887 806 nullus
934 753 1138 808 videtur
1164 753 1506 816 dubiiJocus,
1553 754 1596 809 si
1641 755 1723 809 vel

133 821 461 894 minimum
507 823 574 875 ad
605 823 663 879 8.
693 823 962 894 Benedicti
983 831 1215 894 mentem
1244 825 1579 878 attetﬂlatur:
1606 827 1724 894 quis

131 893 261 963 eni
277 910 325 942 III
345 893 395 946 in
419 893 740 947 monasterio
764 890 1097 963 gravioribus
1114 897 1289 949 causis
1317 890 1720 962 occppeturi'ilo,

132 962 280 1034 qui
329 977 507 1016 rerum
562 962 799 1017 omnium
850 978 1030 1016 curam
1087 966 1357 1034 suscepit?
1398 967 1461 1018 Et
1486 974 1629 1020 certe
1679 967 1722 1019 si

129 1032 489 1087 cellerarius
525 1034 653 1087 solis
696 1035 1075 1098 temporalibus
1100 1032 1259 1088 curis‘
1286 1036 1533 1090 detentus
1567 1050 1724 1090 excu-

136 1113 348 1166 setur,
379 1102 558 1173 quidni
589 1105 924 1158 excusabitur
945 1112 999 1158 et
1019 1104 1202 1168 abbas.
1241 1105 1494 1173 adequem
1516 1115 1569 1160 et
1599 1115 1725 1158 tem-

136 1174 439 1244 poralium
478 1186 562 1244 ret
614 1189 678 1244 sp
698 1175 924 1228 ritalinm
959 1174 1270 1228 'sollicitudo
1315 1176 1572 1244 respicit:
1616 1174 1721 1230 Sed

137 1242 322 1310 quod
348 1243 593 1297 suliticuit
629 1243 686 1298 S.
727 1246 804 1311 Α).
842 1244 1173 1309 Benedictus,
1214 1245 1337 1299 illud
1385 1242 1557 1300 claris
1595 1261 1724 1301 euu-

138 1311 477 1383 cloatisque
502 1314 678 1383 verbis
707 1315 965 1382 expressit
986 1314 1042 1369 S.
1070 1314 1330 1369 (Ia-sarius
1358 1317 1409 1368 in
1440 1314 1633 1381 Regula
1656 1320 1720 1369 ad

137 1382 443 1456 virgines,
486 1383 540 1437 in
592 1382 695 1450 qua
725 1386 801 1456 sic
832 1386 1061 1456 loquitur
1090 1383 1243 1456 (Cap.
1292 1385 1414 1455 12):
1459 1404 1478 1437 t
1500 1385 1552 1439 In
1581 1389 1721 1456 omni

143 1453 488 1507 ministerio
526 1455 812 1521 corporali,
846 1465 951 1507 tam
1003 1455 1055 1508 in
1088 1453 1339 1523 coquina,
1363 1453 1450 1509 vel
1473 1455 1721 1524 quidquid

149 1524 527 1595 qu_otidianus
554 1526 723 1592 ergit
744 1540 889 1588 usus,
923 1524 1122 1595 vicibus
1147 1527 1267 1595 sibi.
1299 1538 1515 1595 excepta
1539 1536 1721 1587 matre,

141 1593 261 1647 fel
295 1594 599 1663 praeposita,
630 1595 915 1650 succedere
953 1594 1166 1649 debent.
1192 1614 1211 1647 ι
1236 1593 1522 1650 Caesarium
1554 1597 1603 1650 in
1631 1610 1723 1651 sua

141 1663 304 1718 item
337 1664 403 1718 ad
434 1665 663 1734 virgines
693 1664 888 1734 Regula
935 1664 1186 1719 exscrtbit
1230 1666 1286 1721 S.
1346 1666 1579 1721 Donatus
1605 1682 1721 1734 cap.

143 1736 268 1805 δῖ.
293 1734 553 1805 Similiter
581 1734 638 1788 S.
668 1736 979 1790 Aurelianus
1009 1735 1061 1789 in
1093 1736 1288 1805 Regula
1326 1738 1392 1789 ad
1441 1738 1725 1791 monachos

146 1802 332 1876 (Cap.
375 1803 521 1876 9.2);
569 1822 587 1856 ι
615 1806 670 1859 In
690 1808 855 1876 omni,
909 1807 1093 1874 inquit,
1148 1802 1460 1871 ministerio,
1517 1809 1631 1862 sive
1670 1809 1721 1861 iii

147 1866 368 1946 ordine
396 1866 674 1942 psallendi.
718 1866 1089 1946 aut'legendi,
1110 1879 1189 1931 vel
1221 1866 1495 1946 operandi,
1530 1878 1729 1932 vicibus
1763 1876 1805 1934 Β

146 1945 823 2013 sibisuccedant,absque
866 1945 925 2001 8.
953 1948 1165 2009 abbate,
1205 1945 1269 2002 et
1307 1948 1463 2001 nimis
1492 1948 1728 2011 senibus,

148 2024 222 2070 et
276 2017 623 2082 perparvnlisj
650 2014 959 2078 infantibus,
1006 2026 1060 2070 et
1102 2028 1248 2073 certe
1284 2018 1355 2072 ita
1404 2019 1628 2073 inlirmis
1678 2029 1733 2072 ut

155 2100 406 2158 surgere
451 2088 670 2140 omnino
730 2103 832 2141 non
887 2088 1143 2155 possint:
1194 2103 1300 2143 non
1350 2090 1735 2158 compellantur

151 2156 357 2212 facere
389 2172 485 2223 pro
504 2172 570 2213 eo
600 2158 740 2227 quod
764 2172 867 2211 non
899 2158 1202 2226 praevalent.
1230 2176 1250 2211 ι

244 2266 433 2337 Neque
467 2277 644 2322 tamen
675 2269 878 2323 inticias
899 2268 1004 2334 ibo,
1037 2268 1191 2323 aliter
1227 2269 1279 2323 in
1325 2269 1597 2323 nonnullis
1622 2269 1725 2323 Re-

155 2340 317 2408 gulis
339 2338 621 2403 contineri,
645 2340 905 2408 aliamque
924 2340 976 2392 in
996 2338 1310 2408 quibusdam
1337 2340 1537 2393 ordinis
1569 2341 1736 2395 nostri

156 2408 793 2477 monasteriisviguisse
842 2412 1099 2465 rationem
1138 2409 1410 2467 :maxime
1450 2420 1631 2477 autem
1683 2416 1732 2464 in

157 2478 379 2548 Regula
429 2478 487 2533 8.
532 2476 810 2546 Ferreoli,
839 2479 991 2547 cujus
1044 2480 1156 2535 huic
1210 2483 1365 2535 verba
1424 2476 1583 2548 (Cap.
1607 2480 1736 2548 58):

166 2569 191 2602 ο
230 2550 411 2603 Abbas
459 2549 629 2603 tribus
681 2564 775 2617 per
830 2564 1027 2605 annum
1064 2550 1288 2616 viribus,
1339 2550 1390 2604 id
1428 2560 1509 2604 est
1565 2555 1615 2604 in
1648 2552 1736 2606 die

159 2619 384 2676 Natalis
418 2618 647 2683 Domini,
674 2619 918 2672 similiter
943 2621 994 2673 in
1024 2623 1194 2683 primo
1242 2621 1479 2685 Paschte,
1506 2636 1604 2675 nec
1630 2637 1734 2675 non

162 2692 233 2746 in
265 2689 553 2745 festi~itate
582 2690 862 2759 peculiaris
891 2689 1101 2743 Patroni
1139 2691 1331 2759 sancti,
1355 2706 1417 2746 ac
1443 2691 1737 2747 beatissimi

163 2759 473 2831 venerandi
518 2776 729 2827 semper
758 2762 1006 2829 martyris
1038 2760 1300 2824 Ferreoli.
1332 2771 1422 2816 aut
1444 2776 1588 2817 certe
1614 2769 1735 2831 qui-

162 2832 302 2888 dem
332 2830 399 2884 ad
427 2846 650 2897 quorum
684 2832 895 2885 nomina
921 2842 1224 2885 sanctorum
1252 2831 1389 2885 idem
1434 2836 1578 2886 locus
1609 2830 1739 2888 con-

166 2910 419 2957 sectatus
450 2900 633 2966 fuerit,
656 2902 937 2971 coquinam
976 2901 1123 2956 cibos
1153 2902 1549 2971 congregationi
1581 2919 1736 2969 para-

169 2973 596 3038 turnsintroeat,
643 2973 713 3026 ibi
739 2988 821 3034 ,ue
860 2984 1103 3040 suscepto
1147 2972 1369 3039 junioris
1417 2973 1734 3037 ministerio,

166 3040 466 3098 serviendo
507 3042 705 3097 mensis
756 3043 1071 3097 humilitatis
1115 3044 1336 3098 formam
1390 3043 1654 3098 ministret
1682 3048 1735 3099 in

170 3112 425 3176 ferculis,
444 3123 640 3166 sauctte
664 3113 786 3166 huic
805 3113 1085 3180 ahjectioni
1113 3126 1173 3169 se
1203 3114 1428 3167 libenter
1455 3116 1732 3180 inctinans,

171 3198 305 3253 quae
336 3181 586 3251 majorem
638 3182 785 3236 illum
845 3185 1087 3249 producit
1130 3189 1357 3251 cmteris,
1386 3185 1510 3239 dum
1566 3185 1736 3240 reddit

172 3253 462 3336 aequalem:
494 3273 513 3306 ι
549 3254 614 3336 Et
650 3253 850 3335 Begula
881 3255 1108 3335 Magistri
1143 3254 1290 3325 (Cap.
1321 3256 1412 3325 23)
1444 3271 1459 3309 :
1487 3256 1733 3336 Quoties-
1763 3273 1807 3336 ρ

172 3340 287 3395 que
315 3323 714 3396 hebdomadarii
746 3324 808 3396 in
827 3324 1045 3396 servitio
1075 3323 1371 3380 mensarum
1396 3323 1733 3396 negligenter

173 3396 388 3450 mensis
415 3395 742 3456 deserviunt,
769 3395 869 3448 alia
899 3396 986 3449 die
1019 3395 1147 3449 hora
1178 3397 1483 3452 refecdonis
1510 3398 1648 3452 levet
1675 3413 1733 3453 se

175 3466 370 3530 abbas,
418 3474 474 3521 et
523 3481 644 3522 cum
693 3480 797 3518 uno
843 3465 909 3518 de
964 3467 1257 3533 praepositis
1286 3477 1377 3520 aut
1413 3466 1639 3533 duobus,
1687 3470 1730 3523 si

175 3536 402 3605 grandis
432 3537 587 3591 fuerit
614 3537 970 3605 congregatio,
1000 3535 1100 3603 ipsi
1133 3535 1326 3590 facient
1351 3539 1624 3590 servitium
1658 3541 1722 3594 ad

175 3621 373 3661 οηιιιθε
403 3622 632 3671 mensas,
687 3618 743 3660 ιιι
786 3607 970 3661 doceat
1019 3621 1111 3659 eos
1155 3607 1416 3673 quomodo
1466 3606 1675 3663 faciant.
1706 3627 1726 3660 ι

178 3676 409 3731 Nostros
423 3692 547 3746 vero
566 3679 703 3746 quod
734 3687 939 3744 spectat
968 3678 1023 3731 8.
1042 3677 1345 3745 Salabcrga,
1374 3678 1730 3734 Lauduneusis

178 3747 450 3802 abbatissa
476 3745 563 3818 (In
584 3745 698 3819 ejus
740 3748 837 3800 Vit.
869 3748 1177 3819 n.2i._sa:c.
1211 3764 1244 3801 ιι
1275 3746 1489 3819 Βεᾼηεά.)
1509 3767 1525 3798 ι
1548 3749 1730 3817 coqui-

178 3832 333 3889 rtam,
367 3821 450 3873 vel
477 3816 705 3886 reliquas
749 3833 936 3872 causas
978 3816 1157 3889 [Forte
1180 3816 1377 3888 curas],
1405 3834 1523 3888 quae
1550 3816 1731 3872 mona-

179 3888 337 3945 sticis
360 3890 515 3943 rebus
545 3890 720 3957 peragi
753 3890 945 3953 Solent,
973 3888 1206 3943 vicissim
1250 3890 1361 3944 suis
1390 3891 1730 3943 hebdomadi-

181 3960 289 4015 bus
317 3959 672 4013 ministrabat.
701 3978 719 4011 ι
749 3961 805 4013 8.
842 3961 1175 4023 Benedictus,
1210 3961 1371 4014 abbas
1407 3961 1730 4016 Anianeusis

172 4039 326 4086 VtcSte
363 4031 578 4085 Ardone
607 4029 724 4100 ejus
749 4030 1026 4095 discipulo,
1060 4030 1112 4083 in
1143 4032 1257 4099 ejus
1282 4030 1416 4091 Vita.
1448 4046 1593 4084 tium.
1638 4033 1724 4097 li,

188 4120 207 4152 ι
236 4102 597 4156 laborantibus
617 4101 866 4154 fratribus
897 4100 1010 4167 ipse
1053 4101 1333 4169 aliquando
1382 4101 1725 4167 collabOraic,

181 4172 472 4240 aliquando
514 4180 686 4225 autem
737 4186 918 4222 eorum
963 4173 1027 4224 ad
1077 4173 1392 4226 vescendum
1436 4173 1731 4240 decoquere

183 4243 407 4305 victum,
435 4244 729 4311 librumque
758 4240 915 4312 M3
945 4246 1102 4295 etiam
1156 4245 1348 4307 pariter
1379 4245 1518 4295 circa
1546 4246 1728 4311 eoqui-

185 4328 313 4367 nam
338 4322 625 4380 Occupatus
671 4317 905 4367 scribere
948 4312 1244 4379 satagebat;
1276 4312 1555 4382 lignainina
1605 4330 1729 4369 vero

184 4397 332 4452 saepe
356 4395 571 4452 propter
595 4385 864 4448 penuriam
894 4383 1048 4436 boum
1077 4382 1312 4436 humeris
1361 4384 1587 4450 propriis
1610 4399 1726 4438 cum

185 4450 463 4521 discipulis
514 4453 805 4508 deferebat.
844 4473 862 4506 ι
926 4453 1001 4506 De
1038 4452 1188 4521 Eigili
1234 4454 1429 4519 etiam,
1483 4452 1727 4509 Fuldettsi

184 4525 399 4593 abbate,
433 4526 500 4577 ita
530 4524 713 4579 scribit
735 4524 999 4579 Candidus
1031 4525 1078 4575 in
1101 4525 1216 4592 ejus
1241 4523 1377 4588 Vita,
1404 4539 1455 4575 ii.
1480 4525 1546 4576 9.4
1569 4526 1723 4593 (Sec.

187 4611 237 4649 Iv
272 4592 421 4659 Bern,
452 4608 586 4661 part.
621 4610 634 4647 ι
640 4602 661 4659 )
686 4612 699 4646 :
729 4614 746 4646 ι
770 4598 860 4650 Hic
882 4610 1109 4665 quoque,
1148 4606 1281 4649 sicut
1321 4609 1529 4660 smnper
1556 4592 1728 4650 facere

186 4674 554 4730 consueverat,
584 4680 703 4718 cum
732 4668 956 4720 coiisiiio
985 4678 1037 4720 et
1064 4681 1323 4720 coiisensu
1353 4666 1569 4718 fratrum
1609 4682 1730 4718 sun-

188 4751 308 4791 rum
331 4736 605 4789 constituit
651 4746 809 4800 atque
844 4738 1100 4801 decrevit,
1148 4746 1205 4791 ut
1243 4738 1430 4789 fratres
1466 4738 1552 4804 qui
1583 4745 1732 4790 extra

191 4804 565 4862 monasterium
616 4806 910 4875 ministeria
943 4807 1235 4873 praevidere
1282 4818 1590 4870 noscuntur,
1625 4806 1732 4860 fra-

190 4877 367 4931 tribus
390 4876 521 4930 infra
551 4879 924 4935 monasterium
955 4880 1409 4934 commaneniibus
1438 4894 1529 4947 per
1556 4878 1735 4945 singu-

191 4950 272 5003 las
300 4950 421 5000 anni
466 4956 787 5014 septimanas
823 4948 972 5017 juxta
1027 4951 1413 5004 ordinationem
1466 4951 1731 5016 prtepnsiti

189 5018 273 5071 vel
303 5021 619 5071 decanorutn
650 5019 702 5071 in
736 5019 875 5082 cibo,
910 5030 964 5072 et
994 5032 1138 5086 potu,
1178 5032 1333 5088 atque
1371 5019 1490 5072 aliis
1515 5019 1734 5087 quibus-

190 5088 316 5143 libet
338 5091 626 5142 Commodis
650 5091 953 5142 monasticae
976 5092 1092 5140 vitae
1121 5090 1547 5157 congruentibus.
1572 5105 1733 5157 super

190 5158 436 5214 indiciam
472 5160 570 5212 sibi
624 5175 864 5214 inetiam
895 5161 958 5211 ad
1002 5160 1275 5214 honestam
1316 5161 1725 5215 consolationem

191 5243 294 5284 non
324 5229 513 5288 coacti,
546 5257 567 5279 δ
676 5239 732 5283 ut
760 5246 851 5283 eos
882 5239 1113 5299 auinptus
1143 5232 1467 5296 permitteret
1505 5240 1723 5294 sponta-

191 5314 288 5354 nea
341 5299 606 5351 voluntate
666 5305 955 5359 servirem;
990 5303 1059 5353 ita
1096 5313 1269 5355 tamen
1320 5314 1372 5353 nt
1403 5317 1514 5361 Illae
1553 5302 1722 5367 prius)

191 5370 417 5426 omnium
443 5368 597 5438 hujus
622 5372 890 5425 servitutis
910 5372 1112 5425 itiititttu
1130 5372 1276 5425 indie
1296 5373 1489 5423 Natalis
1520 5371 1721 5423 Domini

190 5440 254 5495 ad
274 5440 806 5511 qxemplumcaeteris
828 5458 944 5496 cuni
966 5444 1151 5509 gaudio
1180 5442 1515 5507 suscepisset.
1542 5460 1559 5492 ι
1584 5441 1719 5494 Idem

193 5508 503 5582 prz'stabaut
523 5508 647 5582 olim
682 5514 730 5560 in
767 5508 1099 5582 Cluniacensi
1134 5511 1451 5565 ttiunasterio
1480 5514 1717 5578 abbates,

158 5575 247 5637 ’ἱιι
273 5584 425 5653 docet
452 5580 729 5635 Udalrictts
755 5581 846 5633 lib.
880 5601 914 5641 t.
940 5602 1053 5653 Cap.
1085 5586 1171 5645 46,
1204 5582 1359 5653 idque
1386 5584 1555 5648 ipsum
1577 5575 1719 5635 com;

195 5651 356 5708 munis
396 5652 598 5706 ordinis
644 5653 808 5703 nostri
840 5668 964 5706 usus
992 5651 1279 5710 Obtiuebat.
1327 5651 1392 5704 Et
1431 5663 1574 5706 certe
1606 5668 1723 5720 pro-

194 5723 339 5781 δίπηόί
371 5722 723 5790 laudandique
761 5722 810 5774 in
846 5726 1024 5791 primis
1062 5727 1275 5778 abbates
1320 5723 1405 5789 qui
1433 5760 1447 5784 ,
1479 5736 1598 5776 cum
1626 5724 1724 5774 sibi

199 5807 282 5861 per
303 5795 466 5847 Otium
490 5792 635 5856 licet,
679 5793 729 5846 ιιι
763 5793 906 5848 hisce
960 5794 1269 5849 humilitatis
1315 5792 1581 5847 exercitiis
1620 5794 1727 5845 suis

198 5866 432 5926 tratribus
461 5863 709 5932 exemplo
748 5874 1012 5936 prtecunt;
1062 5879 1159 5921 nec
1208 5878 1354 5920 suam
1401 5862 1519 5918 inde
1547 5870 1729 5931 putent

1833 551 1993 596 totam
2022 556 2172 593 suam
2196 539 2417 610 gloriam
2446 539 2764 610 quaesierunt
2792 540 2888 593 viri
2932 543 3281 608 sanctissimi,
3334 545 3387 597 in

1828 611 2025 666 sarculo
2048 612 2177 663 olim
2207 609 2513 672 clarissimi,
2541 620 2591 663 et
2615 609 2664 660 in
2689 610 2895 680 populis
2924 613 3209 680 principes,
3234 624 3291 668 ut
3319 615 3386 668 de

1827 683 1925 737 SS.
1982 680 2287 742 Guillclino,
2345 694 2407 732 ex
2456 679 2833 744 potentissimo
2877 680 3031 747 duce,
3075 679 3382 739 Gellonensi

1831 752 2126 815 monacho;
2154 748 2568 811 Carolomanuo,
2600 764 2665 803 cit
2694 751 2917 802 Αιιςιτίειι
2971 768 3091 817 rege
3121 754 3382 809 monacho

1825 822 2163 893 Cassiuensi;
2191 821 2257 893 de
2285 820 2392 893 SS._
2433 822 2658 893 reginis
2681 820 2939 893 Franciae
2978 822 3299 893 Badeguude
3328 827 3385 879 tit

1829 892 2068 954 Baltilde.
2095 901 2153 945 ut
2180 890 2609 961 aliosAplprimos
2647 890 2857 961 interim
2898 891 3103 956 sileam,
3132 890 3379 961 legimus.

1833 962 1961 1015 Vide
1989 961 2167 1031 Vitam,
2190 979 2200 1011 I
2228 961 2284 1013 8.
2310 958 2530 1031 Galtcri,
2562 959 2769 1014 abbatis
2792 958 3208 1031 Ροιιιίεςιιριιείεξ
3230 980 3379 1019 ιιιιιιι.

1828 1032 2060 1101 ii,apud
2085 1030 2232 1093 Βοιι.τ
2258 1031 2291 1085 8
2311 1030 2476 1107 April.

1896 1122 2075 1191 Neque
2135 1121 2557 1191 praetereundum
2599 1131 2703 1191 est
2767 1122 2908 1187 quod
2962 1120 3028 1176 de
3085 1125 3379 1187 monachis,

1825 1193 1887 1248 S.
1920 1186 2175 1245 Vit'icetit'ii
2204 1191 2270 1244 de
2311 1189 2571 1243 Vulturno
2589 1186 2821 1243 habetur
2843 1192 2894 1243 in
2927 1191 3040 1243 Vita
3074 1194 3131 1246 S.
3162 1194 3381 1250 Tliomzc

1827 1262 2031 1316 abbatis
2061 1259 2332 1315 Farfeusis
2359 1259 2515 1331 (Sani.
2550 1275 2604 1331 ιιι
2634 1258 2824 1330 Bern);
2854 1260 2993 1328 quod
3016 1263 3213 1317 scilicet
3245 1280 3379 1319 cou-

1824 1334 1970 1401 gruis
1998 1332 2326 1401 temporibus
2353 1329 2416 1382 ad
2475 1329 2726 1384 Farfense
2775 1334 3153 1401 monasterium
3195 1349 3375 1388 vente-

1829 1399 1972 1463 bant,
2010 1420 2029 1453 ‹
2053 1413 2107 1457 et
2137 1400 2492 1455 hebdomadas
2520 1415 2641 1453 suas
2671 1401 2722 1452 in
2753 1399 2992 1467 coquinae
3036 1402 3214 1458 ofiicio
3243 1406 3380 1459 sicut

1826 1484 1876 1529 et
1904 1473 1992 1527 alii
2020 1472 2208 1527 fratres
2230 1472 2280 1524 in
2314 1472 2428 1538 ipso
2450 1471 2708 1524 faciebant
2730 1472 3067 1525 monasterio.
3090 1491 3109 1524 ι

1898 1542 2062 1597 Porro
2085 1545 2285 1596 nullum
2316 1542 2415 1595 hoc
2440 1543 2613 1609 capite
2633 1541 2914 1595 discrimen
2950 1557 3144 1606 ponere
3169 1543 3378 1599 videtur

1828 1613 1885 1669 S.
1946 1614 2264 1667 Benedictus
2318 1613 2455 1673 inter
2522 1612 2761 1677 coquinae
2819 1610 3255 1667 hebdomadarins
3324 1629 3380 1669 et

1828 1697 2025 1737 mensae
2076 1683 2383 1737 ministros:
2417 1692 2667 1750 utrosque
2718 1691 2893 1735 tamen
2942 1681 3217 1752 distinguit
3256 1700 3375 1752 cap.

1830 1754 1918 1817 58,
1946 1755 2057 1817 ubi,
2087 1767 2252 1824 agens
2276 1752 2343 1805 de
2375 1752 2787 1824 ltebdotuadario
2817 1752 3032 1819 lectore,
3056 1755 3159 1806 ait:
3198 1753 3407 1813 Postea,

1830 1835 1996 1877 autem
2058 1822 2171 1877 cuin
2214 1824 2442 1889 coquina:
2490 1822 2915 1887 hebdomadariis,
2964 1833 3011 1875 et
3057 1825 3378 1890 servituribus

1829 1893 2038 1963 reﬁciat.
2063 1896 2229 1960 Quem
2259 1893 2310 1945 in
2336 1897 2503 1946 locum
2528 1892 2781 1945 Boherius
2803 1896 2852 1944 in
2868 1892 3044 1963 primo
3064 1906 3374 1949 commenta

1847 1983 1865 2015 ι
1890 1971 1969 2017 An
1998 1964 2140 2018 enim
2171 1963 2254 2017 isti
2282 1962 2567 2016 scrvitores
2609 1978 2703 2031 per
2746 1962 3067 2029 septimauas
3121 1966 3377 2027 serviant,

1839 2051 1905 2088 an
1936 2049 2029 2101 per
2051 2035 2164 2088 dies
2211 2046 2493 2102 noucuro,
2519 2034 2639 2101 quia
2667 2044 2763 2085 nec
2792 2031 2843 2084 in
2875 2032 3067 2102 Regula
3100 2032 3197 2085 hoe
3229 2050 3379 2102 repe-

1840 2107 1942 2170 rio,
1962 2105 2064 2159 sibi
2085 2114 2258 2158 tamen
2288 2101 2518 2156 vicissim
2541 2103 2693 2170 hujus
2716 2102 2977 2156 servitutis
3007 2101 3234 2158 oflicium
3276 2101 3374 2159 im-

1840 2175 2086 2245 pendent.
2109 2195 2128 2227 ι
2155 2173 2250 2228 Ubi
2276 2175 2547 2226 maniieste
2565 2175 2846 2245 servitores
2866 2174 2933 2226 ab
2957 2173 3378 2231 hebdomadariis

1840 2244 2097 2315 coquinae,
2124 2247 2209 2313 qui
2243 2259 2334 2315 per
2364 2255 2526 2315 totam
2551 2244 2894 2311 septimanam
2918 2246 3237 2315 serviebant,
3264 2247 3376 2300 dis-

1842 2314 2049 2384 tinguit.
2089 2316 2240 2384 Διιυύ
2286 2314 2657 2369 Cluniaccnses
2687 2324 2884 2373 tamen.
2930 2314 3273 2369 Divionenses
3315 2318 3371 2371 8.

1841 2387 2080 2455 Benigni,
2134 2396 2189 2440 et
2232 2385 2632 2447 Cistercienses,
2691 2384 3083 2455 hebdomadarii
3136 2389 3377 2454 coquinte

1842 2454 2116 2520 utrumque
2143 2470 2331 2507 munus
2352 2456 2588 2508 obibant.
2619 2456 2693 2508 De
2705 2454 3137 2507 Cltmiaceusibus
3157 2456 3377 2509 audien-

1838 2530 1938 2581 dus
1967 2536 2047 2580 est
2074 2524 2349 2580 Udalricus
2378 2523 2511 2593 (Lib.
2539 2540 2595 2585 ιι,
2623 2540 2670 2578 c.
2704 2525 2824 2591 35):
2860 2541 2879 2573 ι
2912 2523 3076 2577 Finita
3102 2524 3229 2578 hora
3261 2536 3376 2593 post

1838 2613 1994 2667 quatit
2042 2595 2229 2667 fratres
2277 2607 2399 2648 sunt
2440 2594 2705 2667 refecturi.
2760 2596 3006 2667 celeriter
3054 2606 3280 2656 exciuit,
3321 2606 3378 2651 ut

1842 2665 1986 2721 fabas
2015 2665 2399 2724 adtiiinistreut.
2424 2679 2554 2731 quas
2595 2665 2685 2734 qui
2710 2665 2855 2730 prior
2886 2674 2967 2718 cst
2993 2678 3304 2733 coquoruui,
3333 2668 3377 2720 si

1841 2748 2016 2792 tamen
2046 2739 2179 2790 bene
2208 2740 2434 2800 noverit,
2464 2744 2519 2789 et
2561 2734 2717 2803 ltujus
2762 2747 2841 2789 est
2889 2735 3225 2801 valetudinis,
3257 2751 3377 2790 cum

1838 2809 2099 2863 cocleario
2127 2806 2192 2861 ad
2216 2807 2313 2860 hnc
2340 2807 2475 2860 facto
2499 2805 2655 2860 mittit
2675 2806 2725 2858 in
2749 2806 3023 2868 scutellas;
3056 2806 3142 2859 alii
3168 2820 3379 2872 portati:

1838 2879 1904 2933 ad
1935 2893 2163 2939 mensas.
2196 2892 2225 2930 a
2248 2877 2517 2946 principali
2562 2892 2740 2931 mensa
2767 2878 3100 2946 incipientes.
3158 2877 3233 2932 De
3262 2882 3376 2933 ole-

1838 2952 1988 3003 ribus
2009 2949 2306 3003 ccontrario
2327 2948 2439 3001 ﬁeri
2462 2948 2625 3012 solet;
2651 2963 2766 3015 qua:
2795 2948 2862 2999 ita
2894 2946 3290 3010 administrant,
3322 2957 3377 3002 ut

1838 3034 1866 3070 a
1894 3020 2180 3072 novissimo
2210 3019 2489 3087 incipiant.
2510 3036 2530 3069 ι
2578 3019 2719 3072 idem
2774 3018 2967 3071 habent
2990 3032 3117 3072 mss.
3147 3016 3378 3073 Cons-nee

1842 3090 2049 3144 tudines
2077 3086 2239 3158 444
2262 3086 2589 3156 8.⁷Βειιὶςιιί,
2616 3103 2731 3154 cap.
2764 3088 2851 3148 55.
2891 3088 3194 3155 adduntque
3218 3106 3229 3140 :
3268 3107 3287 3139 r
3315 3091 3378 3142 lit

1840 3174 1943 3213 nou
1970 3160 2139 3213 solum
2171 3158 2290 3226 ipsi,
2321 3160 2413 3211 sed
2443 3168 2496 3211 et
2521 3172 2725 3223 omnes,
2754 3158 2842 3225 qui
2864 3158 3110 3210 scutellas
3139 3160 3188 3210 in
3231 3159 3378 3213 refe-

1837 3230 2003 3284 ctorio
2033 3236 2258 3296 portant,
2293 3228 2428 3281 hanc
2462 3228 2781 3296 diligentiam
2812 3227 3003 3280 debent
3046 3227 3262 3288 habere.
3308 3245 3377 3283 ne

1837 3300 2108 3355 Scutellatu
2140 3300 2209 3352 ita
2237 3300 2442 3352 baSsam
2467 3308 2691 3367 portent,
2722 3306 2780 3350 ut
2817 3300 2957 3352 intus
2985 3299 3186 3365 possint
3214 3298 3378 3353 anlte-
3406 3316 3455 3333 κ

1837 3373 1968 3437 lare,
2003 3386 2098 3424 nec
2126 3368 2355 3437 aliquam
2386 3369 2691 3439 psalmodize
2725 3370 3140 3423 mussitationem
3167 3370 3378 3424 interim
3430 3396 3433 3401 -

1836 3442 2049 3507 faciant,
2079 3451 2137 3495 ut
2181 3440 2397 3494 fundum
2452 3440 2618 3507 ipsius
2648 3454 2744 3492 nec
2771 3441 3038 3493 sordidum
3076 3442 3143 3493 sit
3201 3443 3379 3507 provi-

1834 3514 2011 3578 deant,
2045 3522 2101 3566 tit
2144 3513 2358 3566 tutelam
2384 3513 2541 3565 frocci
2574 3511 2639 3563 ab
2666 3512 2777 3578 ipsa
2821 3511 3138 3581 custodiant,
3172 3521 3227 3564 ut
3252 3513 3381 3581 digi-

1837 3594 1945 3636 tum
1977 3600 2042 3637 ne
2070 3585 2212 3637 intus
2238 3582 2515 3650 iulingant,
2542 3596 2780 3635 caveant.
2813 3600 2831 3632 ι
2850 3580 3104 3635 Geuerale
3128 3580 3382 3638 tamenet

1835 3656 2133 3723 pittantiam
2162 3660 2267 3705 tam
2298 3668 2359 3706 ex
2390 3652 2634 3723 Udatrico
2661 3667 2818 3723 quam
2848 3668 2909 3704 ex
2960 3653 3225 3723 prie-licus
3253 3668 3382 3707 con-

1832 3721 2215 3786 suetudinibus,
2256 3737 2359 3776 non
2387 3722 2484 3790 ipsi
2506 3739 2570 3775 ex
2595 3722 2792 3785 debito,
2836 3722 2931 3775 sed
2970 3721 3275 3776 celterarius
3328 3737 3382 3778 et

1832 3795 1918 3847 alii
1966 3796 2157 3863 quibus
2210 3793 2459 3847 iunuebat
2514 3793 2650 3861 ipse,
2676 3791 3069 3863 ministrabant.
3122 3792 3381 3849 Generan

1831 3860 2026 3930 autem,
2068 3863 2211 3933 quod
2235 3864 2517 3919 dominica.
2544 3863 2642 3915 fer.
2673 3862 2727 3919 5.
2760 3860 2812 3933 Si,
2843 3871 2895 3933 et
2916 3862 3134 3933 sabbato
3172 3867 3380 3917 servic-
3439 3900 3453 3913 .

1831 3934 1977 4000 bant,
2002 3930 2131 3988 illud
2152 3934 2427 3999 vocabant,
2452 3934 2588 4000 quod
2605 3930 2828 3999 singulis
2847 3932 2897 3983 in
2916 3931 3133 3998 singulis
3145 3935 3381 3987 scutellis

1837 4006 2220 4073 porrigebatur.
2250 4005 2492 4056 l'ittautia
2525 4017 2673 4065 vero,
2721 4018 2835 4068 qua:
2879 4003 2974 4055 fer.
3006 4002 3062 4065 :2,
3093 4003 3146 4065 4,
3179 4005 3231 4063 (i.
3255 4005 3380 4058 illud

1829 4077 1966 4142 quod
1997 4075 2200 4130 duobus
2226 4076 2275 4128 in
2300 4090 2399 4127 una
2427 4073 2645 4129 scutella
2676 4073 3070 4126 ministrabatur
3099 4088 3164 4126 ex
3193 4075 3378 4128 eodem

1833 4146 2092 4201 Udalrzco.

1901 4218 1975 4272 De
1995 4215 2429 4271 Cisterciensibus
2457 4214 2526 4267 ita
2557 4214 2688 4268 liber
2711 4213 2930 4278 Usuuui,
2951 4230 3067 4282 cap.
3092 4215 3193 4269 “38
3216 4232 3228 4266 :
3251 4235 3267 4265 ι
3283 4215 3378 4270 Ubi

1829 4300 2054 4357 quatuor
2084 4288 2477 4342 hebdomadarii
2503 4289 2744 4354 coquitur:
2774 4285 2984 4357 fuerint,
3007 4290 3111 4338 duo
3138 4287 3376 4348 una-die,

1829 4355 1883 4411 et
1910 4361 2014 4412 duo
2043 4360 2142 4412 alia
2174 4357 2404 4411 Vicissim
2431 4358 2679 4410 serviant.
2719 4374 2737 4406 ι
2774 4355 2864 4408 llis
2904 4367 3081 4407 tamen
3128 4356 3380 4424 adjunge—

1830 4429 1985 4482 batur
2031 4430 2338 4482 cvllerarius
2394 4443 2455 4481 ex
2515 4442 2634 4494 cap.
2685 4425 2772 4486 7U,
2806 4426 2855 4476 in
2895 4441 3001 4492 quo
3041 4427 3118 4478 sic
3154 4427 3381 4495 legitur:-

1837 4499 2383 4562 tCelleraritts,etcoci
2407 4500 2748 4568 prun-adeant,
2772 4507 2826 4568 ut
2851 4498 3007 4549 ambo
3031 4498 3381 4563 pulmentaria

1831 4570 2133 4637 priusquam
2157 4566 2423 4636 campana
2437 4570 2669 4635 pulsetur
2692 4567 2760 4633 (si
2788 4566 2864 4618 sic
2886 4577 3056 4620 tamen
3079 4569 3267 4622 viderit
3287 4584 3381 4622 ex-
3416 4590 3421 4595 ’

1760 4651 1805 4708 ο
1836 4642 2041 4709 pedire)
2071 4656 2162 4708 pcr
2186 4655 2397 4693 incusas
2424 4639 2722 4705 disponant.
2756 4654 2775 4686 ι
2808 4638 2974 4709 Quem
3007 4654 3210 4703 morem
3248 4642 3381 4693 lurte

1836 4707 2052 4779 respicit
2076 4707 2219 4765 locus
2237 4725 2304 4763 ex
2343 4710 2452 4763 Vita
2475 4710 2533 4762 8.
2559 4709 2830 4779 Stephani.
2862 4707 3066 4761 abbatis
3088 4710 3380 4764 Ubaziuen-

1833 4776 1938 4844 sis,
1965 4782 2057 4836 lib.
2090 4798 2148 4847 ιι,
2181 4796 2330 4836 num.
2376 4780 2459 4840 19.
2489 4792 2594 4845 quo
2619 4776 2930 4832 cellerartus
2959 4795 3021 4833 ex
3047 4780 3164 4850 ejus
3187 4796 3379 4849 praice-

1835 4862 1925 4921 pto
1962 4852 2294 4907 relectorium
2326 4861 2673 4921 prwparasse,
2714 4860 2767 4900 et
2817 4851 3378 4921 mensas_inaiitilibus

1834 4917 2056 4977 ornasse
2082 4923 2273 4977 dicitur
2303 4919 2547 4988 (His-36H.
2580 4917 2788 4983 Baluz.,
2820 4930 2939 4974 tam.
2973 4928 2997 4971 ι
3016 4919 3097 4989 ιν).

1904 4994 2165 5049 Praeterea
2189 5003 2292 5045 tam
2314 4991 2449 5058 apud
2470 4989 2844 5044 Cluniacenses
2855 5006 3010 5059 quam
3034 4988 3168 5058 apud
3184 4988 3380 5044 Cister-

1834 5065 2038 5119 cienses
2085 5082 2112 5116 a
2166 5076 2404 5130 COQUllliB
2439 5060 2890 5130 _hebdomadariis
2942 5061 3218 5113 distinctus
3265 5072 3378 5115 erat

1833 5136 2221 5199 relectorarius,
2246 5123 2359 5200 qui,
2407 5123 2616 5199 adjutus
2655 5132 2723 5183 ab
2749 5132 2868 5185 aliis
2912 5130 3177 5191 fratribus,
3206 5130 3247 5182 si
3288 5146 3379 5184 ne-

1832 5222 1983 5260 cesse
1996 5213 2154 5261 esset.
2178 5202 2412 5271 quotidie
2435 5203 2763 5256 relectoriuni
2789 5203 3023 5268 parabat,
3050 5202 3373 5267 mantilihns,

1831 5265 2219 5336 Coclilearibus',
2235 5274 2479 5336 ειιιινιιις,
2499 5288 2632 5339 pauc
2652 5284 2703 5327 et
2720 5265 2838 5324 vino
2855 5285 3064 5323 mensas
3084 5265 3374 5336 sternebat,
3456 5265 3468 5277 ’

1828 5347 1980 5417 Cujus
2031 5346 2257 5397 oflicinm
2309 5344 2475 5397 hishis
2506 5345 2825 5417 descriptam
2860 5342 3199 5417 habesmputl
3226 5343 3377 5417 Udal—

1829 5412 2017 5479 riduni,
2050 5418 2142 5467 lib.
2176 5430 2252 5477 ιιι,
2299 5430 2414 5482 cap.
2448 5416 2536 5477 2i,
2572 5415 2621 5467 in
2674 5415 2997 5465 Consuetnd.
3029 5412 3086 5464 S.
3139 5414 3371 5481 Benigni,

1827 5504 1944 5558 cap.
1979 5488 2066 5549 42,
2096 5487 2220 5539 etin
2253 5485 2339 5538 lib.
2377 5487 2572 5538 UStitttn
2594 5485 2809 5546 CiSler.,
2841 5498 2955 5551 cap.
2995 5483 3112 5538 H8.

1900 5582 2029 5646 Quia
2071 5579 2252 5630 exinde
2294 5579 2456 5645 major
2483 5592 2664 5647 merces
2716 5585 2760 5628 et
2787 5576 3008 5628 charitas
3056 5573 3376 5646 ocquiritur.|

1829 5652 1959 5719 Quia
1983 5651 2181 5711 exinde,
2205 5649 2407 5701 scilicet
2432 5652 2512 5702 vel
2543 5664 2606 5701 ex
2638 5646 2977 5719 aigritudine,
3004 5656 3094 5699 aut
3131 5662 3192 5719 ex
3220 5661 3377 5719 causa

1831 5717 2005 5791 gravis
2034 5720 2291 5782 utilitatis,
2335 5721 2515 5791 major
2551 5732 2753 5791 merces
2781 5718 3093 5791 acquiritur,
3126 5717 3168 5769 si
3206 5728 3258 5769 et
3289 5718 3377 5791 illa

1838 5786 2095 5859 patienter
2121 5798 2378 5858 portetur,
2408 5800 2462 5842 et
2504 5789 2597 5841 ista
2625 5786 2801 5841 debita
2846 5788 3126 5841 devotione
3172 5789 3375 5853 pursui-

1837 5871 2017 5928 vatur;
2054 5863 2136 5916 vel
2163 5861 2368 5929 exinde,
2417 5860 2466 5915 id
2497 5868 2576 5915 est
2605 5873 2668 5914 ex
2695 5874 2757 5914 co
2788 5859 2925 5927 quod
2956 5873 3140 5913 omnes
3171 5859 3268 5913 sibi
3293 5874 3373 5911 ιες-

3286 6078 3881 6131 η,..--.-

3836 622 3845 869 l

3836 876 3849 1071 ι

3848 1021 3849 1071 l

3850 1136 3851 1191 l

3852 1264 3853 1291 ι

3856 1650 3859 1689 ι
