3918 6224
199 340 312 397 5τ5

1157 314 1937 399 ΒΕουιΑόυλιδιεΝτΑτΑ.
1976 339 2126 394 car.
2165 340 2372 396 xxxv.
3295 344 3392 399 rrt

200 458 250 507 si
288 455 522 508 laborilli
547 455 720 514 fuerit.
737 456 891 514 debet
919 465 1094 525 petere
1120 455 1410 524 adjutorcm
1431 472 1457 508 a
1487 455 1706 508 decano.
1731 475 1748 506 ι
1783 461 1826 514 Α
1859 454 2156 508 exeuntium
2180 455 2340 522 pedes
2369 454 2606 525 lavet,get
2636 468 2779 520 prior
2807 463 2839 508 t-.
2861 465 2994 525 rgat.
3020 457 3260 512 similiter
3283 475 3397 518 per-

207 525 548 577 Iiildemarus
575 527 726 592 igitur
749 528 1025 578 munditias
1067 525 1116 579 in
1150 528 1402 579 verrendo
1431 527 1748 592 nionasterio

204 603 267 647 et
294 593 568 650 abluendis
589 596 823 662 οοηηίςιτιι
845 596 1062 648 vasculis
1089 597 1311 664 reponit.
1331 597 1430 650 Sed
1457 595 1754 648 Bernardus

211 665 554 718 Cassineusis
583 666 861 718 munditias
892 667 939 717 in
979 665 1144 718 tribus
1181 668 1393 718 omnino
1439 665 1708 717 constituit
1737 681 1749 716 :

212 733 281 786 1ο
318 751 346 803 «ί
374 733 635 786 Munditias
666 735 800 796 istas,
828 735 1010 803 inquit,
1043 747 1161 787 Sunt
1187 751 1458 799 vasorum;
1485 734 1548 786 2°
1572 749 1758 798 scopa-

212 803 293 854 tio
315 802 620 866 domorum;
666 806 727 857 5°
758 802 956 858 ablutio
987 805 1376 868 linteaminum,
1402 820 1520 856 cum
1563 804 1756 870 quibus

209 881 430 942 tergunt
452 889 634 926 manus
649 884 702 928 et
724 875 902 942 pedes.
943 894 959 926 ι
997 874 1136 927 Idem
1167 875 1401 927 Setttittttt
1435 874 1687 927 Bnherius
1707 884 1758 927 et

213 941 449 997 Joannes
475 942 542 997 de
563 941 976 998 Tttrreeremata.
1003 946 1061 996 At
1094 958 1216 996 vero
1247 944 1488 997 Matthias
1512 943 1759 998 Lamber-

214 1019 306 1064 tus
329 1012 387 1064 S.
405 1013 739 1066 Benedictum
771 1014 1009 1078 intelligit
1033 1014 1099 1066 de
1119 1014 1230 1066 sola
1255 1015 1580 1078 vasculorum
1607 1029 1757 1065 mon-

215 1079 380 1146 ditie;
412 1083 466 1136 S.
501 1082 830 1150 llililegardis
879 1084 946 1138 de
991 1084 1097 1135 sola
1123 1086 1457 1150 scopationc;
1485 1097 1640 1151 quam
1669 1097 1762 1148 po-

217 1161 473 1224 stremam
500 1155 851 1224 sententiam
896 1163 1068 1206 tuetur
1108 1153 1381 1206 Mettardus
1418 1153 1498 1224 bis
1539 1153 1756 1224 verbis:

227 1239 248 1269 α
291 1221 572 1275 hltinditias
597 1222 770 1287 faciat,
807 1223 856 1276 id
886 1233 966 1276 est
993 1234 1165 1277 verrat
1195 1222 1596 1285 monasterium;
1627 1222 1762 1274 unde

223 1291 477 1358 Magister
522 1307 639 1356 cap.
688 1293 754 1346 19
806 1294 1014 1355 Regulae
1069 1309 1080 1343 :
1131 1293 1408 1348 Munditias
1460 1291 1762 1344 monasterii

206 1365 529 1414 'exerceant.
556 1362 835 1416 Munditias
885 1362 1054 1416 fact-re
1079 1372 1160 1416 est
1205 1377 1432 1416 verrere.
1462 1361 1673 1415 Plautus
1712 1363 1762 1414 in

221 1428 413 1484 Sticho
445 1449 458 1483 :
482 1432 758 1486 Munditias
778 1433 898 1484 volo
929 1431 1117 1496 facere,
1146 1431 1329 1486 afferte
1355 1447 1560 1500 scopas.
1590 1433 1765 1498 Neque

225 1500 314 1553 hic
331 1500 474 1555 locus
496 1504 551 1556 ὃ.
576 1501 634 1555 Ρ.
662 1502 923 1556 Benedicti
944 1502 1338 1568 cumprehentlit
1365 1517 1482 1555 vasa
1505 1518 1550 1555 et
1568 1501 1764 1562 lances,

225 1584 350 1640 nam
379 1571 612 1637 quotidie
638 1577 902 1640 tergendte
930 1581 1070 1624 sunt.
1111 1590 1129 1622 ι
1168 1571 1219 1623 1η
1252 1588 1379 1626 mss.
1411 1574 1565 1625 etiam
1603 1570 1762 1624 CUI-So

224 1638 284 1711 S.
319 1639 534 1711 Benigni
555 1657 669 1711 cap.
705 1638 792 1706 55,
826 1643 1105 1695 munditias
1127 1641 1296 1694 facere
1318 1642 1453 1695 idem
1476 1652 1556 1695 est
1588 1658 1607 1690 t
1630 1642 1765 1710 quod

229 1709 371 1762 bene
396 1709 571 1765 iavare
595 1709 712 1765 eum
740 1715 912 1780 scopis
940 1712 1242 1764 lavatorium
1270 1713 1505 1773 claustri,
1525 1720 1576 1763 et
1613 1709 1765 1763 mun-

1860 534 2134 578 currentes
2176 536 2396 576 cmtcros
2427 524 2478 576 in
2520 523 2699 575 dextra
2732 523 2906 590 parte;
2947 525 3010 578 Et
3056 543 3122 579 ne
3154 530 3236 581 bic
3265 530 3396 582 ordo

1855 594 2221 658 perturbetur,
2250 594 2291 646 si
2323 594 2428 644 tlno
2454 592 2668 646 abbates
2697 594 2921 656 fuerint,
2955 596 3123 648 minor
3151 599 3313 649 abbas
3345 599 3394 651 in

1858 665 2042 716 dextra
2063 675 2219 729 parte
2249 662 2448 715 sedeat.
2477 662 2573 726 Qui
2599 663 2752 715 citius
2775 667 3154 732 percurreriut,
3187 667 3236 719 in
3261 668 3395 720 alte-

1858 749 1968 787 ram
2003 741 2562 804 partemltt-anscutites
2588 733 2719 784 alios
2745 749 2783 785 at
2809 733 3018 802 juveut,
3041 737 3126 804 qui
3153 739 3398 804 quotiens

1858 811 1979 855 ante
1995 819 2112 856 eum
2137 802 2224 870 qui
2245 805 2576 855 collationem
2592 813 2752 866 tenet,
2779 802 3071 865 transeunt,
3100 802 3398 859 reverenter

1859 873 2130 943 inclinant.
2171 873 2270 937 Qui
2318 873 2474 934 pedes
2522 872 2677 943 lavat,
2728 883 2782 926 et
2833 873 2920 943 cui
2961 877 3222 940 lavantur,
3281 887 3400 943 post

1860 942 2184 1014 ablutionem
2203 943 2425 1014 invii-ent
2452 955 2508 994 se
2528 942 2797 996 inclinent.
2823 941 3074 998 Similiter
3102 946 3191 1014 qui
3219 941 3396 1009 ter;it,

1859 1022 1912 1065 et
1939 1013 2022 1066 cui
2067 1020 2354 1078 terguntur.
2385 1011 2546 1064 Porro
2569 1027 2722 1064 nemo
2740 1028 2796 1066 se
2823 1014 3087 1068 discalciet
3120 1011 3284 1070 donec
3317 1017 3402 1067 ab.

1862 1084 1953 1135 bas
1975 1097 2032 1135 se
2051 1081 2316 1154 di-calciet
2341 1080 2670 1154 :discalceati
2701 1098 2826 1135 vero
2849 1085 3128 1139 observent
3152 1095 3400 1154 quantum

1863 1160 2079 1220 possunt
2106 1168 2170 1204 ne
2189 1152 2348 1219 pedes
2376 1151 2498 1202 nudi
2529 1162 2830 1218 appareant,
2861 1154 2950 1203 sed
2969 1155 3066 1206 sub
3091 1151 3290 1208 cuculla
3320 1172 3400 1208 re-

1833 1228 1841 1236 '
1862 1224 2170 1275 condantur.
2200 1221 2305 1276 Nec
2332 1220 2636 1275 sedentibus
2661 1223 2876 1275 manica:
2899 1223 3148 1284 deﬂuant,
3170 1227 3262 1278 sed
3285 1239 3404 1290 apte

1864 1305 1954 1345 eas
1986 1303 2108 1346 ante
2137 1305 2194 1344 se
2219 1301 2556 1358 componant.
2597 1294 2728 1345 Ante
2761 1291 3034 1345 lectionem
3066 1310 3249 1349 omnes
3298 1297 3404 1348 sint

1865 1363 2158 1416 recalceati.

1938 1432 2011 1484 Ex
2037 1431 2189 1485 dictis
2220 1433 2472 1486 hactenus
2503 1442 2597 1484 trta
2630 1443 2750 1484 sunt
2778 1433 3124 1486 observanda.
3159 1434 3212 1487 τ’
3260 1433 3404 1486 llauc

1869 1500 2060 1566 pedum
2091 1502 2338 1554 lotionem
2389 1517 2542 1569 quam
2589 1503 2887 1555 lllJlltialllm
2918 1513 3109 1556 vocant
3146 1503 3404 1567 aliquibus

1868 1571 1918 1624 in
1953 1571 2082 1624 locis
2114 1569 2300 1624 factam
2326 1572 2482 1624 [uisae
2505 1571 2603 1625 sub
2629 1573 2864 1636 silentio;
2897 1585 2951 1624 tit
2972 1587 3034 1626 ex
3078 1589 3193 1641 cap.
3230 1575 3406 1628 Mona-

1869 1641 2087 1694 chorum
2111 1645 2176 1694 ad
2198 1642 2414 1709 Augiam
2445 1641 2766 1695 directorum
2787 1652 3033 1710 apparet;
3067 1645 3118 1697 in
3142 1644 3261 1696 aliis
3286 1661 3404 1696 eum

1869 1719 2058 1770 cantu,
2089 1719 2146 1763 ut
2179 1726 2242 1764 ex
2271 1727 2420 1765 eone.
2454 1712 2637 1779 Aquis.
2687 1721 2741 1766 et
2783 1727 2848 1766 ex
2895 1713 2985 1766 lib.
3036 1714 3229 1767 Usuum
3275 1714 3405 1768 Cist.

228 1781 380 1868 dare.
403 1781 752 1862 pavimentum
784 1785 1217 1836 necessariarum.
1255 1780 1686 1868 Qumnmuntjlitliae
1718 1783 1766 1832 iu
1803 1809 1846 1868 Β
1873 1780 2153 1868 colligitur.
2189 1782 2522 1868 23.0,Factalm‘
2551 1783 2712 1862 fuisse
2745 1793 2867 1868 ante
2910 1784 3311 1868 complerat-ium
3343 1799 3406 1838 ex

229 1847 639 1920 Quadragesima
670 1855 806 1905 inter
830 1865 1030 1905 sextam
1071 1862 1125 1904 et
1171 1866 1359 1904 nonam
1392 1852 1502 1905 fieri
1541 1850 1768 1914 debent;

229 1919 533 2041 {ligantem
558 1932 792 1986 tempore
817 1931 932 1987 post
962 1936 1172 1986 nonam,
1207 1930 1297 1975 aut
1327 1931 1442 1990 post
1471 1921 1770 1990 prandiunt,

231 2002 280 2040 St
337 2004 411 2041 tes
439 1990 616 2041 ieiunii
646 1993 818 2041 fuerit.
849 2011 866 2041 ι
1441 2031 1446 2035 .
1503 2031 1507 2034 .

231 1987 280 2040 si
299 1987 411 2058 dies
432 1990 616 2058 jejunii
646 1993 818 2046 fuerit.
849 2011 866 2043 ι
1327 1987 1339 1990 ⁷
1441 2031 1446 2035 .
1472 1987 1507 2034 ’.

304 2057 385 2132 Ad
437 2057 633 2128 praxim
666 2078 791 2116 vero
824 2061 975 2132 hujus
1020 2062 1206 2122 capitis
1255 2076 1539 2132 respicere
1568 2062 1773 2115 videtur

231 2130 374 2201 quod
398 2132 685 2198 prmscriliit
714 2130 903 2201 Regula
928 2133 1150 2200 Magistri
1179 2133 1258 2186 liis
1286 2132 1462 2186 verbis
1481 2130 1628 2198 (Cap.
1661 2133 1770 2192 t9):

239 2197 263 2271 ς
291 2197 557 2271 Ini-adem
590 2197 914 2256 hebdomada
945 2197 1211 2258 servitium
1239 2202 1301 2255 ad
1325 2216 1534 2256 mensas
1564 2197 1658 2271 ipsi
1682 2203 1776 2254 ad-

236 2267 506 2332 impleant.
541 2287 750 2342 omnem
795 2273 1114 2342 diligentiam
1155 2272 1458 2326 monasterii
1494 2267 1596 2340 ipsi
1625 2287 1776 2325 exer-

234 2348 389 2392 ceant
420 2355 433 2390 :
465 2341 557 2408 ipsi
599 2356 782 2394 omnes
803 2341 988 2397 fratres
1020 2345 1069 2397 in
1101 2342 1424 2396 ltebdumada
1453 2345 1562 2410 ip-a
1590 2342 1774 2395 discal-

235 2419 411 2472 ceettl,
446 2410 705 2478 adjunctas
745 2412 798 2464 in
827 2414 1015 2465 solatio
1040 2415 1103 2468 tle
1147 2413 1342 2467 decadu
1370 2427 1462 2466 sua
1493 2411 1771 2478 fratribus,

235 2491 357 2549 cum
384 2481 571 2545 quibus
594 2491 646 2534 et
684 2482 1020 2548 discalceent,
1052 2498 1096 2538 e:
1142 2484 1250 2549 ipsa
1280 2482 1530 2537 calcearia
1561 2483 1770 2544 faciant,

237 2558 290 2600 et
317 2548 454 2604 facto
483 2564 634 2604 mane
679 2551 983 2606 sedentibus
1010 2553 1073 2605 ad
1103 2548 1341 2606 ordinem
1388 2553 1633 2607 fratribus
1679 2553 1775 2618 ipsi

237 2619 566 2689 consignent.
597 2621 761 2676 Simul
789 2632 841 2675 et
869 2622 919 2675 in
949 2623 1129 2676 eadem
1155 2622 1474 2677 hebdomada
1496 2621 1778 2678 munditias

240 2690 544 2766 monasterii
591 2701 908 2758 exerceant,
950 2693 1214 2766 refrigeria
1245 2693 1437 2758 lavent,
1479 2693 1616 2766 ligna
1646 2709 1775 2748 con-

239 2757 511 2832 scindant.
539 2780 727 2832 aquam
781 2757 928 2819 faciei
961 2757 1201 2830 tradant,
1243 2767 1308 2820 ad
1351 2757 1778 2818 cotnniittiionetn

241 2831 558 2905 intrantibus
578 2831 824 2892 fratribus
854 2851 1040 2905 aquam
1072 2836 1308 2889 manibus
1331 2835 1426 2902 ipsi
1461 2835 1774 2888 ministrent.

245 2901 456 2974 hlappas
481 2945 495 2968 ,
527 2916 579 2959 et
623 2909 840 2969 sabaua,
869 2901 922 2961 ei
959 2907 1218 2974 facitergia
1239 2948 1253 2969 ,
1282 2901 1363 2958 vel
1407 2920 1492 2958 res
1539 2905 1780 2957 sordidas

243 2971 462 3045 f_ra:rutn
494 2974 590 3044 ipsi
623 2981 794 3030 lavent
819 2977 922 3030 i'lis
944 2975 1087 3031 horis
1107 2971 1164 3029 in
1187 2976 1378 3045 quibus
1399 2992 1501 3028 nou
1532 2986 1775 3045 coquent.

242 3041 496 3114 Candelas
516 3041 822 3099 'monaster-i
851 3062 878 3098 a
911 3047 1181 3101 cellerario
1204 3041 1402 3109 'factas,
1425 3041 1654 3114 quotidie
1684 3043 1779 3109 ipsi

1874 1865 1989 1918 cap.
2018 1850 2387 1904 Monachorum
2410 1852 2472 1903 ad
2495 1852 2710 1919 Augiam
2742 1852 3082 1915 tlirectorum,
3112 1854 3266 1920 idque
3295 1865 3409 1919 pust

1871 1919 2077 1974 creatam
2109 1934 2174 1973 ex
2219 1935 2371 1974 conc.
2401 1921 2646 1988 Aquisgr.
2689 1922 2883 1974 Scribit
2931 1931 3106 1975 tamen
3154 1923 3408 1977 ltolterius

1876 1992 1926 2044 in
1956 1991 2598 2056 motiaswriisCassinensi
2621 2000 2674 2044 et
2700 1992 2899 2059 Specus
2924 1991 3034 2044 ﬁeri
3059 1993 3262 2046 solitam
3289 2003 3410 2047 ante

1874 2074 2138 2130 vesperas,
2153 2073 2371 2129 excepto
2389 2061 2812 2128 Quadragesitttte
2836 2072 3090 2127 tempore.
3110 2065 3170 2116 5°
3196 2064 3246 2116 In
3269 2063 3412 2117 clau-

1875 2139 1986 2185 stro
2011 2147 2073 2184 ex
2104 2131 2237 2185 libro
2261 2133 2454 2186 Usuum
2478 2133 2696 2186 Cislerc.
2712 2141 2839 2187 rtex
2855 2133 3061 2185 statutis
3083 2132 3138 2187 S.
3166 2130 3423 2187 Germani

1875 2216 1904 2272 a
1937 2201 2133 2266 Pralis;
2164 2212 2279 2255 ante
2323 2203 2528 2271 capiult'
2548 2218 2719 2255 arcum
2742 2219 2803 2258 ex
2832 2203 3080 2257 Consuet.
3105 2205 3160 2260 S.
3195 2205 3412 2272 Benigni

1879 2271 2080 2324 Divion.
2112 2287 2230 2337 cap.
2262 2273 2350 2326 35.

1945 2341 2094 2395 Hunc
2121 2357 2275 2408 porro
2297 2344 2474 2409 ritum,
2503 2357 2658 2410 quem
2679 2358 2740 2396 ex
2766 2342 2961 2407 Regula
2986 2353 3160 2397 nostra
3192 2345 3249 2399 S.
3279 2344 3411 2398 Fru-

1875 2420 2088 2484 ctuosus
2120 2414 2170 2484 in
2200 2428 2294 2464 sua
2323 2413 2436 2484 c.‘9
2464 2411 2625 2484 449
2654 2413 3002 2484 transcripsit,
3048 2415 3104 2467 S.
3151 2416 3210 2468 P.
3258 2415 3417 2468 Bene-

1876 2480 2060 2552 dictus
2091 2481 2157 2533 ab
2180 2481 2424 2552 _antiquis
2473 2480 2744 2552 monachis
2780 2492 3075 2551 acceperat.
3113 2487 3249 2548 apud
3285 2501 3415 2552 quos

1877 2558 1936 2603 ut
1963 2551 2142 2605 scribit
2169 2549 2447 2623 Cassianus
2476 2551 2640 2623 (Cass.
2665 2551 2762 2623 tib.
2787 2567 2855 2616 tv,
2887 2549 2999 2616 c‘ap.
3030 2554 3137 2620 19),
3163 2565 3279 2622 post
3304 2549 3408 2609 ete-

1880 2636 2017 2682 nam,
2053 2636 2156 2674 non
2185 2621 2406 2684 sabbati,
2441 2621 2496 2674 ut
2525 2622 2633 2674 vult
2661 2621 2716 2676 S.
2749 2622 3082 2689 Benedictus,
3123 2625 3214 2677 sed
3253 2626 3414 2677 domi.

1881 2693 2032 2758 nicte,
2063 2693 2149 2760 qui
2183 2691 2431 2746 fratribus
2460 2692 2783 2747 hebdomada
2811 2697 3070 2761 praeterita
3098 2697 3414 2760 servierant,

1881 2762 1944 2816 iis
1973 2763 2132 2830 pedes
2164 2761 2424 2817 lavabant.
2455 2765 2510 2817 In
2541 2763 2816 2832 prmeipnis
2843 2773 3016 2819 tamen
3047 2766 3420 2821 festivitatibus

1878 2846 2166 2907 earumque
2194 2833 2402 2907 vigiliis,
2427 2851 2529 2887 non
2552 2833 2904 2907 sabbato,»sed
2935 2837 3058 2888 feria
3085 2839 3263 2906 quinta
3287 2854 3421 2907 prte-

1880 2903 2084 2956 cedenti
2135 2903 2378 2957 solebant
2433 2906 2597 2959 nostri
2652 2905 2955 2958 mandatum
2998 2903 3299 2961 celebraref
3342 2908 3419 2962 Ex

1882 2974 1963 3024 bis
1989 2975 2040 3026 in
2064 2988 2191 3026 mss.
2215 2975 2381 3027 sancti
2410 2974 2626 3032 Benigui
2651 2977 3116 3031 consuetudinibus
3137 2993 3421 3032 recensen-

1883 3053 1966 3094 tur
2004 3061 2034 3093 νε
2059 3044 2331 3098 sabbatum
2371 3059 2494 3100 ante
2538 3044 2906 3110 Pentecnsten,
2947 3060 3070 3101 ante
3109 3049 3280 3102 natale
3319 3051 3421 3101 Do-

243 3111 594 3192 incend-vntet
622 3118 993 3192 tutettttir.Mox
1019 3117 1284 3192 enimcutn
1309 3117 1358 3170 iu
1379 3111 1777 3192 hebdomadam,
1810 3170 1852 3192 ﬁ
1885 3113 2033 3192 mini,
2059 3125 2132 3192 _ct
2173 3117 2600 3192 Assumptionem
2629 3116 2688 3168 Β.
2721 3117 2898 3192 alariae
2942 3127 2996 3170 et
3030 3117 3421 3192 Dedicationem

247 3183 571 3254 utdiximus,
589 3187 753 3253 prima
775 3188 857 3240 uie
872 3187 1420 3254 postprimamdictam
1447 3187 1778 3251 intraverint,
1810 3177 1854 3233 C
1883 3183 2142 3248 ecclesia,
2172 3194 2224 3239 et
2248 3177 2434 3238 festum
2461 3185 2694 3238 omnium
2728 3185 3060 3249 Sanctorum,
3095 3187 3423 3241 Purillcatio-

247 3253 471 3322 primum
485 3271 617 3324 opus
634 3257 830 3309 servitii
850 3253 930 3308 sui
946 3253 1227 3312 munditias
1246 3258 1458 3311 oratorii
1479 3257 1779 3324 exhibeant,

245 3333 299 3378 et
326 3333 516 3378 mattas
541 3329 752 3396 oratorii
782 3326 1076 3396 pavimento
1103 3329 1564 3396 retettdant;quod
1589 3329 1640 3381 in
1665 3329 1785 3379 totis

247 3406 449 3464 septem
469 3397 652 3464 diebus
675 3395 1011 3451 hebdomadas
1033 3413 1141 3450 sua:
1170 3408 1284 3462 post
1315 3395 1595 3451 matutinos
1617 3397 1787 3451 domi-

251 3465 398 3519 nicos
437 3467 536 3520 hoc
563 3482 694 3532 Opus
747 3468 968 3533 primum
997 3466 1196 3520 servitii
1243 3467 1324 3519 sui
1365 3469 1596 3521 oratorio
1634 3467 1788 3521 exhi-

249 3536 426 3591 beant.
453 3555 473 3587 ι
494 3536 614 3590 Vide
643 3536 790 3592 Udal.
824 3537 912 3590 li'b.
945 3550 998 3600 tt,
1027 3551 1143 3604 cap.
1171 3537 1270 3598 55;
1296 3537 1384 3590 lib.
1414 3537 1607 3590 Usuum
1629 3535 1785 3603 Cist.,

251 3620 366 3673 cap.
400 3606 528 3671 {08;
559 3608 853 3662 Caeremou.
879 3607 1131 3662 Bursfeld.
1165 3607 1286 3661 dist.
1318 3607 1381 3670 2,
1411 3622 1526 3673 cap.
1555 3608 1644 3662 t5.

317 3675 480 3748 M8
505 3677 678 3731 Lintea
699 3696 810 3730 cum
826 3681 1000 3748 quibus
1019 3679 1108 3732 sibi
1137 3683 1314 3748 fratres
1333 3695 1506 3730 manus
1531 3686 1614 3730 aut
1640 3679 1788 3748 pedes

253 3759 473 3819 tergunt,
501 3748 684 3821 lavet]
724 3750 818 3806 Hic
845 3751 1092 3820 particula
1122 3760 1211 3803 aut
1247 3752 1466 3802 sumitur
1493 3749 1788 3818 copulative

288 3835 373 3882 ro,
396 3830 460 3874 et.

253 3837 484 3945 pﬂiici‘ét
513 3907 626 3944 vero
655 3901 757 3944 tant
786 3894 890 3960 ipse
910 3893 996 3962 qui
1032 3892 1281 3961 egreditur
1317 3905 1465 3961 quam
1491 3888 1576 3942 ille
1600 3891 1684 3962 qui
1712 3890 1789 3942 in-

190 4019 194 4022 ,
256 3972 481 4016 traturus
507 3972 608 4024 est,
637 3966 866 4015 omnibus
892 3961 1100 4033 lavent.]
1126 3963 1198 4014 Ita
1228 3963 1470 4015 nimirum
1498 3970 1554 4013 ut
1587 3961 1672 4015 ille
1701 3963 1789 4030 qui

252 4033 520 4100 egreditur
549 4035 706 4102 pelles
727 4035 861 4086 lavet
882 4071 896 4096 ,
920 4034 1012 4102 qui
1040 4047 1163 4086 vero
1193 4033 1480 4094 ingreditur
1509 4041 1694 4100 tergat,
1726 4048 1790 4085 ex

257 4101 575 4169 llildetnaro,
609 4103 872 4158 Bernardo
895 4101 1214 4167 Cassinensi,
1238 4102 1631 4156 Turrecretnata
1654 4142 1668 4162 ,
1698 4103 1788 4156 lib.

257 4172 636 4228 lltlonsuetud.
679 4174 833 4227 Uluu.
863 4187 980 4241 cap.
1012 4173 1078 4226 55
1098 4216 1112 4237 ,
1144 4172 1463 4227 Consuetud.
1489 4173 1544 4226 S.
1576 4172 1792 4241 Benigui

260 4255 380 4310 cap.
393 4244 480 4305 35.
508 4254 563 4298 et
584 4243 947 4299 Cteremoniali
973 4242 1419 4296 Bursfeldensiunt
1442 4243 1565 4296 di~t.
1593 4243 1642 4306 3,
1673 4257 1790 4311 cap.

257 4316 342 4369 2t.
374 4314 450 4368 De
476 4314 588 4384 _h0c
631 4315 732 4369 ritu
780 4324 862 4369 est
900 4313 1179 4380 capitulum
1214 4314 1279 4384 10
1312 4313 1688 4366 monachorum
1730 4314 1795 4367 ad

258 4383 818 4452 Attgiam'directorutn
853 4403 864 4436 :
903 4403 920 4433 ι
954 4384 1018 4438 Ut
1054 4384 1104 4435 in
1148 4383 1368 4437 sabbato
1393 4384 1602 4449 quando
1645 4399 1793 4437 mun-

261 4457 410 4508 ditias
435 4455 609 4509 facere
654 4455 849 4518 solent,
894 4454 1052 4520 pedes
1090 4467 1207 4506 cum
1256 4454 1465 4508 silentio
1511 4455 1703 4518 lavent,
1729 4469 1794 4508 ne

1885 3269 2004 3308 nem
2033 3269 2242 3323 quoque
2269 3255 2328 3309 Β.
2354 3255 2551 3319 Mariae,
2575 3264 2630 3309 et
2647 3256 3032 3310 solemnitatem
3062 3258 3160 3312 SS.
3192 3258 3422 3314 Trinita-

1886 3326 1973 3390 tis,
2003 3335 2056 3379 et
2084 3325 2261 3380 natale
2303 3327 2360 3380 S.
2394 3326 2641 3392 Mauritii,
2673 3327 2717 3379 si
2760 3334 2933 3381 tamen
2972 3330 3022 3381 in
3053 3329 3306 3393 sabbatis,
3337 3339 3425 3381 aut

1885 3395 2164 3449 dominicis
2191 3395 2376 3452 diebus
2404 3399 2696 3454 evenerint.
2727 3415 2745 3448 ι
2780 3397 2834 3450 In
2863 3398 2999 3453 libro
3027 3402 3186 3452 etiam
3227 3399 3424 3453 Usuum

1888 3465 2390 3538 Becce_nsiumistud
2419 3476 2670 3522 statutum
2697 3468 2946 3535 reperio;
2979 3487 2996 3520 t
3030 3469 3085 3524 Si
3119 3470 3294 3538 vigilia
3328 3471 3428 3522 Na-

1887 3537 2008 3590 talis
2035 3535 2244 3608 Domini
2295 3538 2514 3593 sabbato
2553 3539 2863 3608 contigerit;
2910 3540 3034 3593 feria
3083 3535 3263 3608 quinta
3308 3555 3429 3593 ante

1889 3607 2194 3684 mandatum
2219 3607 2377 3684 debet
2399 3609 2531 3684 fieri.
2565 3609 2667 3684 Pro
2684 3607 2836 3684 nulla
2857 3607 3168 3684 _alia_vigi_lia
3199 3621 3430 3684 mutatur

1889 3679 2214 3745 mandatum,
2246 3679 2290 3731 si
2314 3680 2551 3732 evenerit
2584 3679 2822 3733 sabbato.
2846 3679 2993 3746 Quod
3019 3679 3199 3746 siipsa
3231 3681 3430 3735 festivi-

1887 3755 1967 3799 tas
2005 3747 2202 3820 Natalis
2235 3749 2460 3820 Dotniui,
2505 3750 2585 3802 vel
2624 3749 2813 3820 aliqua
2859 3753 2926 3803 de
2944 3751 3050 3820 l,bis
3082 3753 3167 3818 qui
3209 3753 3429 3820 primam

1892 3818 2284 3883 processionem
2314 3819 2531 3883 habent,
2560 3818 2778 3872 sabbato
2805 3819 3066 3881 eveniant,
3095 3818 3220 3887 quia
3247 3823 3430 3875 videli-

1889 3895 1976 3941 cet
2012 3887 2366 3941 invitatorium
2408 3904 2438 3942 a
2463 3898 2687 3957 quatuor
2727 3889 2808 3941 vel
2838 3903 2868 3941 a
2915 3889 3077 3943 tribus
3107 3891 3326 3955 dicitur;
3357 3892 3431 3945 si-

1890 3957 2084 4011 militer
2115 3959 2241 4013 leria
2283 3959 2466 4028 quinta
2493 3970 2617 4014 ante
2663 3958 2822 4012 debet
2857 3958 2969 4014 ﬁeri
3010 3962 3331 4013 mamlatum.
3369 3963 3432 4016 Et

1889 4028 1934 4081 si
1961 4030 2302 4082 Aunuutiatio
2343 4029 2563 4084 sabbato
2601 4031 2858 4094 evenerit,
2892 4029 2982 4084 fiet
3011 4031 3310 4084 mandatum
3353 4033 3433 4086 fe-

1892 4101 1966 4152 ria
1993 4101 2191 4167 quinta.
2229 4119 2246 4150 ι
2283 4100 2346 4153 Et
2373 4101 2425 4153 in
2457 4117 2585 4153 mss.
2619 4100 2840 4155 Statutis
2870 4101 2925 4155 S.
2959 4101 3204 4154 Germani
3245 4117 3274 4154 a
3314 4101 3433 4156 Pra-

1895 4168 1999 4222 tis:
2034 4189 2050 4218 ι
2081 4171 2137 4223 Si
2176 4174 2364 4224 festum
2395 4171 2586 4237 duplex
2615 4172 2703 4225 die
2741 4173 3004 4224 dominico
3040 4173 3293 4237 evenerit,
3326 4188 3432 4228 non

1894 4239 1984 4293 fiet
2012 4241 2230 4294 sabbato
2261 4242 2576 4310 praacedenti
2619 4244 2920 4296 mandatum
2969 4243 3018 4294 in
3051 4243 3296 4306 claustro,
3339 4246 3433 4300 sed

1896 4311 1983 4362 tiet
2011 4311 2096 4364 die
2117 4311 2263 4365 lovis
2289 4312 2650 4379 przncedeutis.
2689 4331 2706 4363 ι
2741 4313 2942 4365 Primus
2969 4316 3054 4378 qui
3103 4317 3284 4367 buicce
3319 4330 3436 4368 ntu-

1897 4383 2080 4434 tationi
2112 4384 2281 4436 locum
2313 4385 2521 4438 dederit
2545 4385 2595 4437 iu
2635 4385 2850 4450 antiquo
2877 4384 3185 4437 Corbeiensi
3224 4384 3435 4440 ordina-

1896 4451 1979 4522 rio
2016 4466 2113 4506 ms.
2170 4455 2477 4522 perhibetur
2531 4455 2588 4508 S.
2636 4456 2809 4522 Udtlo,
2858 4457 3022 4507 abbas
3051 4454 3432 4521 Cluniacensis,

260 4525 408 4601 detur
435 4525 644 4601 occasio
683 4519 947 4601 loquendi.
976 4523 1168 4601 Ibidem
1198 4538 1324 4601 vero
1363 4525 1796 4601 sedentescolla-
1827 4545 1872 4601 ο
1897 4521 2008 4601 qui,
2057 4533 2114 4575 ut
2143 4519 2336 4601 ibidem
2376 4525 2585 4601 dicitur,
2629 4519 2798 4577 sanxit
2824 4536 2878 4576 ut
2922 4526 3224 4601 mandatum
3261 4545 3278 4601 ς
3308 4519 3437 4601 feria

260 4596 453 4649 tionem
475 4593 763 4663 complent,
786 4606 838 4650 et
859 4598 934 4650 sic
956 4595 1210 4649 accedunt
1229 4595 1293 4647 ad
1316 4593 1735 4662 completorium.
1770 4615 1788 4646 ι

263 4667 384 4720 Item
413 4673 466 4718 et
484 4680 672 4720 canon.
695 4665 763 4720 2'5
785 4667 994 4721 concilii
1023 4667 1262 4735 Aquisgr.
1289 4683 1301 4718 :
1338 4683 1357 4716 t
1395 4665 1463 4719 Ut
1491 4666 1550 4735 in»
1569 4665 1796 4730 Quadra-

260 4736 455 4808 gesima
482 4737 617 4789 sicut
641 4747 705 4808 _et_
731 4736 782 4789 in
819 4738 922 4808 alio
952 4733 1197 4808 tempore
1230 4735 1462 4789 vicissim
1491 4733 1592 4788 sibi
1618 4737 1795 4808 pedes

261 4807 452 4872 lavent,
468 4815 521 4861 et
534 4806 859 4876 antiphonas
882 4805 1000 4869 huic
1026 4807 1202 4861 ol‘licio
1231 4814 1579 4876 congruentes
1601 4805 1796 4876 decan-

263 4885 389 4930 tent.
418 4877 479 4944 tu
519 4875 680 4932 Coena
706 4893 833 4930 vero
867 4878 1070 4946 tt‘pmini
1113 4878 1271 4946 pedes
1309 4874 1548 4939 fratrum,
1580 4874 1626 4928 si
1657 4876 1796 4929 valet

205 4965 212 4973 ·
261 4946 440 5010 abitas,
463 4937 620 5012 lavet,
649 4957 701 5000 et
725 4931 1262 5012 osculeiur;zdc‘mum
1293 4931 1501 5016 propria
1532 4931 1686 4998 manu
1711 4961 1795 5012 po-

259 5018 430 5070 culum
453 5019 528 5072 eis
553 5020 797 5087 porrigat.
837 5035 855 5068 ›
887 5017 952 5070 Et
979 5033 1166 5087 canon.
1193 5016 1259 5069 ii
1286 5038 1298 5071 :
1328 5037 1346 5068 t
1380 5019 1446 5075 Ut
1470 5016 1792 5080 mandatum,

261 5087 312 5141 si.
328 5099 531 5155 tempus
556 5086 721 5142 caena:
750 5097 854 5152 est,
885 5098 988 5142 tam
1018 5086 1233 5140 fratrum
1275 5105 1432 5156 quam
1463 5091 1618 5144 etiam
1647 5102 1796 5155 pere-

259 5161 522 5226 grinorum
550 5170 664 5223 post
689 5173 894 5213 cmuam
926 5161 1030 5226 fiat.
1065 5177 1082 5208 ι

329 5228 501 5280 ltitum
533 5229 600 5280 ita
628 5228 878 5284 describit
909 5223 999 5282 lib.
1023 5228 1218 5283 Usuum
1245 5227 1469 5284 Cisterc.
1496 5244 1612 5297 cap.
1649 5227 1748 5282 108
1777 5242 1792 5280 :

161 5337 171 5348 .
264 5296 658 5354 liebdomadarii
683 5302 917 5368 coquintn
932 5299 1144 5354 redditis
1157 5296 1599 5363 cellerariovasts,
1621 5318 1639 5348 ε
1665 5315 1794 5366 βηθ-

265 5378 443 5435 parent
463 5383 577 5436 qua:
598 5369 660 5420 ad
686 5372 984 5423 mandatum
1009 5373 1299 5424 necessaria
1321 5380 1462 5422 sunt.
1480 5371 1592 5423 Mox
1616 5381 1791 5423 autem

264 5447 316 5492 ut
352 5439 555 5505 signum
596 5441 896 5506 pulsaverit,
925 5441 1089 5495 induti
1141 5441 1502 5508 scapularibus
1525 5442 1792 5508 deponant

266 5510 494 5562 cucullas
542 5525 592 5561 In
623 5509 852 5577 capitulo
877 5553 890 5567 .
923 5524 978 5566 et
1016 5515 1092 5564 sic
1120 5514 1334 5565 veniant
1383 5510 1433 5562 in
1481 5511 1788 5563 claustrum.

263 5578 543 5645 incipiente
591 5595 718 5647 ergo
765 5580 952 5633 abbate
994 5583 1328 5649 antiphonam
1381 5580 1678 5649 Postquam,
1711 5582 1794 5635 vel

261 5658 497 5712 cantore,
527 5649 744 5702 absente
768 5649 956 5702 abbate
979 5667 993 5714 ;
1021 5656 1162 5717 prior
1188 5652 1495 5704 intrantium
1525 5666 1576 5702 In
1604 5652 1790 5717 coqui-

265 5734 376 5771 nam
398 5720 568 5772 abluat
590 5720 747 5786 pedes
773 5718 994 5790 abbatis,
1019 5729 1070 5772 et
1086 5721 1264 5788 junior
1291 5732 1488 5790 tergat;
1516 5721 1614 5774 hoc
1634 5723 1792 5774 modo

265 5803 623 5858 perturreutes
651 5801 874 5846 caeteros
913 5789 964 5844 in
997 5790 1206 5845 sinistra
1246 5789 1410 5862 parte.
1441 5791 1630 5847 Junior'
1665 5807 1792 5848 vero

1898 4593 2078 4660 quinta
2106 4597 2437 4660 prtccedente
2464 4595 2806 4649 l’entecosten
2850 4611 2878 4646 a
2921 4595 3170 4650 fratribus
3197 4598 3437 4652 celebre-

1900 4672 2002 4714 tur.
2027 4663 2083 4716 ln
2113 4663 2395 4717 Nativitate
2431 4665 2587 4718 etiam
2631 4663 2856 4726 Domini,
2902 4667 3164 4733 uatalique
3199 4684 3437 4720 summo-

1898 4748 2012 4804 rum
2041 4736 2392 4802 apostolorum
2428 4735 2561 4787 Petri
2585 4742 2638 4787 et
2670 4734 2836 4795 Pauli,
2879 4744 2933 4788 et
2966 4740 3336 4804 Assurnptione
3376 4740 3435 4791 Β.

1897 4803 2099 4867 Marias,
2139 4806 2184 4858 si
2229 4807 2280 4857 in
2306 4803 2559 4865 sabbatis,
2605 4815 2692 4856 aut
2723 4809 2772 4856 in
2799 4806 3080 4860 dOIhittiCIS
3109 4803 3297 4862 diebus
3325 4824 3440 4861 eve-

1899 4874 2092 4941 tteriltt,
2125 4877 2233 4929 hoc.
2251 4875 2387 4928 idem
2422 4875 2531 4926 fieri
2557 4874 2734 4942 quinta
2767 4876 2894 4929 feria
2926 4878 3152 4931 censuit.
3190 4898 3208 4930 ι
3239 4879 3437 4944 Quibus

1896 4944 1950 4997 S.
1985 4944 2132 5014 Ilugo
2164 4945 2363 4998 addidit
2415 4963 2431 4995 t
2463 4944 2650 4998 festum
2695 4945 3036 5002 V'inculoru'a
3083 4948 3142 5001 B.
3186 4950 3345 5008 Petri,
3385 4959 3438 5000 et

1898 5017 2232 5069 festivitatem
2285 5018 2517 5068 omnium
2561 5015 2894 5076 Sanctorum.
2942 5028 2994 5069 et
3044 5021 3318 5070 transitum
3376 5017 3435 5069 Β.

1896 5084 2126 5149 Martini,
2159 5087 2576 5139 l’urilicationem
2623 5102 2830 5154 quoque
2877 5088 2937 5140 Β.
2966 5087 3162 5149 Malim,
3193 5097 3245 5140 et
3281 5090 3436 5139 "rdi-

1899 5157 2158 5211 cationem
2187 5158 2449 5219 ecclesiae,
2496 5161 2540 5209 si
2579 5168 2725 5211 extra
2758 5160 3216 5223 Quadragesituam
3243 5171 3438 5210 evene-

1899 5241 1986 5285 l'll,
2019 5238 2072 5280 et
2100 5227 2482 5280 solvtnnitatem
2515 5229 2610 5281 SS.
2644 5230 2928 5281 Trinitatis.
2961 5246 2976 5276 ι

1977 5295 2107 5351 Vasa
2136 5299 2396 5349 ministerii
2422 5298 2497 5348 sui
2523 5301 2711 5350 munda
2738 5311 2781 5351 et
2816 5314 2939 5350 80ml
2979 5297 3238 5347 cellerarto
3261 5312 3437 5347 recon-

1898 5371 2111 5434 signent.
2172 5371 2268 5432 Qui
2320 5370 2610 5420 cellerariut
2657 5371 2772 5421 item
2812 5371 3016 5419 intranti
3056 5367 3332 5435 contigua,
3382 5381 3435 5418 ut

1897 5440 2165 5507 sriutqttid
2200 5440 2306 5496 dat,
2337 5449 2422 5488 aut
2459 5440 2582 5505 quid
2626 5436 2842 5506 recipit]
2883 5437 3020 5490 Idem
3050 5436 3341 5489 decernunt
3372 5437 3431 5490 S.

1899 5510 2129 5563 Isidorus
2171 5509 2221 5561 iu
2264 5509 2480 5574 Regula,
2526 5524 2642 5573 cap.
2675 5509 2757 5570 t9,
2805 5521 2857 5560 et
2904 5507 3166 5574 Magister,
3198 5523 3314 5575 cap.
3347 5509 3431 5559 t6.

1900 5581 1972 5632 Ex
2003 5591 2177 5633 tuente
2206 5590 2377 5631 autem
2404 5578 2457 5630 S.
2505 5576 2562 5630 Ρ.
2601 5578 2863 5632 Benedicti
2901 5579 3224 5642 cellerarius,
3272 5586 3328 5628 ttt
3361 5581 3435 5630 ait

1900 5649 2249 5713 llildemarus,
2280 5651 2346 5702 ab
2370 5647 2754 5717 egredientibus
2787 5667 2803 5698 t
2839 5647 2935 5700 tria
2973 5648 3131 5701 debet
3160 5650 3431 5716 requirere

1903 5717 1956 5771 iu
2003 5723 2247 5783 vasculis,
2295 5723 2394 5772 hoc
2446 5729 2528 5771 est
2567 5720 2894 5782 munditiam,
2944 5718 3320 5788 integritatem,
3353 5732 3438 5769 at-

1901 5805 2001 5859 que
2036 5805 2344 5849 numerum;
2401 5789 2729 5860 munditiam,
2769 5793 2812 5848 si
2859 5790 3051 5846 munda
3099 5800 3255 5858 sunt;
3295 5793 3440 5846 inte-
