3918 6224
559 379 664 435 ὅτε

1924 376 1983 435 8.
2021 377 2082 436 Ρ.
2122 378 2475 441 BENEDICTl

3698 366 3786 424 εῖσ

560 493 835 564 gritatem,
879 492 925 547 si
968 504 1096 564 sana
1133 500 1289 564 sunt;
1318 504 1640 564 numerum,
1683 491 1727 545 si
1762 462 2058 564 tota__sunt_.
2092 506 2111 541 ι
2144 494 2194 550 Α
2222 492 2379 564 (Dirr.
2406 493 2461 557 5,
2497 506 2547 564 ξ.
2578 487 2704 559 l7):
2733 504 2754 540 t
2780 484 2935 544 Omni
2958 492 3203 564 tempore
3217 486 3519 564 decantata
3550 485 3603 541 in
3622 486 3783 564 eccle-

633 563 833 628 Qumrit
859 577 984 616 vero
1020 562 1105 615 hic
1143 561 1395 614 lloherius
1434 560 1767 630 quandonam
1807 558 2117 630 celleraritts

566 634 879 686 intrantibus
936 629 1363 686 ltehdontatlariis
1420 628 1542 683 vasa
1593 632 1833 697 coquinae
1886 628 2119 684 recent-i-

561 717 725 770 gnate
760 701 984 755 debeat?
1028 700 1453 767 Rcspoudelque,
1497 701 1603 754 Aut
1639 698 1819 770 ~tatim
1864 708 1921 770 ut
1962 713 2117 769 egre-

562 768 715 826 diens
745 770 1055 833 reddiderit,
1086 781 1171 822 attt
1204 772 1391 824 saltem
1422 782 1545 823 ante
1574 768 2121 834 completorium,’aut

563 842 772 895 demum
830 841 1115 904 dominica,
1158 838 1320 892 finitis
1368 839 1662 894 matutinis.
1700 837 1855 893 Certe
1909 849 2121 893 veteres

565 910 806 965 ntonachi
833 925 862 963 a
891 910 1080 979 quibus
1104 910 1158 964 S.
1187 908 1247 961 P.
1273 910 1590 964 Benedictus
1611 908 1753 963 hunc
1778 921 2036 962 canonem
2064 913 2117 963 in

563 995 710 1035 suam
750 980 1005 1048 Regulam
1036 979 1251 1041 invexit,
1285 980 1412 1033 feria
1442 980 1693 1043 secunda,
1724 994 1824 1045 qua
1860 992 2011 1032 suam
2041 980 2118 1032 in-

563 1051 830 1120 cipicbant
858 1049 1262 1120 hebdomadam,
1305 1060 1423 1112 post
1454 1050 1737 1120 matutinos
1768 1048 2123 1120 hymnoshu-

561 1117 791 1191 jusmodi
842 1121 1084 1174 utensilia
1130 1119 1229 1173 sibi
1279 1119 1685 1191 succedentibus
1735 1117 2121 1191 consigrrabant

562 1186 814 1260 (Cass‘an.
854 1192 943 1244 lib.
976 1207 1047 1255 tv,
1088 1206 1202 1259 cap.
1250 1191 1358 1257 19).
1404 1191 1481 1244 Ex
1520 1188 1653 1260 libro
1690 1198 1867 1242 autem
1896 1186 2119 1260 illsuurn

563 1258 785 1316 (LiSterc.
822 1279 841 1312 ι
868 1263 1043 1315 statim
1076 1258 1194 1328 post
1224 1274 1490 1328 tesperas,
1530 1260 1575 1314 si
1611 1258 1730 1313 dies
1754 1258 1938 1325 jejunii
1968 1258 2123 1313 fuerit

565 1331 714 1401 (Cap.
746 1331 899 1397 108);
930 1342 1020 1385 aut
1063 1341 1176 1397 post
1197 1328 1365 1401 ‘50
1391 1329 1729 1384 refectionem
1774 1330 2117 1401 serviturum,

565 1398 610 1456 si
633 1398 1042 1471 Quadrngesima
1062 1416 1078 1464 ;
1100 1401 1183 1454 vel
1206 1398 1324 1468 pust
1350 1413 1555 1455 ctrnam
1583 1398 1913 1471 eorumdem,
1940 1400 1985 1451 si
2006 1400 2121 1454 dies

568 1472 730 1525 fuerit
755 1469 983 1539 prandii,
1012 1485 1157 1533 vasa,
1183 1479 1239 1523 et
1257 1481 1447 1524 caztera
1486 1483 1606 1539 quae
1634 1470 1687 1522 in
1716 1469 1941 1537 coquina
1971 1483 2123 1525 rece-

563 1550 777 1607 perunt,
826 1540 1104 1595 ccllerario
1145 1541 1392 1602 reddant,
1443 1551 1497 1594 et
1535 1539 1843 1593 cellerarius
1882 1541 2120 1601 intranti.

563 1611 713 1677 Quod
744 1612 787 1666 si
816 1612 992 1679 aliqua
1021 1609 1087 1664 de
1114 1611 1195 1664 his
1217 1625 1334 1678 qua:
1355 1609 1623 1666 reddenda
1651 1619 1797 1671 sunt,
1828 1608 2041 1679 desunt,
2070 1612 2122 1667 in

563 1682 794 1750 capitulo
835 1678 1188 1744 επὶ-[δείδιας
1217 1690 1273 1735 et
1317 1696 1436 1748 qua:
1473 1680 1738 1734 defuerint
1778 1678 2068 1737 notificent.
2097 1701 2119 1735 ι

566 1751 763 1806 Horum
797 1766 1041 1806 vasorum
1067 1767 1160 1806 seu
1189 1752 1490 1805 utensilium
1520 1764 1798 1806 numerum
1824 1757 1880 1803 et
1904 1753 2125 1808 nomina

2218 555 2294 614 sia
2328 555 2457 615 hora
2496 560 2606 625 illa,
2646 555 2767 628 post
2797 572 2955 625 quam
2989 557 3301 612 immediate
3329 557 3570 628 reficere
3604 555 3780 611 debent

2219 630 2432 694 fratres,
2470 632 2587 684 sive
2630 626 2788 683 sexta
2830 629 3005 690 fuerit,
3048 628 3162 682 sive
3204 641 3351 681 nona
3381 644 3398 681 :
3429 628 3477 680 si
3523 626 3640 681 dies
3676 628 3779 680 talis

2213 697 2523 762 fuerit,quo
2547 697 2767 753 mixtum
2799 711 3121 765 prtesutnere
3164 698 3371 760 solent,
3398 697 3575 758 lector
3600 711 3779 751 mensa

2214 780 2270 824 et
2318 771 2545 824 servitor
2583 769 2634 821 in
2681 768 2979 837 sumptione
3014 767 3155 821 illius
3191 766 3457 822 festinent
3500 768 3779 836 praevenire

2215 840 2558 895 refectionem
2589 837 2836 903 fratrum,
2868 853 2933 890 ne
2958 838 3045 892 illa
3072 837 3208 892 forte
3237 847 3467 906 propter
3495 851 3593 892 eos
3622 850 3778 890 retar-

2211 909 2391 964 detur.
2422 927 2441 961 ο
2474 908 2567 963 His
2586 908 2832 962 omnibus
2868 907 3063 963 addere
3090 908 3357 974 potuisset
3388 907 3773 969 llildemarunt,

2217 980 2310 1047 qui
2354 979 2413 1034 8.
2449 978 2805 1047 Benedictum
2837 978 2905 1031 ita
2947 979 3208 1043 explicat:
3242 996 3263 1028 r
3302 975 3441 1031 Cum
3485 978 3621 1032 dicit
3669 986 3777 1031 ante

2221 1045 2379 1103 unam
2401 1051 2609 1116 horam,
2643 1062 2749 1102 non
2776 1045 2901 1100 dicit
2939 1057 3153 1117 propter
3173 1050 3465 1102 terminum
3491 1048 3665 1112 bona,
3693 1050 3773 1101 sed

2220 1130 2435 1187 propter
2453 1133 2743 1190 congruum
2775 1117 3125 1190 intervallum,
3150 1126 3207 1171 ut
3238 1120 3451 1185 passi"!
3491 1118 3775 1190 rationabi-

2221 1189 2343 1243 liter
2364 1188 2606 1258 accipere
2630 1188 2729 1243 hoc
2751 1189 2887 1255 quod
2910 1190 3108 1249 iussum
3130 1199 3247 1252 est;
3270 1190 3393 1255 quia
3410 1189 3492 1244 sic
3510 1189 3638 1243 alibi
3659 1188 3777 1245 dicit

2218 1258 2286 1314 de
2308 1260 2505 1316 lecture
2528 1278 2540 1311 :
2566 1258 2802 1328 Accipiat
2823 1259 3042 1328 ptixtttm
3065 1258 3371 1326 priusmmm
3397 1260 3622 1325 incipiat
3648 1261 3776 1328 lege-

2220 1344 2299 1392 re,
2330 1346 2361 1382 v
2396 1331 2476 1383 rbi
2498 1330 2690 1399 gratia,
2713 1330 2755 1381 si
2778 1328 2988 1387 tempus
3005 1338 3089 1399 est
3109 1328 3321 1399 quando
3345 1330 3411 1383 ad
3437 1345 3642 1384 nOnam
3666 1332 3774 1383 na-

2220 1402 2366 1455 ciunt
2392 1398 2605 1462 fratres,
2629 1412 2748 1452 cum
2774 1401 2980 1452 canitur
3005 1398 3163 1452 missa
3186 1398 3252 1451 ad
3273 1408 3557 1463 octavam;
3581 1412 3638 1454 et
3666 1411 3772 1462 post

2221 1469 2435 1524 missam
2462 1469 2662 1524 vadunt
2698 1483 2884 1523 omnes
2906 1468 2997 1535 qui
3032 1468 3225 1523 debent
3252 1469 3498 1537 accipere
3534 1471 3771 1531 mixtum,

2219 1541 2271 1595 id
2302 1551 2386 1595 est
2407 1538 2800 1595 bebdomadarii
2832 1538 3092 1607 coquittz.
3121 1539 3307 1601 lector,
3341 1539 3700 1606 hospitalarii,
3725 1553 3770 1594 et

2220 1611 2311 1677 qui
2368 1611 2589 1665 infirmis
2639 1611 2876 1665 serviunt
2928 1610 3144 1676 pariter,
3186 1618 3241 1663 et
3286 1610 3569 1664 inveniunt
3623 1626 3770 1679 quar-

2221 1691 2327 1737 tam
2359 1680 2505 1735 librte
2535 1682 2685 1750 panis
2727 1688 3096 1750 prtcparatam,
3133 1687 3190 1733 et
3219 1679 3459 1745 singulos
3489 1682 3722 1736 biberes.
3747 1699 3765 1731 ι

2293 1752 2427 1807 Huic
2449 1749 2686 1820 opinioni
2716 1751 2855 1820 ultro
2896 1749 3205 1820 assentirer,
3252 1750 3305 1820 ni
3337 1750 3601 1820 refragari
3632 1752 3769 1805 vide-

564 1822 802 1909 τρέψις-8
828 1820 1324 1909 alpudrudalricum,
1350 1822 1446 1879 lib.
1471 1836 1533 1887 tt,
1558 1835 1680 1893 cap.
1706 1820 1798 1886 36,
1825 1828 1881 1876 et
1904 1819 1958 1876 in
1985 1834 2116 1880 mss.
2147 1847 2196 1909 Β
2221 1831 2408 1909 rentur
2450 1835 2534 1909 ea,
2564 1819 3449 1909 quntesubjunqitﬁ.“Benedictus,

564 1892 723 1962 Cous.
751 1892 809 1948 8.
840 1890 1057 1962 Benigni
1084 1906 1203 1958 cap.
1229 1893 1316 1947 53.

632 1960 818 2018 Obiter
840 1962 925 2016 hic
946 1960 1231 2018 notandum
1262 1962 1326 2016 ad
1348 1974 1461 2027 eos,
1489 1961 1578 2031 qui
1607 1975 1674 2017 ex
1697 1965 1940 2031 coquinae
1957 1978 2119 2019 exer-

565 2033 691 2088 citio
716 2033 946 2095 exibant,
982 2034 1300 2101 pertinuisse
1327 2030 1567 2100 sequenti
1610 2030 1939 2089 hebdotnada
1978 2049 2119 2089 com-

565 2117 780 2160 munem
812 2103 984 2158 focum
1015 2104 1207 2158 hiemis
1244 2113 1480 2170 tempore
1509 2116 1828 2172 praeparare,
1861 2114 1920 2159 ut
1955 2103 2118 2160 disci-

468 2210 471 2213 ι
566 2187 682 2226 mus
710 2189 774 2229 ex
823 2173 908 2227 bis
957 2173 1241 2229 Hildemari
1284 2174 1462 2228 verbis
1498 2172 1717 2241 (Comm.
1763 2176 1817 2228 in
1863 2190 1980 2243 cap.
2015 2174 2112 2241 6):

569 2262 589 2291 ο
618 2244 792 2299 Abbas
815 2244 973 2298 debet
1002 2246 1172 2298 locum
1194 2243 1499 2310 deputatum
1525 2243 1744 2309 habere,
1773 2245 1861 2299 ubi
1888 2260 1948 2301 se
1974 2246 2116 2300 cale-

565 2315 775 2378 t‘aci-tnt,
797 2324 848 2368 et
872 2313 945 2367 illi
972 2314 1167 2370 debent
1191 2314 1362 2370 facere
1392 2313 1589 2379 focum,
1616 2316 1704 2383 qui
1733 2315 2114 2370 hebdomadam

564 2385 801 2456 coquintc.
816 2385 1146 2456 dimiserunt.
1170 2403 1189 2437 ι
1212 2386 1273 2439 Ει
1290 2399 1354 2440 ex
1376 2383 1623 2453 Udalrjco
1642 2383 1780 2455 (Lib.
1804 2402 1973 2453 t.cap.
1994 2386 2113 2456 4|):

572 2470 592 2504 ι
623 2455 772 2517 Quod
802 2455 846 2507 si
878 2464 1020 2508 tanta
1057 2464 1140 2509 est
1176 2456 1363 2510 hiemis
1392 2456 1671 2524 asperitas,
1706 2465 1789 2510 est
1823 2457 2036 2511 officina
2063 2455 2114 2510 in

562 2538 664 2597 qua
695 2525 909 2595 grandis
947 2525 1093 2597 focus
1121 2525 1189 2582 ab
1214 2528 1342 2597 ipsis
1377 2526 1628 2581 fratribus
1654 2527 1745 2597 qui
1778 2527 1995 2583 fuerunt
2020 2541 2116 2582 co-

563 2595 651 2658 qui
697 2598 889 2665 prioris
924 2595 1247 2665 septimana!
1286 2607 1613 2665 praeparatur
1635 2595 1737 2658 ;-_et
1779 2598 1905 2653 illuc
1929 2612 2116 2652 omnes

563 2673 673 2716 lztm
702 2668 927 2734 majores
979 2680 1138 2736 quam
1169 2666 1404 2722 minores
1438 2669 1656 2721 licenter
1685 2674 1963 2731 accedunt,
1994 2683 2114 2721 cum

562 2751 766 2790 summa
815 2746 990 2789 tamen
1034 2737 1318 2803 gravitate,
1366 2736 1505 2791 sicut
1538 2738 1752 2804 dignum
1808 2751 1888 2793 est
1932 2741 1985 2792 in
2024 2738 2115 2793 tali

564 2806 714 2880 hora.
742 2824 761 2856 ι
792 2807 940 2880 Apud
964 2804 1345 2880 Cistercienses
1369 2817 1542 2861 tamen
1574 2806 1693 2880 huic
1723 2810 1931 2862 muneri
1953 2811 2115 2880 depu-

564 2878 773 2949 tabatur
800 2875 1141 2949 io‘firntarius,
1187 2879 1252 2931 ad
1281 2892 1440 2948 quem
1470 2877 1762 2949 pertinebat
1796 2897 1814 2929 ε
1844 2875 2038 2949 ἱειιεηῖ
2061 2881 2114 2935 in

564 2946 902 3003 tealefactorio
923 2962 1016 3017 per
1039 2947 1266 3002 hiemem
1297 2946 1415 3018 post
1436 2947 1659 3018 vigilias,
1688 2949 1771 3002 vel
1799 2946 1920 3018 post
1947 2962 2118 3005 matu-

565 3018 718 3090 tinas,
751 3018 833 3075 vel
863 3022 1084 3086 primam
1120 3019 1293 3076 facere
1315 3017 1455 3089 (Lib.
1489 3017 1687 3074 Usuum
1728 3017 1966 3087 Cisterc.,
1996 3038 2113 3090 cap.

567 3088 714 3157 H6).
749 3107 767 3140 ο
798 3090 852 3143 In
874 3090 1178 3144 Corbeiensi
1205 3091 1527 3147 monasterio
1557 3090 1746 3145 fratres
1767 3091 1871 3145 vice
1888 3088 2122 3154 suahie-

563 3161 753 3215 malem
786 3160 1168 3215 calefaciebant
1190 3161 1429 3226 domum,
1470 3177 1533 3216 ex
1565 3160 1681 3215 Vita
1714 3159 1881 3215 Walte
1908 3163 2115 3219 abbatis

2217 1901 2387 1945 autem
2432 1892 2736 1947 solemnibus
2779 1906 2935 1960 usque
2973 1890 3043 1944 ad
3078 1890 3259 1945 missas
3298 1894 3609 1947 sustineant.
3650 1891 3771 1959 Qu:

2211 1965 2376 2017 verba
2404 1974 2701 2029 supponere
2722 1961 2966 2016 videntur
3000 1960 3121 2016 aliis
3154 1961 3345 2017 diebus
3379 1973 3510 2017 ante
3537 1962 3768 2023 missam,

2213 2033 2328 2089 sive
2352 2044 2476 2087 aute
2503 2032 2686 2086 horam
2723 2043 2829 2100 qua
2868 2030 3055 2087 diebus
3088 2031 3415 2087 solemnibus
3457 2032 3625 2086 missa
3664 2032 3770 2086 bni~

2216 2115 2303 2175 tur
2326 2104 2469 2175 (nam
2493 2111 2733 2175 tempore
2766 2100 2831 2175 _S.
2876 2100 3141 2175 Benedicti
3189 2102 3406 2175 privatis
3433 2101 3632 2175 diebus
3660 2116 3770 2172 pro-

2215 2173 2461 2231 babiliter
2489 2172 2923 2228 non'canebatur
2943 2173 3101 2226 missa
3136 2173 3369 2241 publica)
3398 2173 3631 2227 mixtum
3660 2186 3771 2228 esss

2210 2244 2561 2308 sumendum;
2584 2257 2687 2298 una
2724 2243 2953 2305 scilicet,
3004 2251 3096 2295 aut
3118 2243 3352 2309 circiter,
3384 2242 3518 2297 hora
3548 2255 3771 2299 amere-

2216 2314 2521 2370 fectionem.
2553 2314 2619 2368 Et
2639 2320 2788 2369 certe
2811 2320 3074 2380 quotquot
3100 2312 3322 2368 viderim
3352 2315 3407 2367 in
3432 2313 3692 2381 Regulam
3712 2315 3765 2369 S.

2212 2384 2487 2440 Benedicti
2509 2383 2782 2439 versioues
2799 2381 3039 2448 Gallica,
3062 2382 3201 2437 hunc
3219 2384 3391 2438 locum
3413 2386 3487 2439 ita
3511 2385 3765 2441 reddunt:

2221 2453 2334 2510 Una
2366 2459 2518 2509 heare
2544 2463 2695 2508 arant
2717 2454 2769 2506 la
2789 2453 3049 2522 réfection.
3075 2455 3391 2521 Opinionem
3427 2465 3674 2511 nostram
3692 2471 3768 2509 seb

2214 2535 2393 2597 quitur
2420 2525 2641 2597 Carolus
2664 2522 2923 2597 Coint_i_us,
2951 2522 3182 2579 Oratorii
3220 2526 3767 2597 presbyter_dnctissi-

2217 2590 2335 2650 mus
2359 2595 2571 2665 (Annal.
2592 2595 2768 2665 cretes.
2800 2590 3019 2665 Franc.,
3044 2611 3168 2649 ann.
3199 2590 3354 2663 544);
3383 2590 3768 2665 confirmatque

2213 2664 2504 2735 capitulum
2531 2664 2766 2737 quinque
2798 2664 3178 2737 monachorum
3203 2671 3267 2719 ad
3298 2666 3525 2735 Augiam
3546 2664 3767 2737 directo.

2214 2751 2355 2804 rum,
2394 2753 2498 2808 quo
2519 2736 2823 2794 decernitur
2847 2736 3237 2808 utlegentihus
3279 2737 3558 2800 fratribus,
3594 2756 3617 2790 ι
3646 2736 3764 2792 hora

2217 2822 2318 2876 qua
2362 2807 2666 2877 prmviderit
2704 2807 3022 2878 pratpositus
3066 2814 3388 2878 coittpetcre,
3436 2809 3556 2863 sive
3585 2810 3675 2875 qui
3714 2814 3762 2862 in

2214 2878 2331 2934 vice
2356 2880 2470 2948 ejus
2501 2877 2839 2943 constitutus,
2862 2878 2912 2932 id
2949 2886 3034 2948 est
3072 2877 3253 2932 senior
3288 2877 3550 2942 decanos,
3592 2879 3758 2948 pulset

2213 2947 2424 3015 signum
2447 2949 2806 3011 tintinnabuli,
2834 2958 2894 3002 ut
2919 2947 3337 3012 hebdomadarii,
3368 2960 3425 3003 et
3446 2947 3631 3005 caueri
3659 2965 3762 3005 ser-

2212 3018 2413 3074 vitorcs
2456 3021 2607 3090 juxta
2658 3028 2977 3091 prteceptum
3025 3019 3239 3088 Regula:
3298 3020 3567 3091 accipiant
3612 3035 3760 3089 supra

2210 3101 2458 3144 statutam
2482 3106 2743 3162 annonam
2770 3089 3014 3154 mixtum,
3043 3100 3102 3162 ut
3125 3105 3228 3144 non
3258 3092 3327 3145 sit
3355 3089 3437 3147 eis
3460 3107 3627 3162 grave
3641 3092 3760 3161 jeju-

2216 3163 2385 3226 nium,
2413 3162 2537 3215 dum
2579 3160 2903 3223 ministrant,
2930 3161 3211 3216 sustinere.
3257 3162 3447 3216 Lector
3468 3160 3614 3213 ’νειτο
3644 3160 3758 3229 post

564 3229 657 3282 lib.
689 3246 723 3295 ι,
753 3244 868 3298 cap.
908 3230 964 3285 Η
994 3232 1155 3297 (ch.
1182 3248 1231 3286 tv
1261 3224 1423 3295 Bm,
1441 3242 1570 3295 part.
1594 3233 1656 3296 l).
1684 3231 1739 3285 In
1762 3231 1839 3287 Re
1877 3233 1961 3288 ula
1987 3249 2114 3290 vero
2140 3224 2186 3289 C
2213 3224 2436 3289 sextarii.
2480 3240 2761 3298 antequam
2787 3230 3007 3285 accedat
3034 3233 3099 3285 ad
3127 3232 3430 3300 legendum.
3460 3252 3482 3285 ι
3515 3229 3616 3286 Ubi
3651 3224 3756 3286 dis-

564 3298 848 3373 L‘ujusdam
879 3304 942 3355 ad
966 3304 1195 3371 virgines
1220 3302 1576 3371 praescribitur
1598 3300 1748 3372 (Cap.
1774 3248 1884 3373 12?,
1914 3312 1973 3358 ut
1995 3304 2016 3357 ά
2039 3303 2118 3359 fo-
2220 3302 2476 3373 tinguitur
2526 3300 2656 3356 hora
2700 3315 2803 3371 qua
2833 3300 3226 3373 bebdomadarii
3269 3304 3563 3359 servitores
3584 3316 3752 3358 sunte-

561 3298 848 3372 Cujttsdam
879 3304 942 3355 ad
966 3304 1195 3371 virgines
1220 3302 1576 3371 praescribitur
1598 3300 1748 3372 (Cap.
1774 3298 1884 3372 12),
1914 3312 1973 3358 ut
1995 3304 2016 3357 ἁ
2039 3303 2118 3359 fo-

564 3371 739 3424 cosio
776 3374 958 3426 schola
1008 3373 1346 3440 praenitentes,
1385 3376 1430 3426 si
1461 3371 1675 3439 fuerint,
1715 3371 1853 3429 binae
1881 3383 1939 3428 et
1977 3375 2118 3429 bina:

566 3454 660 3510 per
689 3442 1045 3498 hebdomadas
1076 3443 1292 3495 faciant.
1324 3462 1343 3494 ο
1948 3486 1951 3489 .

633 3509 785 3567 Circa
814 3513 986 3569 focum
1021 3528 1356 3570 communem
1395 3512 1495 3565 tria
1541 3512 1627 3567 hic
1666 3513 1996 3571 observanda
2026 3532 2117 3572 ve-

563 3580 721 3636 niunt
750 3601 763 3637 :
788 3585 849 3640 ιο
886 3585 1035 3652 Quod
1066 3600 1131 3640 cx
1157 3583 1454 3639 Concordia
1487 3584 1763 3649 Duustani,
1793 3602 1912 3653 cap.
1942 3587 1995 3651 2,
2024 3601 2118 3643 ca—

565 3653 736 3709 lendis
787 3654 1099 3711 Novembris
1153 3656 1399 3711 fratribus
1459 3658 1839 3711 concederetur
1889 3674 2120 3714 accessus

562 3725 727 3795 ignis;
752 3724 809 3779 2°
836 3732 976 3795 quod
1018 3727 1119 3782 sub
1157 3727 1372 3783 silentio
1402 3726 1594 3781 fratres
1641 3742 1702 3782 se
1736 3728 2112 3792 calefacerent,

563 3794 626 3847 cx
655 3794 960 3852 Hildemaro
986 3813 1145 3864 supra
1173 3798 1358 3865 citato,
1394 3798 1451 3850 5⁸
1482 3797 1730 3861 Honeste,
1756 3807 1803 3851 et
1832 3817 1935 3854 non
1965 3803 2116 3856 nudis

562 3866 769 3934 pedibus
799 3881 1035 3938 prasente
1071 3868 1265 3935 aliqua,
1311 3880 1367 3924 ut
1395 3869 1580 3926 scribit
1618 3868 1755 3925 liber
1787 3870 1986 3929 Usuum
2020 3873 2113 3929 Ci-

560 3948 741 4008 sterc.,
766 3953 882 4008 cap.
913 3939 1000 3994 7'2.

633 4005 995 4084 Septimanarii
1031 4018 1199 4064 autem
1241 4019 1357 4084 ante
1384 4026 1537 4084 unant
1563 4010 2112 4084 harant_refectiOttis.]

563 4074 685 4152 ΠειΞο
706 4074 887 4147 verba,
918 4091 1033 4135 ante
1060 4097 1213 4135 unam
1253 4083 1451 4152 horam,
1497 4082 1567 4136 ita
1596 4074 1848 4152 intelligit
1877 4077 2102 4139 BernarJ

562 4150 662 4219 dus
685 4151 1034 4219 CaSsinensis,
1069 4171 1086 4203 ι
1120 4163 1175 4205 ιιι
1209 4154 1253 4205 si
1298 4151 1487 4208 fratres
1516 4150 1847 4208 reficiant'ad
1881 4162 2108 4219 sextam,

561 4217 650 4291 isti
680 4220 870 4277 debent
908 4217 1142 4291 recipere
1172 4222 1390 4277 mixtum
1418 4235 1535 4291 post
1564 4223 1805 4287 tertiam;
1850 4228 1893 4278 si
1924 4217 2112 4279 fratres

561 4288 627 4361 ad
656 4304 869 4357 nonam,
892 4293 976 4346 isti
1003 4288 1068 4347 ad
1091 4302 1322 4357 sextam;
1350 4294 1394 4347 si
1419 4288 1609 4351 fratres
1628 4295 1693 4347 ad
1723 4309 1991 4361 vesperas,
2023 4294 2110 4349 isti

562 4360 627 4434 ad
659 4375 871 4434 nonam.
905 4383 921 4412 ι
955 4361 1117 4434 Cujus
1139 4366 1455 4418 sententiam
1486 4379 1757 4434 exponens
1792 4365 2111 4422 Benedictus

561 4428 848 4503 Haeftenus
888 4428 1119 4502 (Libfx,
1158 4442 1225 4488 tr.
1264 4434 1317 4498 4,
1347 4434 1473 4500 disq.
1505 4428 1601 4503 9)':
1630 4452 1650 4487 ι
1679 4434 1757 4490 Ne
1794 4446 1990 4500 autem,
2024 4438 2109 4491 in-

558 4500 694 4574 quit,
738 4500 956 4559 nimium
1001 4505 1316 4573 anticipetur
1352 4505 1465 4560 haec
1504 4500 1652 4559 mixti
1699 4507 1959 4574 sumptio,
1999 4516 2107 4561 tam

562 4570 884 4646 Bernardum
906 4570 1276 4632 Cassinensem
1317 4589 1473 4644 quam
1498 4574 1556 4630 8.
1587 4570 1942 4644 legislatorem
1972 4592 2105 4646 prm-

562 4645 718 4716 tlictis
742 4646 883 4716 locis
929 4646 1320 4716 intelligendum
1350 4647 1578 4700 arbitror
1619 4646 1830 4701 labente
1862 4658 1953 4701 aut
1976 4645 2104 4703 fere

561 4713 706 4788 finita
740 4715 866 4769 liora
899 4716 1084 4770 ultima
1100 4713 1185 4772 'ex
1212 4717 1378 4771 tribus
1404 4717 1857 4787 ccquinocﬁalibus
1885 4733 2104 4788 respon-

561 4784 805 4856 dentibus
829 4788 916 4840 uni
950 4788 1092 4841 llOl‘lB
1115 4790 1386 4841 canonica:
1412 4805 1425 4851 ;
1456 4784 1526 4841 ita
1551 4797 1606 4840 ut
1634 4789 1721 4856 qui
1749 4798 1868 4856 post
1896 4784 2101 4843 tertiam

560 4855 772 4922 iubetur
814 4858 1031 4912 mixtum
1062 4871 1270 4912 sumere
1300 4855 1661 4913 reficientibus
1682 4855 1927 4914 fratribus
1970 4860 2099 4913 liora

559 4936 727 4989 sexta,
759 4926 882 4981 illud
898 4942 1069 4999 (sumat
1095 4929 1193 4999 sub
1223 4930 1377 4981 finem
1410 4929 1803 4997 hora-.‘quintte;
1836 4941 1890 4985 et
1914 4931 2003 4999 qui
2033 4930 2099 4982 ad

558 5005 782 5059 sextam,
840 4998 958 5052 aliis
1001 4997 1399 5053 comedentibus
1440 5014 1599 5062 nona,
1647 5000 1869 5053 mixtum
1926 4997 2102 5055 sumat

559 5070 699 5121 circa
734 5070 890 5121 tinctn
931 5069 1073 5123 hora:
1111 5080 1330 5131 octavae,
1362 5070 1478 5123 sive
1516 5070 1671 5137 paulo
1706 5081 1827 5125 ante
1872 5085 2095 5135 nonam;

558 5147 613 5191 et
640 5139 715 5192 sic
731 5137 797 5191 de
824 5138 1058 5205 reliquis.
1092 5158 1110 5190 ι
1140 5141 1364 5194 Mentem
1387 5154 1535 5194 suam
1557 5139 1833 5196 confirmat
1863 5157 1926 5196 ex
1948 5140 2100 5196 Sma-

558 5211 737 5272 rogito,
766 5209 853 5275 qui
885 5210 1023 5263 llUttc
1050 5210 1217 5262 locum
1258 5224 1548 5275 exponens,
1578 5211 1646 5264 ita
1679 5211 1833 5265 habet
1858 5230 1873 5266 :
1902 5231 1921 5263 ε
1948 5212 2097 5278 Quod

558 5291 731 5331 autem
763 5281 885 5333 dicit
908 5289 1028 5333 arte
1050 5296 1203 5333 unam
1236 5283 1415 5333 but-am
1447 5281 1780 5343 refectionis,
1809 5282 2099 5336 subintelli-

557 5350 698 5416 gitur
719 5349 770 5402 in
794 5365 897 5403 una
923 5352 1047 5404 bura
1077 5352 1161 5404 illa
1181 5363 1460 5417 ann-quam
1488 5352 1677 5406 fratres
1707 5353 2043 5413 reficiantur;
2074 5371 2091 5402 ι

557 5435 620 5473 ex
651 5420 783 5492 libro
808 5419 1003 5492 Usuutn
1038 5424 1257 5476 Cislcrc.
1289 5436 1393 5489 quo
1426 5424 1949 5492 (tl'il:SCf‘iblltll‘(Cap.
1985 5422 2096 5491 75),

560 5500 617 5542 ut
660 5508 678 5541 t
709 5491 752 5543 si
787 5490 899 5544 dies
943 5492 1099 5545 fuerit
1138 5495 1360 5560 prandii,
1412 5492 1476 5545 ad
1520 5496 1737 5547 mixtum
1773 5490 2097 5560 percutiatur

557 5562 763 5628 signum
787 5561 838 5613 in
864 5562 1083 5615 ecclesia
1112 5563 1279 5615 tribus
1308 5562 1495 5614 ictibus
1517 5573 1639 5616 ante
1668 5574 1870 5617 sextam
1899 5581 1910 5614 :
1936 5565 1977 5617 si
2002 5579 2097 5618 au-

558 5640 661 5683 tent
687 5631 894 5700 jejunii,
924 5633 1136 5686 totidem
1170 5642 1286 5699 post
1314 5642 1513 5685 sextum
1541 5650 1553 5684 :
1586 5653 1603 5685 ι
1633 5649 1723 5702 per
1754 5634 1936 5686 horam
1967 5650 2095 5686 sex-

562 5711 667 5770 tam
694 5704 876 5754 horam
915 5704 1244 5764 canonicam,
1268 5719 1381 5767 quas
1409 5703 1615 5758 canitur
1658 5705 1708 5756 in
1754 5706 1947 5770 templo
1974 5717 2098 5759 ante

557 5768 897 5836 (vict-tionem
931 5771 1247 5833 intelligens,
1294 5790 1395 5823 non
1440 5774 1619 5827 llOl'alll
1649 5768 1923 5836 diurnam;
1955 5784 2009 5827 et
2030 5789 2092 5828 ex

555 5835 714 5913 b5]
758 5838 1122 5895 Catoniuttiuli
1163 5842 1449 5911 Bursfcld.,
1503 5845 1551 5898 in
1583 5858 1686 5915 quo
1712 5843 1823 5902 lucc
1855 5844 2097 5917 leguntur

2131 4608 2183 4671 D

2220 3302 2476 3370 tinguitur
2526 3300 2656 3356 hora
2700 3315 2803 3371 qua
2833 3300 3226 3358 bebdomadarii
3269 3304 3563 3359 servitores
3584 3316 3752 3358 sunte-

2218 3383 2337 3426 rent
2358 3372 2605 3440 mixtum,
2626 3373 2693 3425 ab
2720 3387 2781 3426 ea
2804 3386 2903 3435 qua
2936 3372 3102 3426 lector
3127 3386 3344 3427 mensae.

2285 3442 2548 3513 Accipiunt
2566 3459 2718 3514 super
2735 3452 2975 3495 statutam
2993 3440 3293 3513 annonam]
3314 3443 3442 3497 Bmc
3462 3441 3623 3498 verba
3638 3442 3752 3497 duco

2209 3511 2314 3568 bus
2343 3511 2515 3570 modis
2552 3511 2774 3583 intelligi
2805 3523 3057 3583 possunt;
3097 3514 3178 3566 vel
3212 3511 3289 3567 ita
3316 3524 3373 3567 ut
3414 3515 3568 3581 panis
3603 3524 3657 3567 et
3680 3515 3750 3566 vi-

2210 3600 2340 3639 num
2362 3585 2431 3640 de
2456 3592 2654 3640 statuta
2681 3586 2810 3639 libra
2832 3584 2983 3653 panis
3005 3593 3059 3638 et
3085 3583 3297 3638 hemina
3321 3584 3434 3638 vini
3463 3594 3748 3642 sumantur.

2211 3656 2296 3710 vel
2328 3656 2399 3712 ita
2429 3664 2488 3712 ut
2512 3657 2578 3713 ad
2603 3666 2851 3711 statutam
2882 3653 3031 3724 panis
3053 3668 3117 3709 ac
3135 3654 3241 3709 vini
3269 3662 3533 3709 annonam
3562 3656 3746 3724 aliquid

2206 3727 2626 3799 gnperaddatur;
2656 3738 2714 3783 ut
2740 3727 2878 3783 idem
2906 3727 2975 3782 sit
2999 3740 3171 3799 super,
3198 3740 3261 3799 a_c
3287 3735 3505 3799 praeter,
3535 3729 3744 3799 insuper.

2210 3796 2452 3854 Priorem
2475 3813 2687 3853 sensum
2713 3806 3006 3869 sequuntur
3027 3797 3337 3869 Ileuardus,
3353 3798 3577 3854 Carolus
3594 3798 3745 3853 Com-

2207 3869 2339 3933 tius,
2372 3871 2683 3925 dissertator
2702 3867 2935 3925 Gallicus
2959 3870 3024 3925 de
3055 3868 3265 3925 hemina
3292 3867 3398 3924 vini
3417 3880 3475 3926 et
3499 3871 3631 3925 libra
3669 3884 3747 3933 pa-

2211 3940 2677 4011 nisBenedictina,
2705 3954 2825 3995 cum
2848 3938 3161 4011 quibusdam
3188 3940 3402 4011 Regula:
3426 3939 3747 4011 versionibus

2212 4007 2449 4065 Gallicis.
2491 4013 2559 4067 At
2586 4007 2899 4067 sententiam
2927 4014 2978 4065 in
3019 4012 3184 4066 altera
3212 4007 3603 4067 dissertationis
3644 4010 3747 4066 edi-

2212 4080 2356 4135 tione
2394 4085 2702 4138 retractavit
2736 4082 3068 4145 dissertator,
3117 4098 3263 4138 num.
3302 4082 3391 4146 '52,
3425 4083 3513 4137 ubi
3544 4090 3747 4137 cono-n-

2209 4150 2288 4204 dit
2310 4167 2461 4231 super
2481 4168 2511 4231 _a
2533 4153 2719 4231 Grch
2740 4154 2868 4231 bit-ip
2889 4152 3190 4231 formatum,
3211 4153 3354 4231 unde
3373 4154 3537 4231 etiam
3559 4154 3749 4224 insuper

2211 4226 2426 4289 pr0prie
2451 4223 2751 4292 significare
2780 4223 2989 4293 id'quod
3018 4223 3436 4293 superabundat.
3473 4223 3614 4279 Ideni
3634 4237 3746 4276 scn-

2210 4296 2274 4345 tit
2312 4294 2555 4348 Matthias
2596 4293 2863 4358 Lambert,
2892 4304 2945 4349 et
2980 4296 3271 4349 monachus
3295 4295 3664 4349 Cisterciensis
3697 4296 3743 4347 in

2210 4360 2406 4418 Gallica
2448 4363 2778 4433 expositione
2824 4366 3035 4434 Regula:
3082 4364 3140 4420 S.
3196 4364 3491 4429 Benedicti,
3532 4378 3743 4434 quorum

2210 4434 2409 4501 primus
2437 4432 2650 4501 Regula:
2670 4444 2868 4490 textum
2900 4432 2969 4489 ita
2993 4432 3192 4491 Gallice
3229 4434 3483 4495 reddidit,
3529 4432 3672 4490 dum
3700 4438 3744 4488 is

2206 4505 2406 4572 portion
2436 4503 2710 4568 ordonnée,
2737 4505 2871 4560 alter
2893 4520 3038 4571 vero,
3064 4505 3332 4572 pardessus
3361 4503 3416 4557 la
3445 4508 3644 4572 portion
3664 4506 3741 4572 qui

2209 4573 2321 4645 (cur
2334 4584 2406 4627 est
2432 4575 2708 4645 dessignée.
2741 4576 2938 4631 Eodem
2969 4576 3124 4645 modo
3146 4576 3303 4630 etiam
3326 4573 3382 4630 S.
3411 4575 3739 4630 Benedictum

2204 4643 2431 4710 explicat
2458 4644 2499 4698 Τ
2504 4643 2793 4701 heubaldus
2818 4647 3063 4700 Artaldus
3085 4643 3439 4711 Ctelestinus;
3472 4646 3742 4702 conﬁrma-

2205 4722 2391 4783 turque
2415 4730 2478 4770 ex
2510 4716 2679 4789 praxi,
2703 4730 2864 4785 quam
2891 4715 3181 4789 videreest
3206 4714 3367 4789 452
3390 4717 3536 4786 apud
3558 4788 3561 4789 ν
3580 4715 3740 4771 llildc-

2202 4798 2427 4848 marum,
2460 4797 2513 4840 et
2535 4786 2767 4841 maxime
2793 4786 2931 4854 apud
2964 4786 3363 4843 Udalricum’ﬁ
3387 4790 3468 4841 Ad
3496 4788 3735 4849 mixtum,

2202 4854 2392 4927 inquit,
2421 4871 2523 4911 non
2554 4858 2819 4924 accipiunt
2844 4857 2942 4910 nisi
2969 4856 3107 4927 quod
3134 4859 3191 4912 8.
3222 4857 3543 4913 Benedictus
3568 4857 3739 4927 praci-

2200 4925 2299 4997 pit,
2342 4934 2583 4995 quartam
2625 4940 2831 4995 partem
2864 4925 3024 4997 panis
3051 4928 3234 4997 absque
3259 4929 3388 4982 libra
3431 4942 3569 4990 sua;
3602 4925 3742 4982 etde

2200 4996 2320 5051 vino
2342 4998 2586 5051 similiter
2612 5014 2627 5051 :
2656 5017 2674 5047 ι
2700 5006 2755 5052 et
2772 5012 2835 5051 ex
2862 4996 3057 5067 [tegula
3082 4996 3380 5053 SJCwsarii
3404 4998 3472 5052 ad
3496 4997 3734 5068 virgines.

2197 5081 2315 5134 qua!
2334 5068 2483 5136 jubet
2509 5076 2567 5121 ut
2591 5085 2610 5118 α
2638 5082 2755 5137 qua:
2792 5079 3045 5135 coquunt,
3088 5072 3311 5134 singulis
3355 5069 3467 5122 illis
3492 5068 3628 5124 noti
3652 5081 3737 5135 pro

2199 5137 2383 5193 labore
2410 5138 2703 5202 addantur;
2732 5156 2752 5189 ι
2785 5146 2839 5192 et
2862 5153 3008 5195 certe
3031 5141 3090 5194 S.
3116 5139 3435 5195 Benedictus
3460 5137 3672 5194 biberes
3688 5150 3735 5191 et

2199 5223 2387 5277 panem
2428 5222 2534 5261 non
2577 5208 2808 5276 indulget
2851 5210 2949 5263 nisi
2998 5220 3216 5279 propter
3259 5208 3563 5279 graviorem
3604 5206 3735 5279 Iaho-

2198 5294 2349 5343 rcm;
2379 5294 2500 5333 cum
2545 5293 2674 5334 vero
2720 5290 2933 5348 propter
2962 5277 3193 5335 laborem
3235 5277 3435 5345 aliquid
3479 5277 3731 5339 concedit.

2197 5349 2326 5403 illud
2359 5349 2493 5403 solet
2523 5360 2790 5405 consuetae
2818 5364 3044 5405 annonae
3088 5349 3484 5418 superadditum
3520 5364 3660 5411 esse,
3684 5354 3735 5400 st

2196 5434 2313 5489 cap.
2354 5420 2442 5482 ’59,
2470 5417 2541 5475 40
2567 5432 2618 5475 et
2640 5420 2732 5475 41.
2782 5420 2929 5475 Adde
2961 5419 3100 5489 quod
3132 5417 3185 5473 in
3215 5422 3477 5476 sententia
3511 5418 3733 5489 “eludi

2200 5486 2662 5556 et'dissertatoris,
2688 5493 2777 5560 qui
2805 5486 3079 5558 tantopere
3105 5492 3371 5546 heminam
3396 5486 3732 5560 contrahant.

2202 5562 2245 5615 si
2273 5561 2338 5614 de
2365 5561 2573 5615 hemina
2604 5556 2718 5615 vini
2736 5556 3038 5616 assumendi
3060 5572 3242 5617 essent
3270 5562 3505 5625 biberes,
3530 5558 3619 5613 vix
3645 5556 3733 5611 ali-

2201 5631 2326 5699 quid
2371 5642 2675 5699 superesset
2715 5631 2779 5684 ad
2823 5632 3123 5699 prandium,
3163 5643 3217 5688 et
3249 5632 3317 5686 ad
3359 5642 3606 5696 cenant;
3640 5641 3731 5683 nec

2200 5714 2447 5768 magnum
2473 5702 2530 5756 8.
2562 5702 2715 5755 Pater
2742 5703 3094 5756 concessisset
3120 5703 3393 5766 solatium,
3424 5701 3573 5770 quod
3598 5710 3731 5753 artu

2200 5784 2312 5846 noti
2333 5772 2607 5839 impediret
2630 5787 2734 5841 quo
2757 5773 2928 5846 minus
2947 5787 3067 5846 cum
3088 5772 3237 5846 gravi
3262 5770 3442 5846 labore
3459 5771 3727 5846 aequent

2271 5836 2453 5915 hisque
2498 5857 2616 5899 eam
2647 5836 2845 5898 'tatuen
2892 5836 3269 5918 indulgentiam
3318 5840 3503 5901 habuit
3540 5836 3729 5915 nam
