3918 6224
246 428 350 488 $95

248 559 368 617 cat).
396 546 486 612 37;
514 545 799 617 Cujusdam
828 549 987 603 etiam
1037 547 1103 602 ad
1134 547 1363 616 virgines
1390 562 1511 617 cap.
1536 546 1629 617 15,
1657 544 1795 617 apud
1827 546 1877 608 Α
1902 546 2232 617 monasterii,
2253 548 2533 612 monacho,
2556 546 2606 602 id
2633 557 2713 600 cst
2737 549 2911 602 aiieno
2933 548 3168 617 membro
3187 547 3439 601 servireb

247 614 816 687 llieronymumepist.
845 618 936 683 22,
968 618 1019 687 in
1047 614 1241 672 concil.
1262 614 1796 687 Agathensiicapa38.

250 699 309 812 ﬁ;
330 683 525 809 maxim
550 686 609 742 S.
645 686 879 757 Eugendi
915 686 1121 743 abbatis
1162 687 1407 742 Jurensis
1431 683 1569 758 apud
1599 683 1732 741 Boil.
1772 683 1799 737 1

317 772 385 808 IIII
452 797 467 811 .

317 771 467 811 111Ιῖ11⁵.

324 826 490 880 Porro
512 841 632 882 cum
673 826 803 881 dicit
841 827 901 883 8.
948 827 1265 884 Benedictus
1293 826 1517 883 inﬁrmis
1558 827 1628 882 sit
1668 826 1804 881 cella

248 895 523 965 deputata,
548 913 567 948 ι
594 912 697 950 non
716 908 798 950 est
821 898 1215 968 intelligendum
1232 898 1299 952 de
1321 912 1425 952 una
1444 896 1806 968 tantummodo

250 970 553 1028 mansione,
580 968 656 1021 ait
682 966 1038 1032 P-ililemarus,
1069 968 1162 1023 sed
1192 969 1258 1022 de
1286 967 1554 1031 claustro,
1583 966 1682 1020 hoc
1720 974 1806 1020 est

252 1037 414 1089 domo
460 1036 551 1090 ubi
598 1038 819 1106 tlitersze
848 1049 977 1091 sunt
1028 1037 1370 1101 mansiones,
1415 1046 1678 1106 quatenus
1712 1037 1801 1103 qui

253 1106 538 1160 manducat
564 1105 680 1161 sine
727 1107 938 1163 fastidio
975 1108 1047 1161 sit
1072 1105 1488 1175 vomentis,gant
1513 1107 1579 1160 ad
1606 1110 1802 1160 exitum

252 1175 487 1229 sedentis
510 1216 525 1239 ,
556 1176 641 1231 vel
670 1177 830 1231 etiam
877 1177 1171 1231 morientis.
1207 1196 1225 1228 ι
1270 1176 1469 1232 Eodem
1501 1177 1611 1231 fere
1647 1176 1804 1229 modo

256 1243 543 1311 loquuntur
568 1246 866 1301 Bernardus
890 1247 1243 1313 Cassinensis,
1270 1247 1544 1308 Boherins.
1571 1244 1804 1301 Joannes

256 1314 325 1369 de
343 1315 763 1380 Turrecremata,
791 1324 847 1372 et
870 1316 1117 1372 Matthias
1144 1316 1469 1371 Lantbertus.
1496 1316 1805 1383 Huiusmodi

159 1396 167 1402 '
257 1383 447 1439 cellam
467 1384 650 1441 videre
677 1396 759 1440 est
782 1387 834 1440 in
864 1387 1226 1455 antiquissima
1250 1386 1555 1442 monasterii
1580 1384 1640 1441 S.
1665 1385 1803 1440 Galli

257 1455 647 1525 delineatione,
690 1458 742 1510 in
770 1458 1028 1525 superiori
1062 1457 1366 1511 monasterii
1413 1465 1563 1524 parte
1605 1457 1760 1525 sitam
1785 1496 1803 1519 ,

258 1534 414 1594 atque
441 1524 508 1578 ab
532 1524 653 1580 aliis
678 1523 905 1581 ollicinis
932 1526 1148 1581 omnino
1178 1523 1472 1593 separatam
1495 1566 1513 1591 ,
1540 1525 1606 1579 ad
1637 1523 1805 1580 instar

259 1594 481 1665 alicujus
534 1596 749 1651 alterius
794 1597 1100 1651 monasterii
1147 1606 1502 1651 constructam
1541 1611 1660 1649 cum
1707 1610 1804 1649 suo

259 1663 529 1737 claustro;
587 1665 837 1737 ingcujus
881 1674 1027 1735 parte
1072 1666 1321 1721 orientali
1371 1666 1595 1737 habetur
1635 1665 1805 1737 pisale

259 1732 433 1804 (forte
478 1732 767 1805 pyrale)et'
798 1732 1199 1799 dormitorium;
1236 1738 1288 1790 in
1339 1736 1669 1791 meridionali
1715 1749 1804 1789 ec—

261 1804 421 1858 clesia
439 1804 552 1875 sive
574 1804 860 1862 oratorium
884 1823 948 1861 ex
970 1816 1191 1875 utraque
1211 1806 1445 1861 inferiori
1474 1815 1527 1860 et
1546 1806 1803 1872 superiori

208 1878 231 1894 ’
262 1874 1631 1967 ελῖἷξῗξθῗξῖθΡὶίὲἔΕΦΨ-ιἓιὲπὲΡ,¹ἶί⁴ἱ⁸ῗ,ἓ¹ἓῖ¹ζίεὲέξ
1660 1878 1799 1967 2993'
1833 1907 1878 1967 Β

261 1944 491 1998 dentem.
511 1943 636 2000 Haec
653 1947 875 2001 ecclesia
900 1948 949 2000 in
977 1955 1118 2002 recta
1148 1946 1282 1999 linea
1304 1960 1427 1999 cum
1444 1945 1628 2014 majori
1658 1946 1801 1999 basi-

267 2013 382 2085 lica,
396 2015 479 2069 cui
496 2016 738 2085 contigua
754 2025 889 2081 erat,
904 2017 1275 2083 respondebat;
1290 2017 1361 2070 ita
1379 2025 1437 2069 ut
1449 2031 1512 2069 ex
1529 2013 1590 2069 ea
1611 2016 1803 2069 inﬁrmi

263 2084 436 2138 divina
458 2084 673 2153 possent
692 2087 870 2141 audire
890 2087 1063 2141 oflicia
1084 2103 1100 2152 ;
1131 2086 1183 2141 in
1204 2085 1519 2140 occidentali
1540 2097 1693 2140 erant
1712 2101 1804 2140 ca-

264 2169 437 2225 mera.
459 2163 516 2209 et
550 2156 887 2212 refectorium
910 2172 1029 2212 cum
1058 2158 1283 2225 coquina
1321 2156 1674 2220 inlirmorum,
1704 2156 1804 2208 mi-

268 2224 639 2294 nuentiumque
662 2229 991 2294 sanguinem,
1024 2243 1086 2282 ac
1109 2224 1414 2281 balnearum
1441 2226 1630 2293 domo;
1658 2225 1810 2280 deni-

265 2308 367 2362 que
392 2294 444 2348 in
474 2297 870 2365 septentrionali
894 2298 1085 2365 domus
1114 2297 1353 2357 magistri
1381 2296 1734 2361 infirmorum,
1757 2306 1811 2350 et

268 2364 413 2436 locus
431 2364 585 2420 valde
611 2364 958 2420 inﬁrmorum.
981 2368 1075 2421 His
1096 2367 1354 2436 contiguae
1376 2376 1527 2421 erant
1551 2366 1671 2421 alia:
1692 2367 1811 2421 duzc

265 2433 703 2502 domns,quarum
722 2451 824 2489 una
842 2436 1193 2491 ﬁebotomatis
1203 2433 1263 2491 et'
1274 2437 1552 2505 potionatis
1563 2435 1807 2504 deputata

266 2512 412 2570 erat;
432 2505 593 2558 altera
612 2505 913 2559 cubiculum
928 2506 1082 2560 valde
1106 2506 1458 2568 inﬁrmorum,
1474 2510 1686 2559 domum
1710 2520 1813 2563 me-

265 2574 519 2630 dicorum.
539 2576 824 2629 armarium
850 2577 1253 2643 pigmentorum,
1273 2577 1437 2645 ipsius
1453 2576 1639 2645 medici
1662 2589 1812 2630 man-

267 2646 470 2716 sionem
495 2645 818 2710 continebat,
843 2660 1001 2716 Supra
1022 2661 1178 2714 quam
1200 2644 1442 2700 exstabat
1461 2644 1809 2711 hei-bularius,

267 2729 361 2784 seu
388 2714 569 2768 hortus
587 2714 921 2784 simplicium.
947 2717 1072 2770 Tale
1100 2724 1217 2769 erat
1234 2716 1446 2771 ineunte
1466 2716 1662 2770 saeculo
1681 2730 1729 2769 ix
1757 2717 1808 2771 in

267 2782 597 2851 Sangallensi
628 2782 950 2842 monasterio
981 2786 1366 2840 inﬁrmitorinm
1392 2802 1407 2847 ;
1437 2787 1489 2839 in
1516 2799 1620 2853 quo
1648 2800 1810 2840 unum

267 2854 444 2907 abbati
467 2856 566 2908 soli
594 2855 914 2910 destinatum
939 2858 1265 2910 domicilium
1289 2856 1615 2911 desideraret
1636 2855 1812 2911 Hilde-

271 2938 477 2986 marus;
503 2924 579 2978 sic
600 2928 740 2978 enim
756 2940 921 2994 agens
941 2927 1009 2981 de
1030 2928 1364 2981 inﬁrmorum
1385 2927 1519 2979 cella
1546 2926 1807 2993 loquitur:

273 3008 295 3063 ᾳ
328 2993 494 3063 Quam
524 2993 710 3048 cellam
738 2993 895 3050 debet
922 2997 1086 3050 abbas
1115 2997 1292 3050 facere
1320 2996 1477 3051 talem
1506 2995 1592 3047 ubi
1618 3005 1671 3048 ct
1700 2996 1813 3063 ipse

270 3062 652 3134 ininﬁrmitate
697 3079 793 3118 sua
834 3068 1053 3131 jaceat;
1098 3074 1361 3134 quatenus
1416 3074 1470 3119 et
1515 3062 1811 3133 hospitibus

270 3131 337 3203 ad
362 3147 421 3186 se
444 3132 779 3202 venientibus
808 3136 972 3203 possit
1002 3131 1168 3201 loqui,
1198 3136 1246 3188 si
1270 3145 1412 3189 tanta
1444 3136 1600 3189 fuerit
1618 3131 1814 3188 neces-

192 3238 195 3239 ν
269 3202 421 3272 sitas,
467 3204 583 3257 sine
626 3202 1024 3272 impeditnento'
1043 3204 1407 3270 inﬁrmorum,
1448 3213 1505 3259 et
1537 3218 1657 3256 cum
1686 3205 1814 3270 ipsis

1220 428 1491 490 ιιιυυιι
1530 430 2017 489 COMMENTATA.
2053 429 2209 487 CAP.
2251 431 2484 489 XXXVI.

3339 431 3454 498 51'.

1911 614 2066 669 Addit
2096 625 2309 670 tamen:
2347 634 2367 669 ι
2405 618 2597 673 Verum
2623 617 2668 670 si
2709 632 2817 672 nec:
2838 618 2992 672 ssilns
3023 616 3177 669 fuerit
3208 627 3261 669 ιιι
3287 619 3457 681 VPs'i-Z

1908 696 2084 758 menta
2106 684 2436 741 inﬁrmorum
2462 695 2679 758 propter
2710 686 3120 758 immunditiam,
3153 686 3289 739 sicut
3312 689 3447 741 solet

1907 754 1958 826 in
1999 754 2230 822 iulirmo,
2270 754 2623 826 contingere.
2647 767 2811 824 potem
2844 758 3006 810 laicus
3045 757 3124 808 vel
3158 759 3446 811 canonicos

1908 825 2086 879 lavare
2116 826 2434 881 vestimenta
2453 825 2685 881 sordida.
2704 826 2958 879 S'tniliter
2982 826 3025 879 si
3055 840 3269 879 necesse
3289 826 3460 881 nterii?

1904 908 2097 948 carnes
2115 894 2343 959 alTerre.
2378 898 2561 959 laicus,
2594 897 2676 950 vel
2704 897 2989 950 canonicos
3011 895 3198 949 aﬁ'erre
3213 896 3387 948 debet.
3419 915 3459 939 ιι

1907 966 2057 1031 Apud
2102 964 2482 1022 Cluniacenses
2528 976 2583 1023 et
2623 967 2963 1022 [liviunenses
3004 976 3111 1018 tres
3142 966 3224 1019 his
3253 967 3446 1019 ofﬁciis

1904 1033 1938 1088 d
1976 1036 2141 1103 putati
2179 1046 2333 1090 erant
2362 1036 2563 1091 famuli.
2614 1035 3279 1091 llildemariobservationi
3310 1053 3443 1088 cnn-

1905 1104 2045 1175 cinitﬁ
2086 1106 2220 1158 istud
2270 1106 2409 1161 Petri
2457 1106 2783 1162 Venerabilis
2807 1113 3059 1160 statutum
3117 1105 3441 1175 (Statili):

1910 1191 1933 1245 ς
1965 1174 2188 1231 Inﬁrmis
2214 1176 2363 1242 ipsis,
2390 1176 2472 1232 vel
2513 1178 2832 1245 quibuslibet
2861 1177 2913 1231 in
2943 1174 3225 1230 inlirmaria
3258 1192 3443 1231 come.-

1903 1243 2167 1310 dentibus,
2193 1246 2385 1307 nullus.
2404 1254 2463 1299 ttt
2483 1243 2593 1300 ﬁeri
2618 1246 2838 1305 solebat.
2862 1247 3172 1301 famulorum
3192 1249 3444 1301 laiCurum

1903 1316 2127 1379 serviat;
2178 1316 2270 1369 sed
2323 1316 2563 1371 monachi
2615 1319 2998 1379 tantummodo,
3056 1328 3145 1369 aut
3198 1318 3439 1371 conversi

1907 1384 2131 1440 barbati.
2168 1401 2189 1436 ο
2221 1385 2299 1439 Ita
2342 1388 2395 1441 in
2446 1386 2855 1441 Gemmeticensi
2883 1386 3203 1440 monasterio
3246 1388 3344 1440 sub
3385 1385 3441 1439 S.

1908 1452 2167 1524 Filiberto
2209 1456 2399 1511 abbate
2449 1455 2588 1524 (Vit.
2640 1456 2702 1513 S.
2748 1453 2905 1509 Filib.
2941 1473 2997 1508 η.
3044 1456 3132 1520 16,
3183 1454 3316 1509 δατ.
3360 1456 3443 1517 tt).

1911 1541 1929 1574 ι
1968 1522 2253 1595 monachus
2293 1522 2662 1595 languentibus
2706 1526 2971 1581 serviebat
3014 1539 3078 1580 ex
3126 1540 3290 1579 more.
3328 1544 3346 1576 ι
3392 1526 3445 1579 In

1905 1594 2171 1649 nonnullis
2183 1610 2308 1649 vero
2322 1594 2678 1661 monasteriis,
2694 1598 2923 1651 maxime
2945 1595 3419 1650 sanctimonialium
3430 1636 3444 1653 ,

1903 1677 2117 1719 sorores
2160 1664 2384 1719 inﬁrmis
2437 1664 2865 1721 hebdomadatim
2915 1667 3234 1722 serviebant.
3285 1666 3357 1719 Ita
3389 1668 3442 1718 in

1904 1732 2223 1806 Pictaviensi
2266 1742 2465 1790 sancta:
2489 1735 2824 1805 Badeguntlis
2856 1736 2992 1806 (rrec.
3026 1749 3089 1803 ι),
3121 1752 3238 1806 quas
3273 1745 3448 1789 tameri

1905 1803 2017 1868 ipsa
2052 1822 2075 1856 ι
2106 1804 2255 1859 extra
2285 1820 2431 1859 suam
2476 1803 2873 1861 hebdomadam
2898 1803 3287 1861 infirmantibus
3329 1821 3439 1860 ser-

1906 1880 2054 1945 viens
2090 1892 2110 1926 ι
2144 1886 2279 1931 erat.
2310 1876 2384 1930 Ita
2417 1877 2467 1930 in
2497 1876 2863 1941 Troclarcnsi,
2897 1877 2949 1929 in
2972 1892 3077 1944 quo
3103 1877 3159 1931 8.
3191 1877 3448 1945 Segolena

1906 1943 2063 2008 (διες.
2105 1950 2183 2013 ιιι)
2215 1962 2235 1995 t
2273 1945 2658 2000 inﬁrmantibus
2697 1949 2813 2002 suis
2856 1943 3057 2001 vicibus
3100 1943 3386 2000 serviebat.
3424 1964 3444 1997 ι

1908 2013 2012 2068 Sed
2061 2014 2121 2068 8.
2171 2014 2453 2081 Eugendus
2483 2014 2641 2082 (Strc.
2673 2017 2717 2085 ι)
2758 2015 2975 2085 jubehat
3002 2025 3060 2068 ut
3087 2015 3309 2069 inﬁrmis
3342 2033 3361 2065 ι
3401 2015 3451 2068 in

1909 2085 2224 2139 necessitate
2243 2088 2502 2140 servirent
2524 2102 2658 2153 quos
2675 2088 2853 2154 :t-gruti
2877 2086 3206 2153 potissimum
3234 2087 3447 2148 proicies

1908 2154 2127 2221 gis~eat,
2150 2173 2169 2205 ι
2201 2154 2641 2222 quemadmodum
2672 2160 2864 2210 habent
2892 2157 3005 2221 ejus
3030 2166 3165 2216 acta,
3192 2172 3336 2209 num.
3360 2156 3447 2209 2i.

1911 2223 2183 2277 lnﬁrmarii
2208 2228 2383 2279 munia
2412 2225 2650 2280 offendes
2670 2228 2807 2294 apud
2840 2225 3072 2280 Udalric.
3098 2225 3190 2279 lib.
3224 2241 3299 2288 ιιι,
3332 2240 3448 2293 cap.

1909 2295 2010 2357 ‘25;
2033 2296 2084 2347 in
2126 2294 2214 2347 lib.
2245 2294 2446 2349 Usuum
2477 2298 2702 2364 (listerc.
2724 2311 2844 2363 eap.
2864 2297 2985 2361 illi,
3018 2305 3072 2350 et
3098 2296 3149 2350 in
3182 2296 3453 2350 Caeretan-

1911 2365 2034 2435 ntali
2068 2364 2330 2421 BursfelJ.
2351 2366 2479 2420 dist.
2500 2364 2556 2428 2,
2578 2382 2692 2435 cap.
2711 2366 2799 2420 lt).

1981 2432 2287 2505 Bameorum
2308 2451 2427 2488 usus
2459 2428 2672 2500 inﬁrmis
2709 2436 2900 2502 quoties
2937 2437 3132 2505 expedit
3163 2428 3455 2505 efferatum]

1910 2502 2193 2563 Oll'etatur.
2241 2505 2437 2571 inquit;
2465 2506 2586 2573 quia
2632 2522 2734 2561 non
2760 2509 2918 2559 debet
2960 2502 3017 2560 ut
3046 2516 3187 2571 petat
3215 2502 3454 2558 inﬁrmus

1910 2575 2237 2641 exspectari,
2262 2576 2353 2629 sed
2384 2575 2485 2629 sibi
2514 2575 2722 2638 offerri,
2757 2577 2923 2643 inquit
2953 2576 3245 2631 liernat'dus
3274 2575 3450 2629 Cassi-

1911 2643 2093 2697 nmtsis
2125 2661 2138 2697 ξ
2174 2659 2294 2697 nam
2346 2644 2697 2712 prtevettieudi
2742 2656 2869 2706 sunt
2915 2645 3137 2706 inﬁrmi,
3169 2659 3301 2711 quos
3348 2660 3450 2697 non

1911 2715 2064 2784 decet
2094 2714 2326 2784 remedia
2369 2713 2468 2768 sibi
2500 2716 2784 2784 postulare,
2815 2715 2907 2769 sed
2937 2716 3227 2784 significata
3276 2714 3451 2769 abbali

1912 2797 2005 2838 sua
2034 2782 2361 2845 inﬁrmitate,
2387 2785 2440 2839 in
2468 2783 2583 2853 ejus
2611 2785 2887 2839 charitatis
2907 2782 3140 2839 brachiis
3162 2785 3302 2838 omni
3331 2800 3453 2839 cum

1915 2853 2105 2908 ﬁducia
2151 2853 2500 2923 requiescere.
2532 2854 2681 2922 Quod
2722 2864 2896 2910 autem
2922 2855 2987 2909 de
3018 2856 3327 2908 halucorum
3355 2867 3452 2923 usu

1916 2924 2137 2977 inﬁrmis
2164 2926 2504 2979 concedendo
2534 2925 2617 2979 hic
2644 2927 2826 2980 statuit
2851 2925 2905 2980 S.
2943 2926 2999 2979 P.
3029 2924 3363 2989 Benedictus,
3387 2924 3456 2976 dc

1915 2992 2117 3066 balneis
2146 2994 2361 3062 privatis
2389 3004 2445 3049 et
2468 2995 2771 3066 domesticis
2796 2996 3190 3066 intelligendum
3211 3035 3226 3058 ,
3256 3009 3358 3046 non
3386 2994 3452 3066 de

1916 3064 2165 3135 publicis;
2200 3078 2373 3132 neque
2395 3065 2535 3120 enim
2564 3068 2634 3135 ita
2664 3067 2877 3132 expedit
2920 3064 3193 3120 monachis
3233 3064 3453 3135 vagandi

1915 3133 2088 3200 foras,
2139 3147 2367 3201 raroque
2396 3134 2636 3191 oﬁ‘endes
2688 3136 2891 3203 aliquos
2918 3146 3025 3189 tum
3057 3133 3452 3201 veteres..'tum

1915 3203 2239 3285 recentio‘ms
2285 3204 2574 3285 menacltos
2596 3249 2629 3284 ,_
2660 3210 2797 3271 apud
2821 3204 3035 3285 "(.75.
3058 3218 3202 3285 quos
3243 3204 3454 3285 aliqttud

271 3270 497 3345 inﬁrmis
535 3273 628 3344 qui
653 3265 720 3328 de
748 3276 885 3329 lecto
929 3285 1149 3345 possunt
1190 3265 1447 3345 surgere,
1501 3265 1818 3329 manducare
1842 3265 1886 3327 C
1920 3273 2212 3345 honestatis
2255 3281 2346 3345 aut
2394 3265 2662 3342 religionis
2696 3265 2945 3345 'studitim
2978 3265 3244 3345 'viguerit,
3275 3265 3459 3342 hujus-

270 3343 461 3398 valeat.
499 3361 521 3396 ι

344 3413 454 3469 llac
481 3415 532 3469 in
558 3414 693 3470 cella
732 3416 803 3471 ita
839 3417 1124 3472 manebant
1149 3417 1334 3485 aegroti
1377 3415 1549 3471 donec
1569 3414 1821 3471 convale-

270 3492 504 3555 scerent,
532 3494 590 3539 ut
612 3487 739 3539 nulli
765 3487 990 3555 regulari
1014 3486 1272 3542 exercitio
1299 3502 1399 3541 una
1414 3501 1532 3540 cum
1559 3495 1821 3541 conventu

272 3554 355 3608 eis
376 3555 631 3609 interesse
656 3554 872 3609 liceret:
902 3576 921 3607 ι
940 3554 1226 3622 Postquam
1250 3556 1414 3610 frater
1429 3555 1825 3610 manducaverit

275 3623 362 3677 vel
386 3622 571 3695 biberit
590 3626 640 3678 in
660 3625 820 3695 domo
847 3626 1173 3679 inﬁrmorum
1198 3626 1286 3679 illa
1303 3626 1390 3680 die
1407 3634 1463 3680 et
1481 3634 1634 3679 nocte
1656 3640 1825 3695 usque

274 3694 565 3747 crastinum
606 3694 672 3748 ad
698 3695 921 3763 primam
952 3696 1036 3749 vel
1064 3697 1129 3749 ad
1170 3697 1400 3760 tertiam,
1433 3706 1590 3763 prout
1616 3694 1824 3763 tempus

274 3764 611 3835 expostulat,
642 3778 791 3835 extra
821 3777 1288 3835 conventum‘esse
1312 3766 1493 3835 debet,
1526 3782 1548 3816 ι
1583 3766 1825 3835 inquiunt

272 3833 617 3905 Benigniante
638 3834 1066 3889 Consuetudincs
1088 3832 1239 3905 (Cap.
1262 3834 1353 3904 46)
1376 3852 1390 3901 ;
1417 3835 1522 3889 imo
1545 3835 1591 3889 si
1613 3832 1826 3905 quando

278 3904 572 3974 necessitas
596 3914 810 3973 cogeret
842 3917 897 3959 ut
926 3909 1236 3960 monasterii
1268 3907 1560 3959 claustrum
1589 3906 1827 3974 ingrede-

279 3986 427 4028 retur
446 3971 657 4042 aliquis,
670 3971 760 4029 'sic
783 3975 1135 4041 pertransibat
1157 3984 1212 4027 ut
1231 3976 1294 4028 ab
1317 3976 1486 4044 aliqua
1505 3977 1558 4028 in
1578 3971 1833 4030 conuentu

278 4051 512 4114 pruriente
530 4058 633 4114 non
650 4046 933 4101 videretur.
953 4046 1000 4099 id
1022 4045 1185 4114 quod,
1206 4057 1395 4112 praeter
1408 4046 1830 4101 Consuetudines

276 4112 337 4183 8.
372 4112 591 4181 Beuigni
613 4153 631 4179 ,
661 4115 955 4183 prmscriltit
997 4112 1133 4171 liber
1170 4112 1367 4172 Usuum
1397 4116 1827 4171 Cisterciensium

279 4182 379 4255 his
404 4183 580 4255 verbis
609 4200 623 4237 :
657 4201 678 4236 ι
713 4184 942 4239 lnfirmis
970 4202 1079 4240 non
1108 4188 1230 4243 licet
1262 4186 1463 4255 ingredi
1506 4188 1785 4241 ecetesiam
1808 4226 1827 4253 ,

280 4252 381 4307 nisi
404 4253 615 4321 quando
650 4255 703 4310 in
730 4270 791 4309 ea
812 4270 945 4324 opus
971 4257 1060 4311 Dei
1091 4252 1415 4323 celebratur,
1453 4271 1550 4310 nec
1588 4256 1641 4310 in
1681 4252 1828 4313 clau;

274 4332 395 4379 atro
438 4323 749 4387 demorari,
796 4323 892 4382 nec
944 4341 1064 4381 cum
1115 4327 1422 4389 monachis,
1486 4326 1680 4397 [573,
1740 4325 1831 4393 qui

282 4405 600 4465 conventum
624 4403 826 4462 tenent,
843 4397 1097 4465 signiﬁcat
1110 4412 1162 4460 e,
1181 4400 1299 4460 sed,
1315 4406 1568 4464 quantum
1590 4404 1827 4465 possunt,

279 4466 447 4588 gara:
472 4463 606 4586 i'psis
626 4504 644 4532 ,
672 4467 758 4522 vel
798 4470 867 4521 ab
891 4463 1012 4522 altis
1055 4463 1364 4522 hominibus
1392 4463 1671 4520 videantur
1689 4503 1706 4530 ,
1730 4464 1830 4521 ob-

388 4572 391 4573 ν
442 4550 472 4586 n
502 4572 517 4587 .
545 4551 567 4586 ι

1924 3343 2067 3396 modi
2109 3342 2310 3397 balneis
2334 3358 2457 3399 usos
2488 3350 2649 3399 lu-sse
2686 3360 2699 3396 :
2733 3362 2752 3394 ι
2788 3344 3123 3408 Natationes‘,
3153 3352 3207 3397 et
3233 3344 3457 3397 lotiunes

1894 3417 2203 3481 'corporum
2229 3414 2281 3467 in
2313 3414 2467 3479 mari,
2498 3414 2819 3476 llttmiuibus,
2848 3415 3065 3482 stagnis,
3097 3413 3179 3468 vel
3198 3410 3459 3467 similibus

1921 3485 2073 3551 aquis
2095 3492 2339 3553 tanquam
2367 3488 2551 3553 parum
2599 3484 2867 3548 honestas,
2896 3487 3217 3553 periculosas
3244 3486 3458 3538 omnino

1924 3553 2169 3616 omnibus
2188 3556 2426 3624 personis
2442 3557 2606 3610 nostri
2627 3556 2827 3610 ordinis
2849 3555 3205 3624 prohibemus,
3220 3554 3466 3623 inquiunt

1921 3623 2324 3697 Carthasienses
2343 3623 2514 3694 (Part.
2529 3641 2585 3697 tt,
2600 3641 2644 3679 c.
2669 3625 2759 3697 11)
2780 3626 2833 3680 in
2855 3623 3003 3680 Nova
3026 3626 3244 3681 Colleet.
3266 3627 3462 3697 Statiit.

1926 3695 1994 3746 ht
2020 3693 2433 3751 Cistercienses:
2467 3714 2487 3747 ι
2525 3696 2582 3751 Si
2610 3693 2886 3764 qute'vero
2906 3697 3162 3750 moniales
3190 3697 3254 3749 ad
3278 3694 3462 3749 balnea

1888 3808 1893 3813 .
1923 3772 2073 3818 extra
2118 3767 2436 3819 monasteria
2483 3767 2867 3835 processerint,
2898 3766 3327 3820 irremissihiliter
3354 3765 3467 3831 pri-

1925 3842 2112 3905 ventur
2141 3834 2320 3889 habitu
2365 3834 2626 3905 regulari:
2660 3837 2991 3889 licentiantes
3030 3847 3203 3889 autem
3235 3842 3289 3886 ut
3328 3848 3466 3905 pra:-

1924 3904 2065 3957 dicta
2094 3914 2278 3973 petant
2317 3904 2529 3971 balnea,
2556 3906 2873 3959 sententiam
2900 3904 3462 3958 excotnmnnicatimiis

1926 3975 2219 4028 incurrant.
2255 3993 2275 4027 ι
2309 3973 2502 4030 Huicce
2523 3983 2717 4028 statuto
2743 3975 3074 4030 occasionem
3103 3977 3240 4029 forte
3262 3974 3466 4029 dederit
3554 3995 3560 4000 ·

1927 4043 1998 4115 8ἑ
2035 4043 2387 4115 Hieronymus
2426 4045 2491 4099 ad
2532 4043 2743 4115 La-tam
2775 4046 3014 4100 scribens
3058 4045 3109 4098 in
3153 4044 3264 4099 lucc
3302 4047 3460 4098 vet-ha

1927 4112 2118 4186 (Epist.
2150 4115 2204 4182 7)
2218 4112 2287 4167 εἰ
2324 4113 2466 4186 Mihi,
2490 4113 2784 4186 omninoin
2814 4116 2991 4169 adulta
3018 4115 3223 4186 virgine
3252 4117 3462 4186 lavacra

1928 4182 2225 4250 displicent,
2254 4197 2372 4251 quae.
2396 4185 2625 4254 seipsam
2648 4183 2808 4239 debet
2836 4182 3171 4251 erubescere,
3197 4194 3251 4239 et
3272 4182 3461 4237 nudam

1925 4254 2108 4307 videre
2134 4269 2239 4308 non
2269 4267 2455 4323 posse;
2476 4256 2518 4309 si
2539 4256 2682 4309 enim
2711 4256 2901 4323 vigiliis
2928 4270 2975 4310 et
2992 4255 3211 4324 jejuuiis
3234 4262 3466 4307 macerat

1874 4348 1883 4361 ~-
1924 4336 2119 4395 corpus
2145 4335 2404 4395 suum,ret
2443 4325 2496 4378 in
2524 4334 2828 4380 Servitutem
2871 4326 3097 4395 redigit,
3141 4326 3185 4377 si
3228 4324 3465 4376 ﬂammas

1930 4394 2181 4459 libidinis,
2230 4403 2283 4446 et
2330 4394 2593 4450 incentiva
2640 4397 2890 4450 ferventis
2932 4394 3104 4449 muttis
3131 4395 3483 4461 exstinguere

1929 4462 2076 4530 cupit
2099 4463 2439 4536 continentia:
2467 4466 2688 4536 frigore.
2717 4469 2761 4519 si
2788 4464 3032 4536 appetitis
3068 4465 3311 4518 sordibus
3352 4472 3465 4516 tur;

1934 4548 2064 4603 pare
2095 4535 2309 4586 festinat
2350 4534 2640 4589 natura'em
2673 4534 3110 4601 pulchritudinem
3132 4574 3148 4600 ,
3178 4550 3272 4589 cur
3309 4550 3471 4588 econ-

356 4602 527 4685 llujus
555 4604 780 4684 instituti
803 4621 962 4685 causa
982 4606 1105 4685 .lttec
1130 4616 1249 4685 erat
1272 4646 1287 4672 ,
1317 4620 1467 4685 amor
1492 4603 1823 4685 unita-rutila:
1853 4622 1903 4683 υ
1937 4602 2103 4685 trario
2122 4604 2712 4685 ‘balnearutnfomentis
2740 4606 2943 4685 sopitos
2974 4606 3122 4685 ignes
3150 4608 3407 4685 suscitat?
3444 4624 3466 4658 ο

284 4671 374 4744 tis,
405 4672 587 4726 odium
635 4676 1058 4744 singularitatis,
1104 4693 1171 4733 ne
1210 4671 1344 4731 forte
1381 4677 1449 4730 ab
1474 4675 1592 4729 aliis
1630 4674 1825 4729 inﬁrmi

273 4742 692 4810 discreparent,
721 4742 846 4798 dum
892 4742 1157 4801 stantibus
1201 4747 1307 4801 illis
1336 4747 1422 4800 isti
1452 4745 1640 4801 sedere
1685 4745 1830 4799 vide-

285 4820 471 4885 rentur
490 4850 506 4877 ,
534 4819 693 4881 atque
727 4826 785 4867 ut
812 4830 877 4869 ex
901 4817 999 4869 hac
1018 4819 1352 4885 separatione
1378 4826 1718 4885 cogerentur,
1742 4823 1833 4868 ant

286 4883 476 4935 saltem
524 4894 872 4952 morierentnr
897 4886 1009 4952 sola
1059 4883 1373 4942 necessitate
1392 4925 1408 4948 ,
1439 4883 1545 4938 non
1570 4883 1834 4939 desiderio

284 4946 618 5077 ἒυῖῗεείοιίε
670 4954 799 5006 vitae
849 4946 1139 5045 monachos
1192 4946 1584 5010 inﬁrmitoriutn
1655 4967 1837 5023 petere

324 5037 355 5077 e
427 5037 505 5077 re.
1092 5052 1095 5053 ν

324 5037 505 5077 euere.
1018 5037 1023 5045 ’
1092 5052 1095 5053 ⁷

361 5090 428 5145 Et
448 5096 654 5170 servitur
681 5094 862 5170 timens
891 5092 1088 5170 Deum,
1111 5104 1159 5170 et
1196 5098 1432 5170 diligens,
1459 5115 1521 5170 ac
1550 5095 1843 5170 milicith

287 5160 399 5235 lmn
450 5164 631 5235 plures
671 5166 715 5219 si
771 5179 856 5235 res
904 5165 1090 5234 exigit,
1146 5160 1315 5235 inquii
1379 5160 1651 5222 Balterius.
1704 5160 1841 5222 Ideni

287 5233 529 5305 dicernit
558 5236 754 5305 [tegula
788 5234 845 5289 S.
881 5233 1154 5304 Augustini
1184 5233 1303 5305 cap.
1338 5238 1429 5304 l5,
1458 5238 1515 5290 S.
1544 5239 1755 5291 Caesarii
1777 5240 1843 5293 ad

285 5303 521 5374 virgines
566 5303 686 5371 cap.
736 5306 843 5369 30,
888 5303 1228 5360 Tarnatensis
1254 5303 1389 5374 (cap.
1418 5303 1527 5373 "21,
1571 5308 1629 5364 S.
1663 5309 1845 5363 lsidori

286 5388 411 5439 cap.
438 5371 526 5438 20,
552 5384 606 5428 et
626 5376 686 5427 S.
716 5374 993 5445 Fructuosi
1020 5390 1138 5441 cap.
1172 5376 1257 5429 10.
1283 5371 1539 5445 Apposite
1560 5393 1687 5433 vero
1708 5380 1846 5434 hunc

290 5447 466 5499 locum
489 5458 762 5518 exponens
784 5444 1113 5500 llildentat-ns
1137 5444 1415 5518 advertite
1449 5452 1569 5518 quia
1594 5449 1652 5503 8.
1676 5450 1845 5504 Bene-

288 5518 467 5568 ιιητιιιε
493 5528 613 5569 cum
636 5514 770 5567 dicit
796 5520 1006 5569 servitur
1031 5556 1047 5582 ,
1087 5531 1191 5571 non
1218 5516 1347 5571 dicit
1369 5529 1425 5572 ut
1451 5514 1735 5574 canonicos
1756 5530 1846 5575 aut

288 5582 462 5659 laicus
489 5584 605 5659 sit,_
631 5584 724 5639 sed
772 5587 1091 5659 manat-lius.
1137 5585 1268 5659 Non!
1301 5590 1477 5654 enim,
1506 5591 1728 5659 (inquit,
1759 5590 1846 5645 ille
1924 5616 1927 5621 -

290 5652 465 5738 legem
493 5655 639 5738 lagois
666 5664 756 5738 aut
801 5658 1072 5710 canonicis
1100 5657 1394 5724 constituit,
1413 5652 1514 5738 sed
1544 5652 1834 5738 monachis.

296 5725 427 5776 \idc
458 5725 722 5793 quomodo
751 5738 924 5795 potest
953 5742 1140 5781 manus
1159 5769 1176 5793 ,
1206 5739 1297 5781 attt
1327 5729 1518 5795 pedes,
1541 5742 1632 5783 aut
1652 5732 1833 5784 oculus

291 5796 505 5858 corpori
527 5798 753 5859 servire.
779 5795 947 5851 sinon
970 5797 1126 5850 fuerit
1152 5801 1204 5851 in
1225 5812 1465 5867 corpore,
1491 5802 1557 5852 ita
1580 5801 1846 5866 quomodo

295 5873 471 5933 potest
504 5868 814 5936 canonicos,
850 5877 939 5923 aut
970 5867 1153 5934 laicus,
1186 5869 1275 5938 qui
1309 5884 1413 5926 non
1442 5879 1522 5924 cat
1551 5870 1841 5926 membrum

2000 4674 2167 4745 Sarus
2182 4685 2374 4745 autem,
2402 4678 2688 4730 etmaaime
2722 4674 3020 4745 juvenibus,
3059 4675 3254 4729 tardius
3300 4689 3472 4744 conce-

1932 4741 2127 4814 datur.]
2155 4743 2280 4799 Haec
2302 4746 2399 4798 fuit
2426 4755 2674 4814 constans
2692 4741 2747 4799 ei
2784 4759 2908 4798 sana
2930 4755 3230 4800 sanctorum
3259 4741 3469 4800 Patrum

1931 4813 2189 4885 doctrina.
2203 4813 2836 4885 S.Athanasius(Syntag.
2853 4816 3147 4869 doctrin.ad
3160 4814 3327 4881 Mam,
3341 4821 3469 4884 etc):

1939 4902 1959 4935 ι
1995 4884 2049 4943 St
2074 4884 2293 4940 morbus
2316 4888 2509 4953 exigat,
2542 4886 2730 4953 inqmt,
2758 4884 2860 4939 una
2885 4899 2975 4939 aut
3000 4887 3161 4940 altera
3194 4885 3307 4939 vice
3333 4885 3467 4937 lava-

1934 4956 2131 5009 tionem
2160 4954 2379 5015 adhibe;
2408 4968 2593 5022 sospes
2630 4965 2806 5011 autem
2830 4958 3019 5013 balneo
3043 4971 3147 5010 non
3188 4955 3407 5021 indiges.
3448 4973 3468 5005 ι

1935 5023 1994 5081 S.
2020 5026 2372 5095 Hieronymus
2391 5022 2582 5090 (Epist.
2613 5025 2706 5094 4):
2741 5044 2761 5077 ί
2791 5026 3101 5081 Balnearum
3121 5027 3349 5077 [eruenta
3370 5038 3475 5079 non

1944 5106 2168 5164 quaerat,
2213 5095 2301 5165 qui
2330 5095 2831 5166 mloremgcorporis
2852 5096 3168 5166 jejuninrum
3211 5095 3356 5160 cupit
3386 5095 3476 5147 lri-

1945 5181 2074 5236 gore
2118 5164 2470 5236 exstinguere.
2507 5183 2526 5217 ι
2557 5164 2615 5221 S.
2651 5164 2880 5222 Isidorus
2908 5164 3087 5235 agens
3112 5166 3178 5218 de
3205 5167 3477 5220 monachis

1948 5235 2085 5304 (Lib.
2108 5252 2166 5299 tt,
2188 5236 2252 5289 de
2272 5235 2411 5301 Ofltc.
2441 5236 2642 5302 ecclcs.,
2665 5252 2780 5306 cup.
2809 5235 2928 5306 15):
2954 5255 2972 5287 ι
3003 5235 3246 5289 Lavacris
3268 5245 3477 5290 utantur

1945 5322 2209 5372 nunquam
2237 5306 2587 5361 delectatione
2627 5308 2903 5378 corporis,
2950 5306 3043 5378 sed
3097 5321 3216 5378 raro
3263 5317 3480 5374 propter

1946 5378 2313 5432 necessitatem
2361 5377 2565 5444 languor
2583 5381 2654 5443 is;
2692 5377 2797 5433 set
2841 5379 2891 5430 in
2945 5377 3312 5444 liegulau'ap.
3345 5381 3474 5444 2n):

1951 5466 1970 5498 ι
1997 5448 2223 5502 Lavacia
2254 5445 2379 5498 nulli
2410 5451 2666 5501 monacho
2681 5449 2914 5503 adeunda
2939 5449 3110 5501 studio
3133 5448 3333 5499 lavandi
3354 5462 3479 5501 cur-

1981 5523 2113 5582 aris,
2141 5516 2239 5569 nisi
2265 5519 2629 5572 tantummodo
2659 5535 2755 5586 pro
2785 5527 3098 5572 necessitate
3130 5518 3414 5583 languoris.
3450 5534 3477 5573 ο

1981 5532 2113 5582 oris,
2141 5532 2239 5569 IllSl
2265 5532 2629 5572 iantnmmooo
2659 5535 2755 5586 pro
2785 5532 3098 5572 necessitate
3130 5532 3414 5583 languoris.
3450 5534 3477 5573 ο

1944 5532 2004 5644 ἓ.
2032 5588 2293 5642 Ctesarius
2320 5586 2374 5640 in
2419 5586 2616 5658 Regula
2644 5592 2709 5642 ad
2739 5588 3164 5642 sanctitnnnialcs
3191 5587 3339 5656 (Cap.
3364 5586 3480 5658 29):

1951 5678 1970 5709 ι
2005 5658 2233 5712 Lavacra
2279 5657 2432 5726 cujus
2477 5656 2755 5712 inﬁrmitas
2779 5660 3017 5726 exposcit
3058 5658 3271 5711 minime
3320 5656 3484 5714 denuo

1944 5740 2221 5795 gentur....
2270 5729 2317 5781 si
2366 5737 2538 5782 autem
2586 5728 2729 5781 nulla
2778 5729 3081 5783 inlirmitate
3105 5729 3479 5796 compellitur,

1945 5797 2217 5865 cupiditati
2238 5812 2347 5851 suce
2370 5813 2474 5851 non
2498 5798 2792 5866 praebeatur
2818 5813 3083 5854 assensus.
3114 5816 3133 5849 ο
3158 5798 3215 5852 S.
3249 5799 3485 5867 Leander

1949 5867 2049 5945 (De
2077 5867 2250 5922 lmtit.
2303 5870 2451 5936 rirg.,
2495 5885 2543 5921 ε.
2577 5869 2696 5939 lli):
2735 5888 2753 5920 ι
2794 5872 2987 5929 lialtteo
3015 5885 3118 5923 non
3166 5883 3261 5939 pro
3304 5871 3485 5928 studio
