3918 6224
74 415 198 469 "J7

1088 412 1356 468 REGULA
1396 412 1678 468 COMMEN

1786 413 1887 465 TA.
1928 411 2082 465 CAP.
2127 412 2363 467 ΧΧΧίΧ.
3240 412 3339 464 623

82 542 264 587 cncta
296 546 417 586 cum
447 543 549 582 uno
593 527 758 582 crudo
795 528 859 582 ad
898 527 1210 597 prandium,
1245 529 1570 597 totidemque
1612 528 1677 582 ad
1712 532 1760 588 Α
1786 526 1903 599 bus,
1936 526 2221 597 herbisque
2247 528 2583 584 hortensibus
2612 536 2927 599 vescuntur;
2977 541 3201 599 quorum
3237 533 3346 594 ple-

82 615 325 658 (mnam
349 600 698 654 concessisse.
1234 636 1251 649 .

180 671 507 737 Respondet)
532 670 592 725 S.
627 668 966 723 Benedictum
993 669 1122 722 satis
1150 684 1414 736 superque
1441 668 1683 723 diverso-

89 759 232 794 rum
260 740 553 795 infirmitati
583 740 893 805 providisse,
918 740 1023 791 duo
1044 740 1109 791 ad
1136 740 1411 805 prandium
1439 739 1693 806 pulmen—‘

92 813 253 865 toria
284 820 434 864 cocta
484 807 862 870 concedendo,
907 820 960 861 et
990 809 1203 862 tertium
1256 808 1322 861 ad
1369 824 1575 863 ccenam
1618 823 1682 861 ex

90 884 291 947 potiris
321 890 410 933 aut
455 878 637 933 herbis
672 878 853 931 crudis
873 916 892 938 ,
919 892 1038 945 quze
1063 879 1150 931 vix
1181 879 1436 932 deficiunt
1482 880 1535 932 in
1566 892 1683 931 mo-

92 950 368 1007 naStei-iis
393 949 456 1002 ad
487 950 601 1016 ejus
628 957 855 1001 mentem
882 947 1180 1012 mdiﬁeatis,
1211 948 1312 1003 hoc
1340 957 1451 1011 est,
1490 948 1543 1000 in
1570 948 1685 1016 qui-

95 1024 217 1077 bus
272 1020 397 1073 nihil
452 1019 640 1073 deesse
680 1018 869 1080 debet,
902 1018 953 1069 in
994 1019 1187 1085 quibus
1226 1019 1442 1085 spatiosi
1494 1018 1631 1072 horti
1666 1058 1681 1082 ,

94 1092 504 1146 utnnaeliurum
534 1089 779 1141 manibus
806 1088 1083 1141 excolendi
1104 1132 1119 1153 ,
1156 1089 1420 1141 contineri
1467 1087 1678 1141 debent.

97 1164 192 1217 Ac
224 1164 273 1215 si
322 1159 646 1221 deﬁcerent,
696 1159 823 1211 satis
871 1157 1035 1211 fuisse
1086 1157 1312 1212 addictis
1358 1159 1683 1225 poenitentia:

97 1230 398 1287 monachis
427 1230 479 1283 in
508 1231 627 1283 solo
652 1243 867 1281 coartare
897 1242 1049 1297 pane.
1084 1228 1191 1281 Nec
1226 1228 1293 1282 de
1321 1228 1379 1281 S.
1413 1227 1683 1282 Benedicti

98 1310 303 1356 mente
322 1299 662 1365 judicandum
692 1313 812 1352 esse
837 1313 901 1351 es
933 1313 1028 1351 usu
1057 1309 1110 1353 et
1136 1300 1448 1352 remissione
1477 1310 1683 1351 nostro-

96 1387 240 1427 tum
288 1384 613 1438 temporum:
664 1368 757 1422 sed
803 1383 871 1422 ex
908 1368 1239 1422 districtione
1276 1380 1331 1422 et
1376 1369 1684 1422 austeritate

97 1452 360 1497 veterum
384 1442 786 1501 momehornm,
802 1438 995 1502 quibus
1015 1453 1062 1505 pi
1076 1453 1109 1490 0
1126 1440 1329 1505 magnis
1345 1449 1459 1492 erat
1480 1438 1684 1491 deliciis

98 1512 180 1566 ad
209 1526 401 1580 panem
434 1510 627 1579 aliquid
670 1509 956 1561 addidisse.
983 1512 1139 1561 Certe
1165 1509 1541 1562 Cluniaceuses
1575 1516 1684 1561 toto

100 1579 247 1636 annui
271 1593 526 1641 tempore,
550 1596 650 1633 una
674 1589 891 1646 excepta
914 1579 1683 1648 Quinquagesimteduminica,

100 1653 167 1706 in
220 1651 338 1704 solo
380 1665 514 1718 pane
554 1663 833 1710 cantasse,
886 1658 977 1702 aut
1030 1650 1104 1718 ad
1144 1649 1430 1702 maximum
1485 1650 1685 1701 fructus

100 1722 319 1778 erudos
356 1717 419 1772 ad
451 1734 638 1789 panem
666 1717 996 1789 adhibuisse,
1027 1717 1202 1784 colligi
1229 1728 1400 1784 potest
1422 1734 1490 1773 ex
1521 1718 1683 1772 Uda!-

100 1794 232 1847 rico
272 1790 409 1861 (Lib.
466 1806 514 1861 ι,
548 1806 661 1857 cap.
697 1788 789 1857 1:9)
840 1804 856 1843 :
894 1805 913 1837 ι
963 1789 1019 1841 lu
1066 1791 1542 1857 Quinquagesima,
1601 1789 1684 1861 in-

99 1858 290 1931 quit,‘
316 1862 434 1929 quia
456 1860 524 1913 de
554 1869 747 1912 extero
778 1872 875 1931 nec
900 1873 1152 1931 caseum,
1183 1872 1279 1931 nec
1305 1874 1404 1931 ora
1448 1858 1679 1931 comedi-

101 1928 243 1986 riius
264 1972 278 1994 ,
319 1928 437 1999 post
466 1943 713 1995 vesperas
753 1928 818 1981 ad
862 1942 1068 1983 cmuam
1125 1930 1193 1982 de
1221 1928 1347 1995 ipsis
1375 1930 1491 1981 ovis
1520 1930 1683 1981 coctis

104 2003 168 2055 in
203 2002 389 2070 pipere
438 2000 692 2053 hebennus
726 2003 1003 2070 generale;
1043 1999 1181 2070 quod
1222 2006 1337 2051 toto
1378 2014 1517 2051 anno
1574 2015 1683 2051 am-

106 2068 263 2139 plius
284 2085 387 2124 non
413 2070 690 2137 centingit,
715 2079 769 2118 nl
791 2068 989 2139 aliquid
1016 2082 1079 2122 ea
1104 2069 1215 2139 vice
1239 2070 1528 2121 habeamus
1548 2082 1683 2136 μνω-

105 2138 201 2195 ter
230 2144 402 2195 solum
433 2154 651 2205 panem;
682 2147 736 2190 et
761 2139 804 2190 si
843 2138 976 2191 forte
1016 2145 1141 2191 sunt
1168 2138 1220 2191 in
1248 2140 1679 2205 proniptu‘cntda

106 2226 312 2279 poma,
371 2212 451 2264 \el
491 2224 551 2264 ea
605 2226 722 2275 qua:
757 2209 809 2259 in
851 2209 1172 2262 ferramento
1209 2219 1576 2279 Οιιτιΐιιείρτιιῑιι
1617 2212 1682 2261 de

106 2278 500 2347 conspersione
537 2279 717 2330 fartum
749 2281 1074 2330 tenuissimae
1126 2280 1290 2341 tiunt',
1322 2280 1472 2331 et'ab
1506 2278 1681 2331 homi-

110 2352 282 2403 nibus
323 2350 572 2402 Romanze
619 2350 807 2415 lingue
857 2349 1095 2413 nebulae,
1138 2364 1168 2399 a
1222 2349 1545 2401 nostratibus
1582 2364 1685 2415 ap-

112 2421 391 2489 pellanth
426 2418 866 2489 oblatze.r_|dem
898 2418 950 2471 in
990 2431 1117 2489 russ.
1153 2416 1215 2471 S.
1262 2418 1489 2489 lienigni
1512 2418 1685 2489 Divin-

111 2485 311 2543 iiensis
334 2485 815 2541 Consuetudinibns
838 2501 957 2554 cap.
983 2487 1074 2551 55,
1092 2499 1145 2541 et
1171 2489 1223 2541 in
1250 2485 1527 2541 Ordinario
1556 2488 1686 2541 Cor-

112 2561 357 2615 beiensis
394 2557 697 2611 monasterii
743 2555 903 2609 etiam
955 2556 1151 2610 clarius
1201 2558 1684 2619 continetur;nam

113 2628 267 2698 quod
301 2627 577 2698 Udalricus
607 2625 849 2698 ambigua
876 2640 1009 2698 voce
1051 2627 1351 2693 expressit,
1394 2628 1685 2698 perspicuis

114 2695 323 2754 ibidem
349 2697 520 2751 verbis
546 2696 847 2749 enuntiatur
870 2711 883 2745 :
916 2712 934 2743 ι
968 2695 1103 2748 Τοιο
1129 2708 1270 2749 anno
1291 2711 1395 2749 non
1427 2697 1685 2763 contingit

114 2781 184 2824 ut
212 2769 497 2836 quidquam
538 2766 858 2836 generaliter
888 2765 954 2818 ad
1008 2779 1216 2818 cmnam
1261 2765 1550 2836 habeamus
1589 2782 1682 2817 co—

112 2834 296 2902 ctum,
326 2834 517 2905 pra'ter
537 2850 725 2904 panem
753 2834 947 2899 solum,
983 2836 1082 2887 uisi
1110 2836 1194 2887 vel
1207 2835 1372 2889 cruda
1396 2849 1571 2903 poma,
1598 2836 1683 2888 vel

114 2924 185 2965 ea
208 2923 330 2975 quae
353 2910 491 2961 ferro
516 2910 739 2959 charact
762 2917 897 2967 rato,
928 2915 1029 2975 etc.
1069 2923 1087 2954 ι

195 2973 443 3032 Secundo
468 2977 659 3047 Opponi
690 2986 865 3043 posset
892 2974 1178 3047 capitulum
1207 2973 1273 3047 16
1301 2976 1682 3047 monachorum

118 3045 568 3115 Sangallensiuni,
591 3057 848 3111 statuens,
885 3064 903 3095 ι
932 3057 990 3097 ιιι
1010 3045 1278 3098 reﬁciendi
1309 3045 1499 3100 fratres
1520 3064 1681 3100 unutn

120 3119 457 3188 pulmentum
499 3131 618 3170 cum
664 3125 787 3184 potu
815 3127 869 3168 et
896 3117 1051 3168 horto
1076 3130 1169 3188 seu
1206 3116 1408 3188 pomis,
1449 3117 1493 3168 si
1536 3128 1677 3182 sunt,

121 3185 253 3241 ante
279 3201 336 3240 se
364 3188 659 3251 inveniant;
702 3194 820 3252 post
845 3200 960 3254 quae
988 3192 1042 3238 et
1070 3185 1174 3238 alia
1202 3186 1397 3238 dentur
1430 3201 1550 3251 quae
1582 3188 1682 3241 lie-

1788 598 1939 664 rique
1967 599 2127 651 etiam
2159 613 2260 652 nec
2286 601 2463 651 vinum
2493 600 2697 653 bxhum.
2729 598 2823 653 Die
2850 614 2978 652 vero
3011 599 3151 651 domi
3197 599 3275 651 ira
3300 612 3345 652 et

1791 668 1845 720 in
1892 667 2269 725 festivitatibus
2317 670 2596 736 prmeipuis
2631 670 2789 723 etiam
2832 680 3077 736 quartum
3114 669 3348 722 addimus

1789 737 2151 805 pulmentum,
2190 740 2427 806 exceptis
2470 739 2733 800 smituula,
2777 750 2960 804 quztrla
3006 750 3061 792 et
3081 749 3232 793 sexta
3277 741 3348 793 fe-

1785 807 1904 869 riis.
1944 827 1964 859 ι
2001 807 2099 862 Ubi
2147 808 2301 876 quod-
2336 819 2565 875 quatuor
2607 810 2811 861 festivis
2850 808 3037 862 diebus
3086 809 3350 875 pulmenta

1788 875 2087 947 nduisirata
2111 877 2377 942 dicuntur,
2412 879 2813 947 intelligendum
2838 890 2921 931 est
2944 889 3049 931 tam
3081 893 3176 945 pro
3203 893 3347 945 pran-

1787 946 1877 999 dio
1900 963 2055 1015 quam
2078 962 2175 1015 pro
2215 962 2388 1013 cmna,
2418 959 2469 999 ut
2500 946 2605 1002 duo
2635 948 2699 1000 ad
2728 948 2998 1012 fraudium
3030 948 3239 1015 duoque
3283 948 3347 1001 ad

1787 1032 1995 1070 ett-nam
2019 1018 2300 1083 unicuique
2324 1018 2707 1084 praeberentur.
2733 1019 2912 1084 Nerine
2932 1019 3072 1070 enim
3098 1018 3348 1072 credibile

1788 1098 1866 1139 est
1888 1086 2071 1140 Ῐειιιδιὶς
2094 1088 2196 1140 illis
2219 1088 2548 1154 temporibus
2566 1102 2687 1143 octo
2708 1086 2891 1140 diebas
2914 1086 3061 1142 festis
3084 1088 3348 1157 pulmenta

1788 1171 1894 1209 uno
1913 1157 2003 1210 die
2030 1171 2285 1211 concessa
2314 1159 2495 1212 fuisse.

1858 1225 2120 1283 Caeterum
2153 1228 2306 1279 istam
2333 1227 2635 1295 opinionem
2663 1226 2941 1281 conﬁrmat
2968 1235 3205 1282 veterum
3238 1243 3348 1282 mo-

1788 1298 2079 1350 nacboium
2127 1299 2343 1365 praxis,
2391 1301 2480 1364 qui
2529 1315 2634 1351 non
2679 1298 2799 1367 plus
2837 1298 3065 1350 edebant
3093 1298 3349 1353 Sulveudn

1782 1367 2040 1435 jejunium
2063 1382 2130 1434 qu
2171 1366 2371 1419 ιιιίΙΙιιιΙ
2401 1366 2692 1430 Semindo,
2721 1368 2950 1421 coiiteuti
2981 1368 3079 1420 hoc
3099 1382 3225 1421 casu
3262 1382 3347 1421 attt

1787 1439 2092 1490 refectionis
2122 1447 2330 1503 tempus
2353 1439 2644 1503 prmvenire
2673 1438 2736 1489 ad
2773 1448 2973 1489 sextam
2997 1478 3011 1499 ,
3043 1448 3134 1490 aut
3162 1440 3348 1491 solitos

1787 1508 1937 1560 cibos
1962 1510 2092 1559 duas
2126 1507 2175 1558 in
2216 1507 2625 1561 rel'eetiunculas
2662 1506 3000 1560 distribuere.

1858 1580 1994 1630 Sunt
2019 1579 2120 1644 gqui
2170 1578 2500 1649 refectionem
2538 1578 2892 1649 quotidianam
2933 1576 3017 1649 hic
3057 1576 3348 1649 intelligunt

1788 1658 1946 1712 pr'tut
1990 1645 2274 1715 opponitur
2322 1645 2597 1702 refectioni
2644 1648 2848 1701 dierum
2898 1645 3249 1711 selemniumi
3299 1650 3349 1701 in

1788 1719 2010 1786 quibus,
2034 1719 2213 1776 aiunt,
2242 1718 2462 1770 meliora
2492 1729 2547 1770 et
2588 1717 2735 1783 plura
2774 1717 2971 1769 debent
3009 1718 3198 1785 apponi
3236 1720 3375 1785 μυί-⁷

1792 1800 1985 1851 menta,
2032 1803 2189 1855 quam
2230 1788 2349 1840 aliis
2386 1788 2574 1842 diebus
2609 1787 2968 1855 quotidianis:
3010 1805 3028 1836 ι
3070 1786 3173 1841 Alii
3194 1798 3349 1849 sunt.

1794 1858 1963 1925 inquit
1999 1858 2362 1916 llildemarus,
2395 1859 2483 1926 qui
2511 1858 2869 1926 quotidianam
2901 1855 3241 1911 refectionem
3273 1859 3347 1913 in-

1790 1929 2035 1996 telligunt
2063 1927 2129 1979 de
2157 1928 2347 1981 diebus
2373 1928 2620 1994 privatis.
2648 1937 2699 1980 et
2730 1929 2782 1980 in
2823 1926 3147 1980 solemnibus
3204 1927 3348 1994 plus,

1789 2008 2005 2064 propter
2051 1997 2181 2049 illud
2230 1997 2369 2064 quod
2410 1997 2549 2049 idem
2591 1996 2647 2051 S.
2697 1996 3010 2052 Benedictus
3052 1996 3176 2049 alibi
3224 1998 3346 2050 dic:t

1786 2069 1974 2120 delius
2005 2066 2223 2134 privatis
2252 2077 2303 2120 et
2324 2064 2619 2130 dominica;
2647 2078 2704 2120 ut
2728 2068 2858 2119 sicut
2884 2067 2988 2118 illic
3013 2064 3196 2118 divisit
3216 2068 3347 2120 inter

1789 2139 2019 2205 privatos
2040 2137 2153 2189 dies
2179 2147 2232 2189 ct
2259 2136 2602 2201 dmniuieam,
2628 2152 2749 2189 cum
2775 2137 2842 2189 de
2869 2135 3059 2189 olficiis
3088 2136 3250 2202 dixit,
3282 2138 3348 2190 ita

1786 2220 1841 2260 et
1881 2209 1931 2260 in
1982 2207 2083 2259 hoc
2112 2207 2228 2260 loco
2272 2207 2587 2273 intelligitur
2623 2207 2903 2270 divisisse,
2959 2219 3078 2259 cum
3124 2207 3250 2258 ὠνὴ
3288 2218 3352 2260 ad

1788 2277 2128 2331 refectionem
2150 2276 2539 2345 quotidianam;
2567 2291 2629 2329 ae
2654 2292 2745 2344 per
2771 2290 2870 2329 nec
2895 2291 2943 2327 ιη
2968 2290 3032 2328 eo
3058 2275 3198 2342 quod
3225 2277 3350 2331 dicti

1788 2349 1851 2400 ad
1883 2347 2223 2402 refectionem
2276 2348 2669 2413 quotidianam,
2701 2347 2856 2398 datur
2886 2345 3141 2414 intelligi,
3184 2361 3239 2398 ut
3284 2351 3350 2401 ad

1789 2419 2131 2472 refectionem
2150 2418 2465 2470 solemuium
2484 2417 2687 2470 dierum
2709 2415 2908 2485 aliquid
2938 2416 3056 2484 plus
3083 2426 3137 2470 et
3162 2418 3348 2472 melius

1789 2502 1909 2539 esse
1939 2488 2153 2541 debeat.
2194 2506 2212 2537 ι

1861 2558 2127 2628 Ξθῖιδίε
2146 2555 2345 2628 [tegula
2371 2554 2657 2628 cujusdam
2671 2555 2736 2609 ad
2766 2554 3014 2625 virgines,
3032 2571 3150 2625 quae
3164 2570 3349 2626 magna

1786 2642 1851 2679 ex
1870 2624 2033 2694 ’μιτιέ
2053 2642 2117 2680 ex
2146 2624 2491 2694 Benedictiua
2524 2639 2731 2692 sumpta
2758 2624 2900 2679 esti:
2937 2643 2955 2675 ι
2995 2624 3348 2691 ριιυιὶάιιιιῐίς,

1786 2696 1958 2763 inquit
2006 2694 2157 2762 (Cap.
2206 2693 2323 2761 10),
2348 2695 2538 2748 diebus
2574 2698 2818 2749 sufﬁcere
2857 2695 3194 2749 decernimus
3242 2700 3347 2751 duu

1788 2768 2018 2831 fercula,
2065 2764 2304 2833 exceptis
2334 2779 2609 2831 pomorum
2659 2767 2842 2829 doliis,
2873 2766 2938 2818 de
2966 2766 3347 2830 leguminibus,

1786 2837 1872 2888 Vel
1898 2836 1967 2889 de
1993 2837 2229 2889 oleribus
2263 2835 2497 2888 conferta
2524 2875 2540 2900 ,
2590 2850 2683 2888 seu
2728 2838 2913 2889 farina:
2950 2836 3186 2904 qualibet
3226 2852 3347 2892 eun-

1785 2908 2156 2975 spersiune....
2181 2904 2355 2959 FeStis
2385 2920 2511 2959 vero
2539 2907 2725 2958 diebus
2752 2921 2845 2974 pro
2872 2910 3163 2959 reverentia
3188 2923 3349 2962 sacrze

1786 2977 2142 3030 solemnitatis
2172 2977 2406 3045 pluribus
2430 2976 2583 3037 cibis,
2611 2977 2660 3028 id
2688 2988 2770 3028 est
2794 2976 2959 3029 ternis
2979 2976 3064 3030 vel
3088 2982 3350 3045 quaternis

1788 3047 2005 3100 ferculis
2052 3058 2177 3100 sunt
2215 3060 2439 3113 corpora
2468 3045 2754 3100 reficienda
2788 3064 2802 3098 :
2845 3047 2922 3100 sic
2956 3057 3131 3100 tamen
3176 3058 3270 3112 ut,
3310 3052 3350 3102 si

1786 3118 1938 3185 plura
1970 3126 2094 3170 sunt
2120 3116 2317 3171 cibaria
2339 3130 2583 3185 numero,
2612 3119 2718 3169 sint
2744 3116 2983 3182 minora,
3027 3126 3084 3168 ut
3132 3132 3350 3185 corpora

1789 3184 2097 3242 necessario
2135 3188 2256 3239 cibo
2289 3184 2615 3247 reficiantur,
2664 3196 2716 3239 et
2756 3202 2859 3238 non
2893 3187 3049 3238 nimia
3076 3184 3348 3241 saturitate

118 3259 252 3325 gula
274 3258 504 3310 mandat.
533 3275 553 3309 ι
583 3248 673 3309 illa
693 3248 995 3308 autem'alia
1020 3255 1157 3307 haud
1186 3266 1407 3323 possunt
1430 3248 1552 3310 esse
1578 3257 1680 3310 nisi
1705 3248 1755 3315 C
1785 3260 2122 3310 damnentur.
2162 3274 2181 3305 ι
2214 3254 2285 3325 Et
2310 3263 2456 3325 certe
2485 3268 2548 3307 ea
2584 3255 2692 3325 fuit
2732 3258 3022 3321 priscorum
3059 3259 3347 3325 monacho-

119 3327 418 3381 secundum
446 3329 772 3394 pulmentum
795 3334 1024 3391 coctum.
1059 3325 1198 3392 Ergo
1230 3328 1327 3378 tria
1357 3325 1421 3377 ad
1447 3325 1682 3395 singulas

121 3395 442 3451 refecﬁones
469 3396 716 3451 concedit
742 3395 1320 3451 sanctus/Benedictus.

196 3464 513 3533 Respondeo
552 3465 837 3531 capitulum
874 3465 1013 3533 istud
1042 3465 1438 3531 intelligendum
1469 3480 1590 3521 esse
1616 3466 1683 3519 de

122 3530 417 3590 refectione
438 3551 555 3604 qua:
582 3530 772 3604 jejunii
791 3530 977 3604 diebus
998 3534 1149 3586 unica
1180 3530 1248 3604 ιιι
1264 3533 1329 3585 ad
1361 3549 1582 3598 nouam,
1616 3538 1681 3589 ad

120 3621 285 3671 quam
317 3607 413 3659 tria
442 3602 653 3673 quidem
690 3602 957 3674 pulmenta
988 3609 1214 3674 sanctus
1228 3602 1382 3674 Pater
1422 3605 1677 3674 indulget,

122 3670 217 3727 aut
257 3683 403 3727 certe
430 3670 551 3727 illos
590 3671 877 3727 monachos
905 3674 1107 3724 locutos
1146 3670 1307 3724 fuisse
1339 3672 1489 3739 juxta
1530 3670 1681 3727 usum

123 3744 208 3798 sui
233 3744 561 3799 monasterii:
1116 3763 1135 3775 α

253 3813 358 3881 03
385 3812 566 3865 Tertio
586 3812 775 3879 opponi
799 3820 979 3878 posset
1003 3810 1287 3865 llildemari
1320 3812 1677 3866 testimonium

122 3884 192 3936 ad
216 3882 337 3936 iiazc
358 3882 515 3935 verba
538 3882 759 3933 addatur
777 3893 821 3933 et
843 3883 1045 3934 tertium
1064 3883 1140 3934 sic
1161 3882 1441 3935 scribentis
1472 3899 1484 3932 :
1521 3902 1539 3932 ι
1571 3884 1682 3936 Hoc

122 3963 305 4007 autem
331 3952 614 4005 notandum
638 3958 741 4012 est,
769 3952 889 4018 quia
920 3951 973 4003 in
1000 3950 1184 4004 diebus
1213 3952 1432 4018 privatis
1454 3991 1468 4014 ,
1502 3953 1544 4003 si
1576 3969 1679 4004 non

126 4026 289 4077 fuerit
314 4022 480 4087 calor,
510 4031 599 4075 aut
628 4020 889 4074 maximus
918 4019 1086 4083 labor,
1121 4021 1228 4073 duo
1249 4022 1443 4075 debent
1468 4036 1586 4075 esse
1613 4025 1678 4076 ad

123 4103 329 4147 sextam
353 4091 695 4160 pulmentaria
717 4099 865 4144 eucta
889 4102 941 4142 et
963 4104 1121 4143 unum
1147 4089 1389 4151 crudum,
1423 4102 1477 4145 et
1505 4092 1568 4143 ad
1597 4107 1682 4144 se-

126 4179 241 4217 ram
267 4164 476 4216 tertium
504 4169 736 4224 coctum,
760 4160 801 4212 si
829 4162 1086 4212 cmuaturi
1115 4170 1239 4212 sunt
1273 4160 1337 4211 ad
1375 4160 1681 4214 aestimatiu-

125 4250 250 4287 nem
281 4234 455 4299 panis;
493 4231 543 4284 id
582 4238 683 4295 est,
715 4230 837 4294 quia
862 4232 995 4282 sicut
1023 4231 1134 4297 ipse
1162 4230 1311 4293 dicit,
1341 4230 1471 4282 duas
1504 4243 1679 4297 paztes

127 4303 274 4355 libras
302 4303 451 4369 panis
490 4300 647 4354 debet
679 4302 967 4353 monachus
995 4300 1314 4354 manducare
1342 4302 1406 4352 ad
1436 4312 1638 4354 sextam
1659 4342 1673 4363 ,

126 4385 185 4425 et
210 4372 414 4424 tertiam
439 4371 504 4423 ad
531 4385 704 4424 seram
722 4411 738 4433 ,
767 4372 813 4424 si
840 4379 1144 4424 caanaturus
1169 4379 1278 4431 est;
1320 4370 1388 4421 ita
1427 4371 1583 4424 etiam
1612 4375 1679 4425 de

128 4442 413 4510 pulmentis
440 4441 826 4509 intelliguntur,
856 4442 956 4493 huc
983 4452 1064 4493 est
1099 4441 1202 4493 duo
1226 4439 1492 4506 pulmenta
1525 4457 1673 4495 coeta

129 4512 319 4573 habeat
366 4512 655 4564 monachus
684 4512 746 4563 ad
775 4520 1015 4573 sextam,
1058 4519 1113 4563 et
1159 4512 1370 4564 tertium
1415 4512 1671 4575 crudum;

129 4590 187 4635 et
210 4570 463 4659 adseram
494 4594 654 4632 unum
676 4570 1257 4660 Puilltetllllfn-ﬂuctum,
1290 4581 1428 4671 quod
1460 4593 1541 4634 est
1563 4570 1678 4650 jani’
1701 4610 1752 4671 Β

128 4651 339 4703 tertium
372 4659 618 4712 coetum,
647 4650 799 4702 sicuti
838 4650 1044 4702 tertiani
1087 4658 1287 4717 partem
1321 4650 1467 4704 libra:
1501 4667 1667 4716 panis.

128 4720 190 4774 Si
234 4728 405 4771 autem
460 4720 524 4769 ad
578 4732 768 4771 nonam
812 4718 968 4772 fuerit
1026 4721 1374 4773 manducandi
1431 4731 1673 4786 tempus,

131 4787 283 4858 jussit
306 4786 852 4858 dariduopulmeuta
883 4798 1061 4850 cocta,
1104 4800 1158 4842 et
1180 4806 1338 4841 unum
1368 4793 1610 4845 crudum.
1649 4810 1669 4842 ι

120 4856 139 4927 ς
204 4856 508 4923 Ιὶεεροιιᾱεο
539 4856 893 4909 llildemarmn
941 4860 1076 4912 forte
1124 4861 1355 4915 locutum
1388 4860 1551 4915 fuisse
1588 4877 1673 4915 se-

132 4926 353 4984 cundum
389 4938 543 4978 usum
584 4927 664 4977 sui
697 4929 992 4986 meuasterii
1013 4969 1026 4990 ,
1056 4939 1112 4981 ct
1147 4945 1210 4983 ex
1243 4932 1341 4983 huc
1372 4933 1675 4985 testimonio

134 5002 313 5053 saltem
339 4993 523 5049 haberi
544 5009 645 5047 non
673 4998 771 5047 tria
798 4997 861 5048 ad
888 5011 1092 5050 cmnam
1124 5000 1411 5063 pulmenta,
1436 5001 1529 5054 sed
1558 5003 1675 5054 uni-

134 5082 248 5120 cnm
268 5066 520 5120 duntaxat
535 5066 928 5118 concedendum
950 5081 1087 5121 esse.
1106 5068 1222 5121 Nec
1236 5069 1441 5123 creditu
1461 5071 1675 5127 difficile

136 5148 212 5191 est
236 5138 459 5203 majores
478 5142 687 5189 nostros
706 5137 1027 5202 prarseripta:
1064 5152 1094 5188 a
1118 5137 1176 5191 S.
1207 5139 1493 5193 Benedicto
1532 5143 1677 5196 cibo-

136 5221 246 5260 rum
274 5219 532 5276 mensurae
556 5203 748 5276 aliquid
772 5206 1065 5276 addidisse,
1096 5220 1213 5259 cuiu
1237 5210 1393 5276 hujus
1427 5210 1503 5264 rei
1528 5212 1676 5265 lucu-

136 5286 324 5328 lentum
342 5274 408 5328 de
421 5274 668 5328 coenobio
684 5274 983 5326 Cassineusi
1006 5274 1365 5330 testimonium
1388 5280 1676 5336 habeamus

136 5347 188 5399 in
217 5343 433 5411 epistola
477 5343 825 5415 'l'heodemari
872 5343 957 5415 ad_
976 5344 1221 5399 Carolnm
1268 5350 1672 5415 imperatorem,

135 5416 276 5481 cujus
303 5416 413 5467 haec
433 5414 590 5466 verba
617 5429 629 5464 :
658 5430 678 5462 ι
717 5411 905 5465 Beatus
932 5412 1085 5466 Pater
1112 5426 1290 5468 noster
1314 5411 1541 5472 instituit
1566 5411 1671 5475 duo

136 5494 274 5539 cncta
305 5483 646 5550 pulmentaria
677 5483 728 5534 in
754 5482 1054 5551 quotidiana
1093 5483 1384 5539 refectione
1418 5490 1670 5545 fratribus

138 5554 430 5629 praeparari,
459 5564 514 5608 et
563 5553 771 5629 tertium
815 5552 882 5629 de
924 5552 1274 5629 leguminibus
1311 5561 1494 5613 crudis
1533 5576 1668 5629 aqua

133 5622 341 5688 infusis;
384 5638 480 5678 nos
500 5638 624 5676 vero
643 5637 711 5691 ex
742 5622 1069 5675 institutione
1098 5622 1356 5691 majorum
1387 5630 1483 5679 tria
1519 5622 1668 5683 cocta

140 5693 474 5760 pulmentaria
520 5693 637 5747 aliis
663 5690 881 5747 diebus:
919 5701 1104 5759 quarta
1134 5690 1193 5745 et
1221 5704 1368 5747 sexta
1404 5696 1536 5750 feria
1562 5701 1669 5753 duo

139 5771 333 5837 tantum
375 5762 676 5837 reficiendis
700 5760 965 5837 (fratribus
993 5776 1396 5837 ‘praeparainus,
1449 5782 1670 5837 excepto

140 5833 267 5902 quod
286 5833 461 5891 plures
480 5850 544 5888 ex
570 5833 817 5894 [ratibus
841 5831 1036 5885 nostris
1065 5846 1199 5901 pane
1221 5838 1419 5889 tantum
1448 5837 1532 5893 his
1558 5831 1667 5896 dic-

434 5935 689 5992 ΡΔτειοιι
770 5935 968 6005 LXVI.

1789 3342 1908 3380 rum
1934 3324 2284 3387 consuetudo,
2305 3333 2362 3376 ut
2390 3323 2540 3376 festis
2565 3323 2952 3392 doiuinteisque
2981 3324 3168 3378 diebus
3194 3330 3349 3392 paulo

1786 3398 2008 3450 liberius
2035 3395 2429 3462 exciperentur.
2461 3393 2517 3446 S.
2543 3394 2807 3447 Ca‘sarius
2837 3395 2887 3446 in
2920 3394 3117 3463 Regula
3152 3393 3218 3449 ad
3250 3398 3347 3451 vir.
3402 3394 3405 3395 ⁷

1785 3468 1936 3536 gines
1966 3465 2057 3536 (In
2090 3465 2325 3536 Recepit.
2351 3463 2587 3536 (ηιμ-16)
2614 3482 2626 3514 :
2656 3483 2673 3513 ι
2714 3464 2773 3536 In_
2800 3465 3169 3519 festivitatibus
3191 3469 3348 3536 majo-

1784 3532 1931 3590 ribus
1958 3535 2020 3587 ad
2050 3534 2324 3599 prandium
2353 3542 2405 3585 et
2431 3532 2493 3584 ad
2518 3547 2723 3588 emuam
2752 3534 2948 3587 fercula
2976 3532 3347 3603 addantur;'et

1785 3605 2156 3659 recedentibus
2174 3604 2240 3657 de
2267 3617 2329 3655 ea
2367 3603 2696 3656 dulceamiua
2741 3604 2978 3657 addenda
3011 3616 3153 3658 sunt.
3188 3628 3203 3657 ι
3226 3607 3348 3663 san.

1786 3688 1903 3728 ctus
1926 3676 2248 3745 Aurelianus
2271 3673 2321 3724 in
2347 3683 2568 3745 utraque
2588 3675 2654 3745 ad
2669 3674 2956 3728 monachos
2976 3684 3030 3728 et
3044 3680 3107 3728 ad
3125 3677 3348 3745 virgines

1786 3745 1984 3812 Regula
2011 3746 2163 3814 (Cap.
2194 3742 2255 3795 51
2290 3754 2337 3794 et
2366 3742 2459 3812 35)
2492 3760 2505 3795 :
2539 3762 2558 3794 ι
2594 3744 2928 3814 Ριειιιθνειό
2966 3747 3123 3797 certis
3148 3742 3345 3801 teStivi-

1786 3816 2000 3875 tatihus,
2026 3824 2117 3868 aut
2138 3814 2347 3882 quando
2362 3823 2575 3867 sanctus
2592 3814 2753 3866 abbas
2776 3813 3151 3879 indulgentiam
3178 3820 3346 3872 facere

1783 3888 2042 3949 voluerit,
2070 3895 2198 3938 tunc
2230 3893 2610 3946 procurentur;
2654 3901 2673 3933 ι
2707 3884 2837 3935 etin
2869 3882 3055 3935 ordine
3083 3887 3345 3951 convivii,

1783 3970 1939 4021 quem
1968 3955 2177 4022 utrique
2204 3951 2417 4021 Regula:
2445 3952 2716 4019 subjunxit
2748 3969 2760 4002 :
2813 3971 2833 4002 ι
2878 3951 2932 4005 lu
2977 3952 3346 4011 feStivitatibus

1787 4030 1933 4087 veru‘,
1966 4035 2020 4077 et
2045 4023 2256 4091 quando
2287 4024 2447 4075 abbas
2479 4022 2830 4091 indulgentias
2878 4023 3105 4075 voluerit
3135 4025 3340 4090 facisre,

1782 4105 1833 4144 et
1856 4095 2057 4148 cibaria
2086 4103 2340 4160 quanttun
2370 4093 2618 4155 voluerit,
2649 4106 2697 4144 et
2732 4101 2972 4147 recentes
2995 4094 3269 4148 addantur.
3322 4120 3340 4151 ι

1783 4164 2008 4218 Sanctus
2027 4164 2257 4217 Isidorus
2281 4160 2426 4230 (Cap.
2463 4161 2549 4223 10)
2570 4181 2581 4213 :
2604 4180 2621 4211 ι
2644 4162 2746 4215 Per
2772 4179 2982 4216 onmem
3007 4174 3182 4219 autem
3212 4167 3345 4221 lteb-

1780 4234 2063 4287 domadam
2112 4234 2303 4285 fratres
2345 4233 2719 4302 vdesolerum
2769 4234 2948 4295 cibos,
2994 4248 3057 4287 ac
3098 4237 3342 4302 pallentia

1780 4313 1994 4357 utantur
2039 4302 2333 4371 legumina;
2366 4303 2418 4353 in
2449 4301 2634 4355 diebus
2664 4318 2792 4355 vero
2833 4305 3030 4356 sanctis
3079 4301 3340 4363 interdum

1779 4390 1898 4427 cum
1928 4374 2165 4427 oleribus
2214 4372 2602 4426 levissimarum
2647 4373 2883 4427 carnium
2913 4374 3186 4439 alimenta.
3227 4394 3245 4426 ι
3280 4382 3337 4431 δ.

1780 4444 2104 4497 Fructuosus
2134 4440 2280 4511 (Cap.
2312 4444 2369 4509 5)
2400 4459 2415 4494 :
2454 4460 2472 4491 ι
2524 4444 2710 4495 \‘ivant
2758 4443 2886 4495 solis
2916 4442 3150 4502 oleribus
3178 4455 3227 4497 et
3270 4450 3343 4499 le-

1776 4514 2095 4581 guminibus,
2126 4528 2351 4580 raroque
2374 4513 2637 4580 pisciculis
2661 4512 2966 4565 fluvialibus
2986 4514 3069 4565 vel
3094 4516 3336 4580 marinis;

1777 4596 1831 4636 et
1882 4586 1983 4637 hoc
2011 4586 2183 4651 ipsum
2214 4588 2442 4649 -quoties
2481 4598 2538 4636 se
2585 4583 2951 4651 opportunitas
2997 4584 3217 4638 fratrum
3257 4593 3339 4642 vel

1780 4646 2046 4708 festivitas
2059 4646 2410 4706 solemnitatis
2434 4646 2638 4704 dederit
2661 4646 2914 4719 alicujus,
2939 4665 3147 4706 servata
3179 4657 3229 4709 in
3262 4657 3343 4712 his

1778 4739 1841 4795 et
1884 4726 2147 4795 similibus
2178 4721 2355 4795 causis
2384 4721 2788 4795 disc_r_etione.__r
2823 4721 3056 4791 Denique
3097 4722 3345 4795 Magister

1777 4794 1929 4864 (Cap.
1956 4794 2051 4863 ‘26)
2084 4810 2099 4845 :
2128 4812 2147 4841 ι
2184 4791 2671 4864 nominat-odievel
2698 4791 2818 4844 aliis
2846 4795 2993 4847 festis
3022 4791 3229 4861 diebus,
3250 4801 3342 4853 sed

1778 4861 1832 4919 et
1864 4861 2077 4929 propter
2098 4875 2380 4934 extraneas
2400 4861 2741 4914 advenientes
2765 4879 3018 4930 personas
3040 4867 3228 4934 quovis
3255 4872 3342 4922 die

1779 4936 2036 5001 quidquid
2052 4934 2251 5004 addere
2264 4931 2431 5004 abbas
2446 4933 2497 4983 in
2517 4934 2635 5004 etho
2658 4936 2902 5001 voluerit,
2919 4946 2975 4988 ut
2992 4931 3114 5004 pote
3132 4941 3338 5003 majori.

1778 5005 2109 5065 conceditur;
2129 5002 2215 5054 vel
2243 5002 2535 5053 dulciorum
2562 5002 2758 5069 aliqua,
2789 5002 3079 5058 secundum
3106 5009 3341 5061 testimo-

1778 5076 1924 5127 nium
1953 5071 2094 5141 quod
2139 5070 2330 5139 legitur
2354 5072 2405 5143 in
2431 5071 2563 5124 Vitis
2594 5073 2841 5143 Patrum;
2894 5075 2982 5127 ubi
3018 5086 3113 5143 pro
3150 5076 3338 5130 diebus

1777 5146 1929 5198 festis
1949 5144 2233 5213 delicatum
2263 5141 2531 5213 petierunt
2554 5142 2836 5213 {Domino
2862 5141 3037 5198 cibum
3058 5184 3073 5207 ,
3100 5154 3153 5197 et
3180 5160 3337 5213 appa-

1776 5217 1883 5268 ruit
1909 5216 1989 5267 eis
2013 5226 2133 5267 cum
2165 5210 2286 5263 favo
2316 5211 2557 5280 angelus.
2577 5212 2804 5267 Tantum
2826 5225 2926 5279 est,
2955 5225 3011 5266 ut
3038 5210 3339 5269 consideret

1775 5284 2161 5351 :Bqualitatem,
2190 5292 2245 5333 et
2275 5280 2437 5348 fugiat
2476 5285 2876 5351 corruptibilem
2922 5283 3270 5339 nimietatem.
3310 5305 3331 5337 ι

1776 5356 1879 5409 Sed
1905 5352 2350 5424 his-indulgemus
2371 5368 2489 5420 quae
2513 5354 2573 5424 in
2590 5356 2864 5407 monachis
2879 5363 2984 5405 tota
3008 5353 3334 5424 hebdomada

1776 5425 1905 5476 solis
1939 5421 2292 5490 leguminibus
2328 5423 2697 5488 vescentibus,
2746 5431 3010 5491 utcunque
3048 5423 3337 5479 tolerandae

1778 5504 1923 5554 sunt,
1951 5505 2107 5558 parce
2129 5492 2349 5544 omnino
2370 5494 2621 5547 utendum
2646 5502 2756 5557 est;
2784 5506 2904 5545 nam
2942 5501 2999 5546 et
3028 5492 3088 5547 S.
3112 5492 3336 5548 Benedi-

1776 5572 1894 5616 ctus
1910 5563 2072 5616 festus
2085 5558 2200 5613 dies
2223 5566 2511 5629 nequejtoc
2537 5564 2731 5632 capite,
2754 5575 2924 5630 neque
2945 5562 2996 5614 in
3012 5572 3115 5616 tota
3136 5563 3334 5630 Regula

1775 5632 2097 5702 quotidianis
2117 5635 2356 5702 opponit.
2389 5634 2499 5687 lmo
2520 5644 2731 5702 semper
2750 5632 3055 5686 meminisse
3071 5632 3341 5702 debemus.

1776 5700 1917 5766 quod
1963 5701 2040 5752 ait
2069 5701 2267 5767 Regula
2297 5702 2579 5770 Cujusdam
2607 5700 2671 5757 ait
2702 5703 2990 5756 monachos
3030 5700 3180 5770 (Cap.
3222 5703 3342 5766 ll),-

1777 5772 1930 5841 ferias
1957 5772 2202 5821 monac/to
2232 5786 2332 5823 non
2371 5790 2474 5826 esse
2497 5790 2650 5840 super
2669 5782 2883 5836 terram;
2909 5783 2966 5824 et
3004 5772 3198 5839 Regula
3229 5788 3331 5826 ms.

1778 5841 1963 5897 incerti
2013 5842 2229 5895 alterius
2270 5844 2502 5899 aucturis
2544 5842 2692 5914 (Cap.
2741 5842 2798 5912 7)
2832 5859 2846 5894 :
2895 5842 2977 5894 Ne
3013 5846 3150 5895 dicas
3191 5841 3337 5897 hodie

2951 5955 3031 6014 20
