3918 6224
145 399 277 454 6‘3!
1173 392 1440 451 REGULA
1485 391 1967 453 CURlMluN'l‘ATA.
2011 391 2160 444 CAP.
2201 387 2437 443 XXXIX.
3314 384 3419 439 629.

153 510 444 573 pu'mcnti
469 506 775 560 votabnlum
803 513 1023 572 quatuor
1045 503 1169 557 mihi
1197 503 1533 567 persuadent.
1559 503 1752 573 Primo,
1783 509 1833 569 Α
1860 503 2178 573 incurando
2214 515 2436 573 corpore
2478 498 2699 573 multum
2726 497 2976 573 temporis
3004 507 3281 567 ponerent,
3313 513 3407 553 nc-

147 570 336 642 ὴυοιι
383 578 540 630 verba
590 578 640 628 iit
680 570 884 642 legibus
926 574 1092 638 accipi
1121 573 1310 626 debent
1343 575 1422 642 in,
1449 587 1609 626 sensu
1656 572 1750 638 qni
1856 572 2115 639 gligentes
2141 581 2324 627 essent
2352 572 2402 624 in
2424 585 2488 623 eo
2514 571 2567 622 in
2589 583 2694 637 quo
2722 570 2894 637 potius
2921 579 3128 637 oportet
3159 583 3406 636 persevc-

151 641 264 703 εἰς
293 663 369 701 ex
392 645 657 701 communi
697 657 751 699 et
797 654 1010 706 recepto
1063 656 1160 697 usu
1205 641 1449 711 loquendi
1485 643 1750 704 convenit,

155 732 297 770 non
328 717 617 771 secundum
639 712 987 781 etytnnlngias
1007 726 1223 774 eorum;
1254 712 1484 776 alioquin
1514 711 1753 764 subditos

157 787 406 851 legibus
431 827 445 848 ,
473 787 560 852 qui
593 799 691 837 nec
715 799 901 836 Vttcum
934 782 1282 850 etymologias
1307 783 1445 835 scire
1478 791 1749 852 tenentur.

155 869 230 910 et
267 857 579 921 frequenter
609 871 710 906 non
741 864 980 920 possunt,
1003 861 1061 903 ut
1083 861 1204 916 pote
1224 853 1312 919 qui
1333 852 1547 904 studere
1573 851 1754 918 prohi-

159 926 421 986 bemur,
451 926 671 979 intinitis
706 937 869 992 prope
919 921 1430 990 transgressionibus
1474 921 1755 975 redderent

51 1021 66 1030 ο
159 995 475 1050 0bt10\i05.

257 1065 536 1127 Secundo,
558 1064 694 1132 quod
719 1063 1044 1132 pulmentum
1076 1063 1247 1132 primo
1265 1075 1424 1132 sensu
1438 1062 1631 1132 pisces
1651 1074 1752 1111 non

164 1129 598 1202 complectitur;
621 1144 673 1185 at
701 1136 787 1197 qui
815 1131 1109 1202 prohibitos
1133 1145 1163 1202 a
1191 1129 1251 1202 S.
1274 1131 1558 1202 [Benedicto
1585 1129 1756 1202 pisces

164 1198 486 1267 assereret,
515 1206 610 1268 legi
644 1203 927 1254 nemiuem.
961 1201 1117 1271 Certe
1145 1198 1754 1271 ipsiCistercieusesqui

165 1273 244 1326 S.
299 1273 571 1326 Benedicti
619 1273 873 1338 Regulam
921 1270 987 1323 ad
1033 1269 1263 1322 litteram
1312 1272 1412 1323 sibi
1440 1269 1753 1324 servandam

169 1355 584 1410 proposuerant
608 1383 623 1402 ,
652 1341 773 1410 etsi,
801 1339 931 1393 solis
963 1339 1120 1405 _vcsei
1165 1341 1535 1408 leguminibus,
1569 1338 1756 1410 iisque

167 1409 419 1466 omnino
449 1413 586 1465 male
615 1409 809 1474 paratis
840 1410 1095 1468 solerent.
1132 1419 1305 1462 tamen
1335 1409 1754 1478 aliquaudo_pis-

170 1482 354 1535 cibus
381 1496 504 1534 usos
541 1483 700 1534 fuisse
728 1487 936 1550 constat
960 1495 1025 1532 ex
1052 1479 1108 1532 S.
1146 1478 1412 1550 Bernardo
1443 1479 1634 1550 (Serm.
1655 1478 1754 1550 50,

169 1553 242 1604 in
295 1550 498 1620 Cant),
543 1551 630 1615 qui
675 1549 1044 1620 nonnullorum
1085 1548 1468 1620 monachorum
1511 1549 1579 1603 de
1621 1548 1756 1620 vicui

173 1617 852 1689 querelas'perstringens,
883 1619 1022 1689 inter
1048 1618 1153 1670 alia
1191 1619 1460 1686 redarguit
1499 1633 1592 1672 eos
1617 1617 1786 1686 qund'

173 1687 549 1757 quererentur
583 1708 596 1740 :
633 1708 651 1739 ι
690 1687 867 1742 Pi~ces
895 1687 962 1743 de
990 1695 1174 1755 stagno
1203 1698 1293 1740 aut
1322 1689 1390 1743 de
1420 1690 1586 1743 lutosa
1621 1700 1756 1753 aqt-a

177 1775 334 1813 mea;
383 1762 590 1826 penitus
635 1759 984 1826 contplcxioni
1035 1773 1138 1821 non
1187 1769 1513 1827 congruunt;
1553 1776 1576 1808 ι
1605 1768 1658 1810 et
1691 1770 1756 1808 ex

179 1829 316 1881 Vita
353 1830 412 1882 Β.
447 1830 655 1897 Rogcrii
698 1828 903 1881 abbatis
934 1827 1143 1897 bllantii
1172 1826 1357 1897 (Nam.
1391 1829 1426 1882 5
1451 1838 1499 1880 et
1529 1828 1596 1881 10
1619 1829 1756 1897 apti-1

189 1846 221 1880 ν
241 1846 316 1881 ita
353 1846 412 1882 υ.
448 1846 655 1898 negem
698 1846 903 1881 atiuatts
934 1846 1143 1880 ettantu
1172 1846 1357 1897 tivum.
1391 1846 1426 1882 θ
1451 1846 1499 1880 et
1529 1846 1596 1881 τυ
1619 1846 1755 1892 αμα-ι

179 1898 339 1952 Ball.
369 1905 402 1953 Δ
422 1899 590 1965 1am),
615 1899 704 1968 qui
725 1899 853 1968 obiit
875 1912 1013 1968 anno
1041 1896 1196 1962 H75,
1219 1899 1304 1950 cui
1327 1911 1444 1951 cum
1475 1895 1756 1964 aliquando

187 1987 211 2018 ε
260 1969 430 2036 piscis
468 1985 574 2022 non
619 1967 853 2020 modicus
890 1967 1258 2027 nllerretur,...
1293 1969 1565 2033 requisivit
1594 1982 1659 2018 an
1689 1982 1750 2017 ex

79 2106 85 2110 _
180 2054 265 2093 eo
295 2040 718 2110 singulifratres
749 2037 1040 2110 portionem
1091 2049 1305 2104 possent
1346 2039 1585 2110 accipere
1613 2036 1755 2087 ordi-

185 2106 430 2177 tiariani,
459 2128 478 2159 ο
504 2108 762 2177 jussitqtte
786 2106 930 2158 illum
958 2107 1008 2157 in
1030 2121 1312 2161 commune
1328 2109 1445 2160 olus
1465 2117 1754 2159 conventus

185 2175 380 2241 mitti;
427 2175 709 2245 aliquando
752 2179 911 2229 etiam
943 2177 1226 2245 iuitinere
1253 2178 1571 2230 constitutus
1612 2177 1755 2243 pisce

186 2249 347 2299 mira:
373 2244 986 2316 magnitudinisretectus
1015 2244 1223 2314 legitur.
1444 2315 1449 2316 γ
1479 2302 1486 2309 ,

270 2315 483 2380 Tertio,
510 2319 634 2384 quia
663 2315 808 2382 pulte
831 2329 925 2382 pro
957 2328 1089 2381 pane
1115 2323 1322 2369 veteres
1349 2315 1632 2370 utebantur
1651 2356 1667 2378 ,
1699 2325 1755 2369 ut

189 2396 347 2452 patet
367 2401 429 2440 ex
455 2383 774 2454 Plinio(Lib.
801 2384 947 2454 xvttt)
979 2401 991 2435 :
1023 2402 1040 2434 ι
1065 2383 1215 2436 Pulte
1237 2395 1432 2447 autem,
1464 2400 1569 2439 non
1599 2400 1754 2452 pane,

189 2457 405 2510 vixisse
425 2457 581 2525 IOngo
603 2453 1118 2522 te’mpore'ltomanos
1146 2454 1478 2525 manifestum
1501 2463 1603 2518 est,
1627 2469 1757 2523 quo—

191 2526 356 2579 niam'
373 2527 492 2579 inde
515 2524 569 2580 et
593 2527 940 2593 pulmentaria
961 2525 1115 2577 hodie
1138 2524 1404 2578 dicuntur.
1427 2543 1444 2573 δ
1470 2525 1572 2578 Sed
1589 2525 1643 2578 S.
1663 2526 1758 2577 Be-

193 2598 448 2650 nedictus
491 2596 575 2648 hic
602 2609 790 2661 panem
819 2594 885 2646 ad
925 2595 1189 2662 pulmenta
1223 2594 1424 2662 adjicit.
1461 2595 1573 2647 Hoc
1603 2609 1758 2662 argu-

194 2676 442 2720 mentum
472 2676 556 2720 est
581 2664 778 2717 Nicolai
808 2664 986 2717 Bravi.

273 2735 502 2802 Quarto,
535 2736 672 2799 quod
707 2748 772 2788 ex
819 2735 1016 2801 ltegula
1057 2735 1268 2788 tertium
1303 2736 1631 2804 pulmentum
1661 2735 1754 2788 de-

196 2807 486 2860 terininate
520 2806 678 2859 debet
717 2818 837 2858 esse
863 2819 927 2856 ex
955 2804 1324 2870 leguminibus.
1377 2805 1526 2858 Unde
1571 2806 1759 2858 merito

204 2883 387 2940 potest
410 2875 589 2929 inferri
620 2875 718 2927 alia
753 2875 860 2927 duo
887 2889 988 2925 non
1020 2873 1260 2928 absolute
1296 2890 1359 2928 ex
1385 2875 1756 2943 leguminibus,

197 2945 298 2996 sed
319 2959 384 2998 ex
407 2959 720 3012 quocunque
740 2944 847 2996 alio
872 2944 1392 3013 obsoniuprzeparari
1415 2957 1593 3013 posse.
1617 2946 1761 2996 Alio-

197 3013 334 3079 quin
361 3024 571 3068 sanctus
599 3014 753 3068 Pater
779 3014 894 3067 sine
913 3012 1216 3067 conditione
1231 3012 1479 3078 dixisset,
1497 3013 1762 3067 sufﬁciant

199 3085 483 3138 menachis
507 3087 604 3138 tria
636 3084 1001 3150 pulmentaria.
1096 3105 1099 3108 ·

278 3153 406 3206 Cum
443 3169 568 3218 ergo
606 3168 671 3208 ex
708 3152 976 3206 communi
1016 3168 1114 3208 usu
1148 3153 1394 3221 loquendi
1429 3155 1759 3223 pulmentum

1856 656 1994 694 rare.
2027 661 2045 691 ι

1925 709 2038 764 Νοη
2063 709 2315 776 majorem
2347 724 2526 764 curam
2552 710 2603 764 in
2634 705 2879 776 parandis
2903 707 3000 761 sibi
3039 709 3174 764 cibis
3209 712 3414 776 impen-

1856 779 2049 832 deltant
2083 780 2327 833 monachi
2356 781 2420 831 ad
2447 781 2727 832 .lorJancm
2765 780 3089 841 habitantes,
3121 781 3190 832 de
3221 781 3414 846 quibus

1857 851 1910 903 in
1942 851 2056 903 Vita
2079 853 2134 904 8.
2155 850 2328 903 Maria:
2354 848 2681 919 [Egyptiacte
2709 863 2852 919 nunt.
2882 849 2916 902 5
2939 847 3095 917 (Boll.
3124 848 3160 901 2
3180 849 3373 917 April.)
3397 869 3410 900 τ

1863 940 1880 970 ι
1917 920 2048 974 Esca
2077 921 2179 974 illis
2208 917 2514 973 indelicieus
2547 929 2696 971 erant
2727 917 2899 970 divina
2931 919 3171 986 eloquia;
3201 921 3414 985 corpori

1857 1005 1984 1044 vero
2032 989 2432 1058 indulgebantur
2480 990 2780 1044 necessaria
2833 987 3111 1055 duntaxat,
3165 989 3316 1062 panis
3358 999 3417 1044 et

1857 1073 2013 1111 aqua.
2052 1079 2070 1109 1

1891 1075 2104 1183 Ἓἓῖιὲιί
2131 1128 2388 1183 Gerasimi
2418 1129 2660 1196 discipuli
2698 1126 2931 1194 quinque
2961 1127 3095 1180 infra
3122 1127 3416 1182 hebdoma-

1855 1198 1976 1251 dam
2012 1199 2199 1253 diehus
2234 1199 2364 1252 nihil
2399 1215 2418 1249 ι
2453 1198 2594 1266 quod
2632 1207 2772 1251 esset
2812 1197 3144 1251 esculentum
3175 1197 3279 1251 nisi
3325 1213 3416 1265 pa-

1858 1283 1977 1321 nem
2007 1280 2060 1322 et
2084 1285 2306 1336 aquam.
2351 1278 2404 1320 et
2445 1268 2684 1337 dactylos
2718 1285 2738 1317 ι
2769 1269 3071 1337 gustabant.
3102 1266 3335 1321 Sabbato
3360 1280 3418 1322 et

1858 1340 2116 1394 dominica
2145 1357 2164 1389 ι
2188 1347 2341 1394 cocto
2362 1336 2642 1391 utebantur
2660 1339 2711 1390 in
2728 1336 2998 1400 cuanobio,
3024 1348 3077 1390 et
3101 1350 3286 1404 parum
3305 1339 3416 1392 vini

1859 1411 2156 1462 sumebant.
2193 1427 2211 1456 ι

1928 1479 2109 1547 Neque
2139 1493 2265 1532 vero
2293 1480 2405 1534 hare
2433 1477 2561 1532 solis
2612 1478 2664 1531 in
2696 1475 2909 1547 Oriente
2943 1476 3255 1547 degentibus
3299 1491 3418 1533 mo-

1859 1545 2043 1602 nachis
2070 1549 2350 1617 singularia
2380 1549 2717 1602 exstiterunt.
2745 1545 2802 1600 8.
2836 1547 3050 1617 Fintani
3083 1546 3134 1598 in
3168 1546 3420 1602 Hibernia

1858 1623 2052 1671 sati-nlo
2077 1636 2124 1672 vr
2151 1615 2355 1673 abbatis
2382 1618 2651 1684 discipulis
2672 1619 2966 1670 communis
2985 1615 3136 1669 cibus
3159 1617 3288 1670 nihil
3309 1629 3422 1671 erat

1858 1687 2000 1757 a_liud
2033 1690 2129 1740 nisi
2157 1689 2298 1742 olera
2326 1689 2568 1757 agrestia,
2589 1702 2658 1740 ex
2682 1685 2796 1754 ejus
2823 1686 2932 1739 Vita
2957 1700 3103 1739 num.
3121 1685 3158 1739 2
3179 1685 3336 1757 (Ball.
3354 1688 3421 1742 t7

1861 1755 2034 1826 Feb.).
2054 1759 2126 1813 De
2143 1755 2464 1812 monasterio
2485 1758 2543 1813 S.
2568 1757 2822 1826 Gomgalli
2849 1757 2978 1808 Vttat
2995 1755 3418 1826 _s_ecund:escri-

1860 1823 2231 1890 ptorhumniﬁ
2246 1828 2322 1881 sic
2347 1829 2579 1895 loquitur
2601 1823 2866 1895 (Bolland.
2892 1826 2959 1879 10
2986 1823 3137 1894 Maii)
3163 1842 3176 1878 :
3206 1843 3225 1876 t
3261 1825 3420 1880 Panis

1791 1888 1832 1946 Β
1857 1888 1987 1964 Ῑηη,
2011 1907 2064 1949 et
2093 1911 2252 1965 aqua,
2283 1888 2442 1966 atque
2466 1888 2619 1950 olera
2632 1906 2834 1950 tantum
2854 1905 3007 1950 erant
3034 1895 3097 1966 iu,
3116 1888 3202 1966 illa
3230 1910 3417 1961 cmua;

1862 1974 1943 2019 iac
1971 1968 2112 2020 enim
2146 1975 2202 2020 et
2236 1965 2428 2021 caetera
2455 1968 2702 2020 alimenta
2735 1968 2786 2018 in
2814 1965 3136 2019 monasterio
3163 1965 3220 2018 S.
3253 1966 3415 2020 Cotti-

1857 2037 1984 2103 galli
2032 2037 2147 2090 visu
2174 2045 2231 2089 et
2263 2045 2418 2104 gusto
2451 2047 2606 2090 antea
2662 2036 2927 2103 incognita
2976 2045 3198 2088 erant...
3229 2034 3421 2090 Postea

1858 2106 2113 2160 suadente
2133 2107 2384 2173 episeopo
2410 2106 2494 2174 (S.
2524 2105 2802 2172 Finbarro)
2824 2113 2877 2157 ct
2895 2104 3014 2157 aliis
3039 2106 3200 2174 509
3219 2109 3420 2174 sancis

1860 2190 1955 2244 per
1983 2178 2237 2229 rationem
2273 2173 2542 2228 charitatis
2573 2176 2654 2228 lac
2683 2189 2951 2241 receptum
2992 2173 3074 2227 esi
3119 2173 3336 2229 setiihns
3368 2186 3424 2230 et

1861 2246 2103 2300 infirmis.
2137 2264 2158 2297 ι
2186 2244 2375 2299 Postea
2400 2248 2560 2299 etiam
2588 2258 2902 2312 receperunt
2923 2245 3118 2312 pisces,
3141 2260 3205 2298 ex
3231 2247 3420 2300 eadem

1859 2314 1978 2368 Vita
2005 2331 2151 2381 tiu-.n.
2180 2314 2270 2384 ξι.
2297 2315 2370 2368 Ex
2399 2316 2592 2384 Regula
2619 2329 2828 2382 quoque
2855 2315 3061 2368 vivendi
3088 2315 3365 2370 monachis
3389 2331 3424 2368 a

1858 2385 1915 2440 S.
1950 2380 2758 2453 DavidepraescriptatBallandl
2787 2388 2809 2438 Ι
2849 2384 3070 2452 Martii),
3103 2402 3121 2434 ι
3149 2386 3327 2438 cibum
3355 2386 3420 2439 ad

1861 2458 2233 2510 necessitatem
2263 2456 2430 2523 magis
2457 2469 2613 2522 quam
2641 2455 2707 2508 ad
2742 2455 3075 2508 saturitatem
3097 2454 3378 2508 sumebant
3401 2476 3418 2518 ,-

1860 2523 1934 2576 ibi
1955 2529 2165 2592 qudque
2183 2533 2240 2578 et
2264 2524 2498 2580 oleribus
2519 2537 2573 2577 et
2591 2527 2701 2578 sale
2719 2525 2975 2585 contenti,
3000 2525 3250 2577 lautiores
3270 2525 3420 2579 cibos

1860 2608 1956 2661 pro
1999 2593 2211 2647 fastidio
2247 2596 2579 2658 reputabant.
2627 2595 2850 2647 Inlirtnes
2893 2603 3107 2652 tamen,
3151 2594 3233 2646 vel
3265 2604 3421 2648 aetate

1862 2666 2142 2728 provectis,
2193 2664 2278 2717 vel
2325 2664 2478 2732 longo
2507 2665 2696 2718 itinere
2717 2664 2969 2730 fatigatis,
2991 2661 3274 2730 aliquando
3295 2665 3424 2720 lati.

1862 2735 2010 2787 tioris
2036 2734 2139 2788 eihi
2165 2733 2554 2788 oblectat-tenta
2585 2736 2958 2802 procurabant.
3002 2751 3022 2782 ι

1929 2804 2046 2858 Jatn
2068 2817 2192 2857 vero
2212 2804 2258 2856 si
2286 2811 2587 2856 sanctorum
2615 2804 2753 2857 dicta
2775 2802 3116 2856 consulamus
3142 2821 3154 2855 :
3185 2802 3242 2858 S.
3274 2803 3422 2858 Basi-

1862 2874 1963 2927 lius
1991 2873 2200 2941 (Regul.
2229 2876 2356 2941 με..
2385 2890 2502 2941 cup.
2533 2871 2622 2939 19)
2650 2891 2662 2925 :
2702 2893 2720 2924 ε
2749 2873 2989 2938 Oportet,
3021 2873 3208 2941 inquit,
3248 2889 3422 2927 omni-

1862 2943 2020 2998 modo
2047 2944 2149 2996 illis
2172 2945 2244 2996 titi
2269 2943 2406 2997 cibis
2427 2943 2591 3012 quiet
2619 2943 2822 2997 facilius
2851 2951 2907 2996 et
2925 2943 3081 2995 vilius
3109 2957 3426 3012 comparan-

1863 3023 1966 3078 tur,
1996 3027 2063 3069 ne
2106 3025 2368 3082 praetextu
2413 3013 2745 3068 abstinentia:
2782 3028 2901 3080 qua:
2945 3013 3256 3082 pretiosiora
3298 3028 3426 3067 sunt

1862 3097 2184 3152 quatramus,
2225 3091 2281 3135 et
2317 3085 2732 3151 sumptuosiores
2776 3086 2923 3137 cibos
2964 3097 3029 3135 ex
3073 3082 3427 3137 condimentis

1861 3151 2107 3220 pretiosis
2132 3166 2530 3214 componamus.
2563 3153 2669 3208 Sed
2697 3155 2741 3205 si
2767 3151 2891 3220 quid
2914 3162 2996 3205 est
3021 3154 3160 3220 quod
3193 3155 3244 3204 itt
3291 3168 3425 3206 una-

200 3221 418 3303 dicatur
437 3223 689 3303 quidquid
935 3223 1077 3303 pani,
1121 3233 1178 3276 ut
1203 3224 1410 3303 facilius
1430 3221 1758 3303 cotttedatur,
1787 3238 1835 3303 ρ
1865 3237 2075 3303 quaque
2126 3222 2394 3303 provincia
2440 3223 2647 3275 iaeilius
2673 3232 2727 3275 et
2766 3223 3323 3303 vilius_coiuparatur,
3372 3236 3430 3303 et

204 3291 468 3358 additur,
501 3291 827 3374 qualiaquia
854 3291 927 3348 ’S.
956 3293 1129 3374 Pater
1173 3295 1313 3346 solas
1355 3293 1759 3374 quadrupedum

203 3375 397 3416 carnes
421 3363 715 3428 prohibeat,
741 3363 1208 3430 pulmentariorum
1239 3362 1453 3416 nomine
1480 3362 1764 3415 hic‘omnia

205 3431 446 3485 ciborum
485 3446 677 3500 genera
701 3445 818 3500 quae
845 3432 969 3482 vita:
1005 3431 1311 3500 monasticis:
1339 3433 1614 3500 proposito
1638 3444 1765 3483 cnn-

205 3503 446 3564 veniunt,
475 3495 566 3553 aut
586 3501 634 3554 ei
661 3495 866 3552 ratione
887 3495 1050 3565 pretii
1061 3502 1144 3553 vel
1165 3495 1637 3564 suavitatis’uimize
1660 3515 1764 3552 non

110 3589 112 3592 ν
205 3580 522 3636 npugnant,
546 3568 880 3638 intelligenda
899 3579 1040 3638 sunt.
1055 3568 1320 3638 Quaenam
1345 3583 1470 3623 vero
1489 3569 1766 3622 monachis

207 3639 531 3692 conveniant
565 3652 631 3692 ex
676 3637 773 3691 SS.
806 3636 1020 3689 Patrum
1044 3636 1220 3702 factis,
1262 3638 1439 3702 dictis,
1470 3647 1526 3691 et
1552 3638 1766 3706 Regillis

207 3707 574 3774 accipiendum
599 3717 699 3760 est.
1529 3707 1534 3714 ‘
1737 3750 1742 3756 .

289 3777 539 3848 itaqueS.
571 3777 920 3848 Hieronymus
947 3775 1030 3848 Vde
1073 3777 1357 3834 cmnobitis
1400 3776 1766 3848 Egyptiislo-

211 3862 381 3918 quens
405 3846 718 3918 (Epist.22)
749 3865 760 3897 :
793 3864 812 3896 ι
849 3845 1049 3899 Vivitur
1081 3863 1244 3913 pane,
1274 3849 1460 3915 inquit,
1480 3845 1768 3918 legumini-

212 3916 334 3980 bus,
377 3929 431 3969 et
467 3917 718 3974 oleribus.
749 3929 866 3982 quae
892 3918 1004 3969 sale
1036 3921 1154 3969 so‘o
1195 3917 1513 3970 condiuntur
1544 3935 1555 3966 :
1590 3916 1766 3969 vinum

214 3998 416 4040 tantum
463 4001 620 4040 senes
675 3986 956 4052 accipiunt.
1017 4004 1035 4035 ι
1087 3985 1160 4038 De
1215 3987 1548 4040 anachoretis
1593 4002 1766 4039 vero:

219 4077 242 4109 ι
276 4057 504 4126 Excepto
529 4057 641 4110 sale
669 4065 721 4109 et
748 4070 879 4120 pane
898 4095 914 4118 ,
939 4054 1005 4126 ad
1045 4054 1313 4126 desertum
1340 4056 1470 4126 nihil
1501 4055 1772 4123 perferunt

214 4124 460 4192 amplius.
496 4145 515 4178 ι
548 4126 806 4180 Similiter
824 4127 888 4177 de
912 4124 1172 4194 [Egyptiis
1203 4125 1475 4180 monachis
1502 4126 1771 4179 disserens

212 4195 496 4250 Cassianus
524 4196 660 4260 (Lib.
690 4211 760 4261 tv,
787 4211 898 4262 cap.
928 4194 1024 4259 9.2)
1057 4210 1072 4246 :
1107 4213 1124 4244 ι
1159 4194 1266 4249 Nec
1309 4205 1450 4248 tanta
1477 4209 1604 4249 cura
1618 4197 1772 4249 inter

215 4278 313 4334 eus
345 4267 698 4334 parandorum
743 4266 982 4318 ciborum
1013 4264 1095 4318 vel
1128 4266 1386 4320 coctionis
1430 4264 1766 4334 impenditur,

217 4333 410 4402 quippe
428 4337 519 4403 qui
543 4338 772 4390 maxime
788 4336 1125 4402 xerophagiis
1142 4337 1219 4389 vel
1239 4333 1603 4404 lietnopliagiis
1625 4347 1774 4388 utun-

220 4414 327 4474 tur,
365 4416 417 4474 et
441 4405 580 4472 apud
603 4413 908 4474 quossecta
935 4406 1160 4474 singulis
1197 4407 1469 4459 mensibus
1494 4413 1771 4473 portorutn

218 4471 364 4545 folia,
396 4471 636 4545 lapsana,
678 4473 760 4528 sal
803 4471 1043 4539 frictum,
1083 4474 1256 4536 olivae,
1305 4471 1542 4545 pisciculi
1583 4475 1772 4527 minuti

216 4541 377 4613 saliti,
396 4555 529 4613 quos
557 4544 631 4596 illi
657 4545 896 4598 mmoidia
917 4557 1017 4596 voc
1033 4541 1345 4606 int,_summ'a
1365 4547 1606 4613 voluptas
1631 4555 1729 4599 est.
1746 4563 1766 4595 ι

1863 3290 2077 3359 quodin
2108 3306 2206 3344 usu
2250 3291 2520 3358 hominum
2562 3296 2915 3350 communiter
2941 3291 3188 3357 habetur,
3222 3294 3322 3347 hoc
3359 3295 3428 3348 ad

1863 3373 1990 3413 usus
2016 3371 2227 3413 nostros
2251 3371 2462 3424 Oportet
2491 3361 2710 3424 assumi,
2734 3370 2811 3414 -et
2836 3376 2897 3415 ea
2929 3360 3294 3416 tantummodo
3335 3379 3426 3417 re-
3487 3406 3492 3411 .

1863 3431 1999 3494 quiri
2029 3444 2145 3497 quae
2167 3430 2233 3483 ad
2254 3430 2414 3483 vitam
2442 3434 2834 3496 pernecessaria
2863 3441 3007 3490 sunt.
3047 3433 3096 3483 id
3127 3443 3210 3486 est
3251 3432 3427 3487 oleum

1863 3509 1918 3551 et
1933 3499 2040 3569 alia
2072 3499 2397 3566 hujnsmodi.
2427 3503 2508 3554 vel
2538 3503 2580 3555 si
2603 3517 2704 3569 qua
2727 3504 2885 3555 etiam
2932 3501 3008 3555 ad-
3045 3500 3427 3556 infirmantium

1864 3568 2102 3640 solamen
2137 3569 2486 3640 adhibentur.
2509 3590 2528 3622 ι
2566 3568 2632 3625 Et
2675 3573 2830 3640 paulo
2877 3581 3028 3626 antea
3075 3587 3094 3624 :-
3132 3583 3167 3622 ἐ
3192 3572 3251 3628 Si
3300 3576 3429 3636 quid

1865 3651 1993 3705 ergo
2021 3639 2147 3690 illud
2180 3649 2283 3701 est,
2313 3640 2451 3707 quod
2489 3650 2663 3706 potest
2690 3641 2774 3694 vel
2822 3642 3032 3694 brevius
3059 3643 3166 3697 "vel
3226 3643 3431 3696 facilius

1866 3709 2086 3774 explere
2132 3709 2270 3763 hanc
2312 3711 2683 3764 necessitatem
2713 3713 2953 3777 corporis
2980 3711 3036 3764 in
3059 3711 3218 3775 cibis,
3246 3713 3300 3765 id
3331 3730 3427 3776 po-

1868 3778 1972 3829 tius
2000 3778 2303 3850 eljgendum
2333 3787 2435 3850 est.
2467 3779 2573 3833 Sed
2594 3791 2650 3850 et
2674 3780 2948 3845 Deinittus,
2974 3786 3049 3850 _ut
3085 3782 3295 3850 Opinor,
3328 3783 3430 3836 line

1866 3848 2098 3901 ostendit
2124 3863 2246 3902 cum
2271 3848 2569 3904 esurientes
2591 3849 2641 3900 in
2662 3850 2875 3902 deserto
2904 3848 3071 3903 reficit
3094 3848 3275 3916 {quia
3301 3865 3426 3906 cum

1868 3919 2050 3983 utique
2079 3925 2260 3986 posset
2282 3917 2490 3986 majore
2511 3918 2766 3972 miraculo
2804 3917 3130 3984 copiosiores
3171 3922 3251 3972 eis
3277 3922 3431 3977 cibus

1870 3981 2240 4053 parare,'nihil
2263 3981 2451 4040 horum
2472 3981 2626 4057 fecit;
2647 3990 2740 4042 sed
2769 3981 3061 4057 simplicem
3083 3992 3162 4044 eis
3187 3991 3431 4044 exhibuit

1871 4059 2106 4121 victum;
2137 4067 2192 4110 et
2225 4057 2530 4127 secundum,
2555 4056 2812 4111 Joannem
2844 4056 3074 4127 quinque
3107 4074 3268 4126 panes
3306 4062 3430 4114 her-

1871 4127 2096 4197 deaceos
2117 4136 2171 4181 et
2197 4127 2479 4197 pisciculos
2505 4126 2639 4181 duos
2668 4130 2902 4197 apponit.
2934 4126 3009 4182 De
3037 4140 3160 4196 potu
3183 4144 3309 4182 vero
3334 4147 3432 4186 nec

1874 4195 2074 4249 mentio
2097 4197 2316 4268 quidem
2338 4196 2445 4250 ulla
2474 4199 2607 4268 fuit;
2633 4195 2833 4268 ex'quo
2854 4200 2970 4252 sine
2989 4195 3150 4252 dubio
3179 4200 3431 4267 designa-

1877 4278 1960 4316 tur
1984 4266 2126 4331 quod
2155 4267 2402 4347 omnibus
2424 4267 2698 4321 sufliciens
2725 4266 2844 4323 esse
2865 4269 3032 4338 possit
3050 4282 3202 4335 aqua:
3234 4266 3358 4322 usus
3376 4281 3433 4325 et

1877 4353 1890 4401 ι
1916 4350 2325 4389 etnecessartus.
2352 4355 2373 4388 ι

1945 4407 2199 4461 Similiter
2227 4405 2509 4462 Cassianus
2536 4408 2676 4470 (Lib.
2708 4424 2761 4472 v,
2791 4423 2905 4473 cap.
2935 4406 3030 4475 25)
3057 4423 3072 4478 ξ
3117 4428 3138 4460 ι
3161 4408 3322 4478 Igitur
3349 4423 3434 4466 est

1874 4475 1961 4530 cib
1987 4490 2024 4529 .s
2052 4477 2347 4545 eligendus,
2378 4494 2483 4531 non
2520 4488 2721 4530 tantum
2753 4479 2840 4545 qui
2867 4475 3309 4545 concupiscentiae
3339 4481 3433 4535 lla-

1875 4545 2075 4616 grantis
2102 4554 2260 4616 aestus
2301 4557 2556 4616 temperet
2584 4549 2861 4613 minusque
2901 4545 3206 4609 succeitdat,
3249 4563 3434 4607 verum

293 4606 762 4684 DePachomianis
798 4613 870 4666 ita
928 4613 1157 4681 loquitur
1196 4614 1459 4669 Palladius
1493 4606 1779 4684 '(Lausiac.
1800 4609 1853 4669 D
1875 4606 2033 4669 Etiam
2059 4617 2146 4682 qui
2172 4615 2239 4670 ad
2269 4606 2558 4682 parandum
2583 4621 2654 4668 sit
2682 4606 2866 4678 faciiis,
2891 4627 2944 4668 et
2971 4633 3129 4682 quem
3156 4606 3222 4672 ad
3250 4606 3434 4675 come;

221 4696 334 4750 cap.
351 4679 479 4745 39)':
510 4697 529 4728 α
558 4682 660 4735 Alii
682 4692 959 4736 versantur
984 4679 1034 4736 tn
1061 4684 1257 4738 mensis
1281 4679 1548 4750 parandis,
1574 4698 1772 4738 mensa:

222 4754 549 4815 inipunentes
575 4763 766 4818 panes.
791 4752 939 4805 olera
969 4756 1192 4819 agrestia
1209 4793 1226 4816 ,
1257 4753 1443 4818 oliVas,
1477 4766 1685 4818 caseos,
1710 4765 1768 4808 et

223 4830 484 4876 exuemas
507 4821 746 4874 carnium
776 4831 972 4887 partes,
997 4833 1050 4875 et
1092 4823 1418 4877 comminuta
1445 4825 1612 4877 olera.
1650 4841 1670 4874 ι
1707 4826 1774 4876 Et

222 4897 364 4963 cette
387 4887 572 4963 solitas
589 4903 778 4963 eorum
798 4904 947 4963 escas
978 4891 1141 4945 fuisse
1153 4893 1332 4963 Aolera,
1364 4893 1648 4963 legumina.
1675 4894 1775 4947 oli-

224 4958 514 5021 vas,'allia,
543 4957 842 5026 herbasque
863 4961 1092 5014 minutas
1118 4961 1237 5016 oleo
1267 4957 1325 5016 et
1353 4957 1502 5018 acéto
1530 4963 1774 5017 conditas

226 5025 483 5095 colligitur
504 5040 571 5102 es
599 5025 716 5078 Vita
738 5025 795 5082 S.
832 5029 1100 5102 Paehomii
1123 5047 1140 5084 :
1165 5033 1304 5087 unde
1339 5046 1394 5088 et
1420 5033 1769 5102 negligentem

226 5110 446 5164 coquum
475 5096 794 5162 redarguens
820 5101 895 5150 ait
920 5114 936 5150 :
969 5116 987 5148 ι
1015 5100 1291 5165 Quomodo
1333 5103 1434 5157 hoc
1462 5096 1620 5166 facis,
1648 5117 1770 5156 cum

228 5174 430 5242 statuta}
455 5166 873 5242 _viventii_leges,
901 5177 956 5242 et
979 5166 1077 5222 SS.
1113 5170 1297 5242 Patres
1323 5173 1574 5242 sabbatis
1615 5180 1772 5242 atque

228 5235 496 5307 dominicis
539 5235 786 5307 omnibus
813 5276 829 5298 ,
871 5235 1018 5290 olera
1061 5243 1219 5307 coqui
1255 5241 1479 5304 jubeant
1520 5235 1778 5298 fratribus

230 5320 363 5362 vesci
389 5305 719 5359 volentibus?
746 5322 767 5356 ι

301 5374 371 5429 De
397 5374 488 5430 SS.
537 5375 781 5428 Patrihus
824 5375 879 5428 in
924 5373 1051 5430 Sina
1107 5378 1402 5435 audiendus
1429 5390 1515 5435 est
1538 5381 1595 5437 S.
1627 5381 1773 5436 Nilus

233 5444 386 5520 (Hist.
418 5445 568 5498 credis
730 5442 850 5497 Pat.
881 5446 933 5496 in
963 5446 1111 5520 Sina,
1140 5461 1254 5516 cap.
1277 5450 1333 5509 5)
1361 5465 1377 5502 :
1415 5459 1442 5500 ι’
1473 5452 1626 5504 Pauci
1651 5455 1769 5519 qui-

233 5514 346 5575 item
386 5524 576 5571 norunt
619 5514 923 5568 alimentum
961 5529 1027 5566 ex
1057 5514 1384 5571 frumento...
1417 5521 1562 5572 multi
1597 5514 1774 5573 auiem

235 5596 503 5642 vescuntur
526 5583 706 5638 crudis
731 5583 965 5636 oleribus
987 5594 1043 5636 et
1070 5586 1270 5649 haceis,
1295 5602 1530 5641 mensam
1555 5591 1772 5642 minime

237 5655 579 5718 artiliciv-sntn,
600 5663 656 5708 et
685 5655 847 5727 nullis
867 5651 1219 5727 condimentis
1245 5657 1554 5710 instructam
1576 5663 1774 5727 ampie-

239 5735 447 5789 cientes.
473 5739 656 5780 eorum
680 5723 770 5792 qui
799 5723 1019 5776 obsonia
1045 5724 1316 5787 condiunt,
1351 5736 1405 5780 et
1429 5723 1616 5793 panem
1645 5723 1774 5781 con-

240 5796 436 5860 liciuut,
475 5796 832 5852 curiositatem
872 5793 1092 5848 multum
1122 5795 1298 5851 valere
1321 5795 1608 5865 jubentes;
1633 5809 1703 5851 ne
1725 5795 1774 5854 si

1873 4684 2104 4738 dendutn
2135 4685 2567 4757 opportunioretn
2613 4685 2815 4757 vilioris
2860 4687 3009 4757 pretii
3061 4689 3434 4757 compendium

1876 4751 2346 4828 praestet,quique
2389 4753 2459 4805 sit
2503 4755 2894 4808 convcrsationi
2932 4757 3156 4811 fratrum
3185 4751 3433 4828 'usuiquc

1873 4839 2189 4878 cortitttutits.
2216 4841 2236 4873 ι

1943 4893 2003 4948 8.
2037 4893 2388 4962 Hieronymus
2415 4890 2690 4962 Paulinum
2719 4895 3036 4962 monachum
3063 4897 3129 4953 de
3157 4898 3434 4953 instituen-

1873 4964 1941 5017 da
1966 4960 2317 5035 vntcintione
2338 4960 2407 5016 ita
2429 4961 2642 5035 instruit
2670 4961 2861 5035 (Epist.
2892 4967 2982 5034 l3)
3006 4983 3021 5019 :
3072 4985 3091 5018 ι
3115 4968 3196 5022 Sit
3235 4969 3352 5020 vilis
3379 4976 3434 5025 el

1875 5034 2204 5101 vespertinus
2227 5030 2398 5096 cibus,
2438 5032 2582 5104 olera
2624 5030 2691 5087 et'
2724 5030 3006 5103 legumina,
3059 5037 3434 5104 interdumque

1876 5104 2155 5171 pisciculos
2195 5101 2540 5171 prosummis
2577 5103 2745 5159 ducas
2771 5101 2996 5161 deliciis.
3036 5106 3138 5171 Qui
3163 5101 3432 5162 Chrismm
3465 5133 3468 5136 ~

1873 5169 2161 5244 desiderat,
2185 5177 2243 5224 et
2281 5169 2373 5223 illo
2408 5183 2542 5239 pane
2581 5176 2831 5237 vescitur,
2865 5189 2969 5228 non
2997 5169 3188 5244 quaerit
3212 5188 3432 5244 magno-

1878 5258 2001 5313 pere
2027 5241 2093 5294 de
2123 5252 2280 5313 quam
2310 5244 2558 5306 pretiosis
2586 5245 2720 5298 cibis
2737 5251 2940 5299 stercus
2960 5241 3228 5298 conficiat.
3248 5261 3269 5294 ι

1947 5313 2039 5367 llis
2065 5309 2353 5366 concinunt
2382 5326 2445 5366 ea
2475 5329 2593 5378 quae
2627 5314 2694 5367 ad
2738 5316 2982 5368 eumdem
3025 5313 3301 5367 Pauiinum
3338 5329 3430 5371 co-

1876 5385 2034 5450 qu'nm
2078 5381 2146 5434 ad
2191 5386 2562 5450 praeparandos
2619 5384 2993 5437 monachorum
3042 5383 3190 5437 cibos
3252 5398 3432 5450 aptum

1881 5449 2322 5524 mittens,scribi_t
2344 5449 2574 5508 Severus
2600 5452 2862 5519 Sulpicius
2893 5451 3100 5520 (Spicil.
3125 5462 3247 5506 tam.
3281 5449 3346 5524 ν)
3376 5457 3434 5511 iu

1882 5524 1994 5575 haec
2023 5523 2180 5572 Verba
2206 5537 2266 5591 είς
2290 5520 2570 5590 Postquam
2601 5535 2785 5576 omnes
2817 5533 3018 5589 coquos
3045 5533 3163 5577 tuos
3186 5520 3432 5591 coquititn

1881 5601 2014 5662 iure;
2041 5590 2368 5662 renuntiasse
2397 5606 2638 5658 (ςυμιυνι,
2685 5593 2846 5662 credo
2869 5594 2990 5659 quia
3019 5590 3432 5662 dedignarentur

1879 5660 2107 5713 officium
2155 5659 2346 5714 vilibus
2398 5663 2634 5729 praebere
2685 5659 3047 5727 pulmetttariis
3091 5676 3106 5715 :
3148 5659 3436 5730 puerulum

1880 5731 1971 5782 tibi
2001 5744 2063 5781 ex
2089 5732 2538 5803 nostra_misimus
2564 5731 2793 5803 nflicina,
2826 5730 3041 5803 doctum
3070 5733 3200 5787 satis
3226 5734 3437 5803 pallen-

1879 5809 1985 5855 tem
2011 5812 2242 5869 coquere
2265 5800 2464 5866 fabam,
2483 5811 2538 5857 et
2576 5799 2832 5871 ignobiles
2856 5800 3009 5858 betas
3033 5814 3128 5858 ace
3153 5817 3190 5874 o
3211 5799 3270 5861 ει
3311 5805 3434 5877 jure
