3918 6224
551 375 648 431 6‘27

549 561 792 632 intelligit
820 564 1239 618 Torrecremata.
1270 565 1432 617 Paulo
1451 563 1618 616 laxior
1636 572 1719 616 est
1742 564 1799 616 S.
1826 563 2094 632 Hildegu-

549 629 627 684 dis
659 629 948 703 explicatio
988 633 1146 703 hujus
1191 633 1328 688 loci:
1362 652 1380 684 t
1411 633 1449 686 Ρ
1457 634 1601 696 abas,
1636 633 1822 699 inquit,
1874 645 1925 703 et
1956 629 2092 702 pisa,

551 709 598 752 rt
625 702 721 753 alia
754 702 1342 763 buiusmodi’legumina
1373 704 1866 772 detnottstrat,iqu:n
1889 702 1954 756 de
1970 719 2096 772 agro

547 772 778 844 recentia
809 772 969 844 515
997 773 1338 838 colliguntur,
1373 772 1512 844 velut
1544 771 1786 844 pomarde
1813 771 2094 844 arboribus

547 841 907 905 tollunturfei
929 841 1018 899 illa
1049 859 1152 896 non
1183 853 1332 896 cocta
1355 883 1370 907 ,
1398 843 1490 896 sed
1518 858 1546 894 a
1581 843 1781 896 cortice
1801 842 1974 896 ablata
1999 861 2095 910 pro

546 911 698 963 tertio
731 913 928 967 cibario
959 913 1207 966 fratribus
1237 913 1426 978 apponi
1454 912 1625 980 jubet.
1658 912 1833 982 Pisces
1862 927 2092 982 quoque,

545 985 812 1040 t'utcasei.
831 989 922 1035 aut
947 998 1042 1036 ova
1066 982 1116 1035 in
1142 983 1296 1035 tertio
1319 982 1516 1036 cibario
1543 981 1878 1049 intelligenda
1902 981 2042 1037 sunt.
2072 1005 2090 1036 ι

545 1052 665 1104 llaec
711 1066 894 1119 parum
931 1052 1252 1107 conveniunt
1301 1066 1422 1106 cum
1468 1066 1530 1105 ea
1577 1052 1830 1120 pulntenti
1881 1055 2096 1109 notione

550 1136 707 1189 quam
741 1123 896 1188 paulo
920 1136 1042 1177 ante
1071 1123 1311 1175 dedi-rat.

625 1190 850 1262 Addatur
874 1203 920 1245 et
963 1190 1204 1262 tertium]
1238 1192 1447 1247 Scilicet
1485 1191 1842 1257 pulmentum;
1884 1201 1939 1246 et
1966 1192 2093 1249 illttd

543 1260 749 1325 quidem
767 1264 978 1315 crudum
993 1279 1056 1318 ex
1081 1260 1297 1326 antiquo
1318 1263 1504 1316 ordine
1523 1272 1819 1316 conversat.
1841 1275 2093 1331 monast.,
2113 1285 2120 1291 ·

542 1344 672 1401 cap.
696 1332 782 1396 ll,
805 1348 867 1386 ex
900 1338 1052 1401 epist.
1087 1331 1434 1401 'I‘heodemari
1464 1331 1528 1384 ad
1550 1331 1798 1397 Carolum
1829 1332 2090 1397 Magnum,

542 1414 599 1451 ex
635 1399 954 1466 llildemaro,
984 1402 1199 1455 Nicolao
1223 1401 1288 1455 de
1316 1400 1586 1465 Fractura,
1615 1402 1858 1462 Bolterio,
1893 1403 2091 1457 'l‘urrc-

543 1480 806 1540 cremata,
848 1481 901 1525 et
956 1473 1168 1526 Matthia
1222 1470 1538 1533 Lamberto;
1594 1472 1785 1540 quibus
1838 1486 2096 1525 consonat

543 1539 739 1606 [tegula
771 1542 1018 1612 Magistri,
1047 1544 1344 1612 concedens
1373 1560 1404 1612 «ί
1427 1552 1574 1593 cocta
1594 1541 1701 1612 duo
1721 1541 1957 1609 pulment
1977 1543 2089 1608 .ria,

542 1620 593 1680 et
624 1610 872 1676 tertium,‘
901 1613 1250 1680 quodcunque
1278 1611 1454 1672 fuerit,
1478 1610 1690 1662 crudum
1709 1625 1828 1663 cum
1854 1613 2040 1678 pomis.
2070 1626 2088 1660 ι

544 1677 824 1735 ltlenardos
853 1677 1022 1735 tamen
1051 1683 1318 1735 existimat
1359 1680 1578 1732 liberum
1623 1695 1741 1733 esse
1772 1677 1978 1734 coctum
2007 1694 2095 1735 aut

542 1753 760 1820 crinium
793 1753 1004 1806 tertium
1037 1753 1361 1820 pulmentum
1387 1764 1670 1820 apponere.

610 1818 893 1886 Caeterum,
934 1831 1001 1875 ut-
1026 1818 1275 1875 ubst-rvat
1321 1821 1402 1874 hic
1433 1819 1783 1883 llildemarus,
1828 1820 1883 1876 S.
1924 1821 2092 1876 Bene-

542 1887 710 1960 dictus
736 1906 903 1958 neque
931 1892 1114 1946 :rstivo
1139 1900 1378 1957 tempore
1402 1890 1468 1943 ad
1489 1904 1702 1952 nonam,
1726 1905 1898 1960 neque
1918 1891 2093 1946 hieme

542 1958 606 2029 ad
655 1975 827 2013 set-am
871 1976 1022 2029 poma
1050 1961 1344 2022 conceSsit;
1375 1961 1606 2027 alioquin
1652 1971 1779 2022 tres,
1811 1958 1932 2015 cum
1962 1963 2094 2015 duas

542 2028 790 2099 duntaxat
819 2028 1002 2086 testate
1044 2033 1344 2099 permittat;
1367 2029 1506 2096 dum,
1540 2046 1659 2084 cum
1692 2032 1897 2084 unicam
1921 2031 2094 2086 hieme

550 2098 835 2166 indulgeat,
865 2098 1182 2156 refectiones
1209 2101 1413 2154 tierent.
1449 2100 1523 2170 Ex
1553 2115 1658 2168 quo
1677 2100 1944 2168 conjicere
1966 2117 2091 2170 pos-

541 2180 744 2228 smnus,
774 2174 881 2233 jam
911 2173 1013 2224 illis
1045 2171 1370 2234 temporibus
1397 2169 1586 2224 Saltem
1610 2172 1872 2238 aliquibus
1905 2169 2091 2224 inmo-

543 2241 736 2312 nosteti
762 2256 786 2291 s
823 2241 1102 2312 irrepsisse
1129 2240 1563 2312 consuetudinem
1594 2239 1793 2294 fructus
1825 2240 1888 2292 ad
1917 2255 2091 2295 seram

521 2307 737 2380 edendi
757 2312 912 2363 etiam
934 2307 1126 2380 jejunii
1148 2310 1354 2376 diebus,
1379 2320 1434 2363 et
1453 2311 1514 2362 ad
1539 2324 1730 2362 nonum
1761 2312 1944 2364 aestivo
1967 2321 2090 2367 tem-

545 2392 694 2442 pore.
725 2379 796 2434 De
829 2380 927 2436 hac
954 2379 1017 2435 ad
1048 2396 1238 2434 nonam
1273 2381 1530 2434 fructuum
1554 2381 1880 2434 cotnestione
1918 2392 2092 2436 exstat

540 2449 924 2517 ’l‘neodetuari,
975 2453 1180 2506 abbatis
1223 2451 1591 2518 Cassinensis,
1641 2450 1997 2505 testimonium
2039 2454 2090 2506 itt

541 2519 758 2584 “Plautia
795 2522 858 2576 ad
899 2522 1140 2577 Carolum
1180 2521 1467 2590 Magnum:
1505 2539 1524 2571 ι
1551 2520 1755 2575 Prtcter
1781 2522 1894 2574 haec
1931 2523 2088 2575 etiam

541 2591 738 2642 aestatis
774 2603 1009 2662 tempore
1032 2602 1148 2662 post
1173 2606 1384 2662 nonam,
1408 2592 1453 2645 si
1479 2600 1558 2644 est
1581 2590 1780 2660 aliquid
1803 2591 1871 2645 de
1895 2593 2086 2659 pomis,

541 2669 592 2709 ιιι
607 2662 839 2729 singulas
860 2661 1062 2730 phialas
1083 2664 1276 2718 nostris
1296 2661 1544 2716 fratribus
1563 2663 1876 2728 praebemus.
1900 2680 1918 2711 ι
1940 2662 2088 2728 Quod

544 2731 875 2794 probitatisse
933 2734 1142 2788 videtur
1175 2733 1410 2804 synodus
1456 2731 1926 2804 Aquisgraneosis,
1978 2743 2090 2804 sta-

543 2813 694 2853 tttetts
727 2820 746 2850 t
780 2812 836 2856 ut
863 2819 1015 2871 poma
1045 2814 1099 2858 et
1134 2801 1382 2866 lactucae,
1416 2803 1513 2856 nisi
1540 2802 1752 2870 quando
1780 2801 1913 2856 alius
1943 2803 2092 2856 cibus

541 2873 781 2936 sumitur,
814 2888 917 2928 non
941 2874 1303 2929 comedantur.
1338 2891 1360 2925 ο

617 2939 770 2993 Panis
798 2943 924 2996 libra
953 2960 1054 2997 una
1083 2959 1330 3012 propensa
1368 2943 1576 3011 sufﬁciat
1605 2942 1659 2994 in
1691 2938 1820 3012 die.]
1850 2943 1920 2998 De
1956 2959 2088 3012 pon-

543 3011 671 3062 tlnm
705 3015 856 3077 hujus
878 3015 1026 3067 librat
1056 3011 1195 3067 inter
1221 3029 1280 3067 se
1315 3026 1418 3066 non
1462 3011 2086 3069 consentiunt’auctores.

543 3082 698 3134 Ltttra
727 3094 809 3137 est
846 3084 1034 3152 duplex
1057 3127 1073 3148 ,
1117 3084 1350 3139 Romana
1387 3083 1654 3136 unciarum
1689 3083 1992 3146 duodecim,
2037 3095 2091 3137 et

543 3160 854 3208 lllCl'Cnl-Lll‘lﬂ
882 3156 1178 3218 sexdecim;
1207 3165 1426 3222 utraque
1446 3152 1603 3206 etiam
1636 3153 1806 3223 minor
1844 3153 2088 3223 Neapoli-

1873 375 1930 431 S.
1973 375 2032 430 P.
2071 375 2365 433 BENEDXC
2377 376 2434 431 Π
3707 374 3758 427 51
3775 376 3796 422 ὃ

448 494 455 500 ”
549 505 673 559 quas
716 493 794 547 sic
838 492 1076 548 conditas
1118 492 1348 548 satadam
1395 507 1584 546 vocare
1630 491 1882 546 solemus.
1918 493 1981 544 Et.
2013 495 2079 545 ita
2113 493 2161 551 Α
2188 494 2362 559 potius
2405 493 2588 544 illusus
2643 491 2995 546 Tlteotlemati
3039 488 3213 546 verbis
3265 492 3336 544 ait
3399 487 3784 559 imperatorem

2199 563 2514 616 scribentis:
2544 580 2562 612 ι
2594 560 2890 616 Dircxitnus
2905 577 3114 629 quoque
3132 563 3350 631 pondus
3373 573 3613 631 quatuor
3642 561 3784 615 litin-

2198 646 2338 696 rum,
2383 632 2449 685 ad
2490 631 2642 699 cujus
2673 635 3026 698 mqualitatcm
3067 630 3327 698 pooderis
3373 630 3557 700 magis
3599 631 3780 686 del-eat

2200 702 2334 768 ﬁeri,
2360 706 2450 768 qui
2475 704 2527 754 in
2543 711 2829 771 quaternos
2858 703 3091 768 quatlros
3119 701 3482 771 singularum,
3504 701 3778 766 libraret»,

2192 763 2341 838 juxta
2372 763 2581 826 sacrum
2613 772 2827 837 Regula:
2857 763 3087 835 textum,
3129 763 3293 838 possit
3323 770 3383 825 di
3395 770 3540 827 vidi;
3573 763 3778 838 quando

2199 841 2427 916 pondus,
2457 843 2596 895 sicut
2645 842 2714 894 ab
2745 844 2858 911 ipso
2901 841 3053 916 Patre
3081 852 3162 895 es:
3202 840 3541 916 institutum.
3587 843 3643 894 in
3685 841 3778 895 hoc

2199 911 2283 966 est
2311 911 2428 966 loco
2453 921 2738 973 repertum.
2783 933 2799 962 t
2836 913 3075 968 Accessit
3111 912 3332 967 concilii
3378 913 3779 981 Aquisgranen-

2198 982 2273 1033 sis
2301 981 2423 1033 anni
2464 981 2570 1035 816
2609 983 2902 1043 decretura,
2951 981 3175 1051 singulis
3213 983 3502 1036 canonicis
3551 991 3772 1046 quatuor

2201 1052 2354 1117 panis
2391 1051 2555 1105 libras
2592 1053 2899 1120 assignans;
2945 1061 2999 1104 ct
3034 1063 3142 1107 tres
3169 1053 3523 1114 ntonialiims,
3569 1067 3638 1105 ex
3677 1069 3774 1120 quo

2196 1120 2376 1184 infert,
2435 1137 2541 1175 non
2583 1123 2839 1176 minorem
2890 1123 3161 1177 monachis
3209 1125 3570 1190 quantitatem
3623 1125 3770 1189 panis

2197 1204 2504 1245 concessam
2557 1189 2738 1247 fuisse.
2775 1192 2886 1253 Non
2924 1193 3204 1246 defuerunt
3233 1195 3399 1246 etiam
3437 1191 3534 1261 qui
3573 1192 3768 1246 solidos

2198 1274 2295 1325 pro
2347 1261 2512 1314 unciis
2561 1262 3001 1332 interpretantes.
3044 1264 3410 1332 praesctiptam
3461 1277 3496 1314 a
3537 1262 3764 1332 concilio

2199 1332 2384 1402 libram
2415 1345 2533 1402 esse
2563 1331 2831 1385 unciarum
2871 1331 3080 1402 triginta
3119 1333 3466 1387 asserum-int.
3515 1331 3763 1386 Nicolaus

2203 1400 2400 1454 llrnvus
2439 1401 2638 1454 {utetur
2673 1403 2882 1456 ccttcilii
2922 1400 3132 1456 sensum
3164 1405 3380 1466 assequi
3421 1416 3479 1456 se
3525 1417 3630 1455 non
3675 1417 3762 1464 po-

2202 1471 2393 1532 tuisse;
2435 1469 2526 1522 sed
2569 1470 2781 1524 interim
2817 1469 3191 1526 Cassinenscnt
3233 1473 3424 1526 libram
3486 1473 3756 1525 unciarum

2199 1541 2409 1608 triginta
2456 1540 2612 1594 trium
2649 1555 2769 1594 cum
2809 1542 3022 1595 dimidia
3061 1543 3133 1596 uti
3181 1543 3466 1610 legitimam
3507 1542 3756 1595 admittit.

2199 1610 2455 1662 Eatndem
2489 1624 2583 1675 pro
2615 1610 2949 1664 Benedictina
2998 1626 3290 1678 agnoscere
3335 1613 3587 1665 ridentur
3611 1611 3756 1664 Jaco-

2200 1679 2297 1732 bus
2328 1679 2557 1739 ltrolius,
2582 1681 2871 1735 monachus
2898 1682 2957 1735 S.
2988 1683 3235 1736 Germani
3266 1700 3291 1737 ει
3325 1682 3523 1742 Pratis,
3557 1682 3607 1733 in
3633 1681 3748 1748 Sttp

2201 1751 2468 1822 plemento
2491 1751 2673 1819 Antiq.
2718 1751 2918 1822 _Paris..
2952 1766 3071 1822 pag.
3101 1754 3193 1813 88,
3224 1762 3278 1806 et
3316 1752 3561 1822 Andreas
3595 1752 3753 1817 Quer-

2199 1827 2417 1874 cetanus
2445 1819 2496 1871 in
2527 1831 2637 1875 not.
2668 1820 2731 1874 ad
2765 1820 2974 1874 llibliot.
2999 1819 3239 1877 Cluniae.
3273 1821 3604 1876 Difficultatts
3627 1836 3754 1887 pnn-

2196 1897 2338 1942 ctum
2363 1888 2556 1956 attigit,
2586 1890 2677 1942 sed
2705 1891 3014 1954 divinando,
3042 1893 3119 1945 vir
3139 1891 3478 1944 doctissimus
3498 1893 3752 1945 Anti-nius

2197 1959 2457 2031 Yepezius
2492 1975 2504 2013 :
2564 1961 2765 2015 censuit
2807 1964 3000 2029 quippe
3043 1977 3172 2016 eam
3215 1966 3383 2031 legem
3421 1964 3489 2016 tle
3525 1964 3754 2029 ροηόειε·

2197 2030 2344 2084 librre
2367 2030 2564 2101 editam
2605 2047 2756 2086 more
2784 2033 3129 2089 Francorum.
3157 2033 3245 2101 qui
3273 2030 3474 2086 libram
3520 2034 3753 2086 numeri-

2195 2115 2311 2154 cam
2340 2099 2518 2164 viginti
2546 2101 2730 2155 801ίάίὸ
2762 2112 3070 2170 computare
3113 2099 3318 2164 solent;
3347 2103 3578 2156 solidum
3631 2117 3756 2152 rem

2195 2171 2472 2224 duodecim
2496 2171 2752 2232 denariis,
2791 2187 2946 2236 quem
2977 2174 3224 2226 eumdem
3251 2172 3592 2241 computandi
3637 2188 3749 2222 tnu-

2195 2255 2306 2293 rem
2337 2243 2496 2294 etiam
2528 2243 2578 2292 in
2615 2242 2935 2308 ponderibus
2972 2245 3098 2296 olim
3135 2242 3494 2296 adhibuerim.
3541 2243 3610 2295 lix
3651 2259 3746 2309 ψη

2195 2311 2563 2366 observatione
2595 2313 2766 2366 intulit
2800 2314 2982 2366 libram
3009 2313 3158 2366 crudi
3190 2316 3340 2378 [mltis
3369 2328 3398 2365 a
3434 2312 3636 2382 synodo
3667 2328 3748 2362 as-

2193 2383 2451 2450 signatam
2500 2385 2804 2436 constitissc
2850 2383 2980 2436 libra
3036 2384 3421 2446 sesquimedia,
3470 2394 3526 2436 ttt
3572 2393 3744 2435 coetus

2195 2452 2346 2518 panis
2386 2453 2823 2512 constaretJibra
2857 2469 2955 2506 uua
2991 2453 3230 2506 l’arisino
3268 2461 3440 2516 inore,
3474 2467 3591 2519 qua:
3613 2457 3631 2472 '
3657 2466 3746 2517 pro

2193 2536 2296 2575 una
2328 2521 2456 2574 libra
2489 2523 2668 2595 viginti
2697 2523 2929 2592 quinque
2948 2525 3147 2577 solutus
3183 2524 3366 2595 exigit,
3398 2534 3453 2576 ct
3484 2524 3618 2576 hanc
3652 2523 3743 2575 de-

2195 2605 2337 2644 mum
2366 2605 2485 2645 esse
2521 2592 2708 2646 librant
2740 2607 2895 2658 quam
2932 2603 3147 2647 sanctus
3175 2592 3489 2648 Benedictus
3521 2607 3744 2659 propen-

2193 2674 2308 2714 sam
2331 2661 2582 2729 appellat.
2607 2663 2676 2716 At
2703 2662 3028 2716 dilticnltatis
3046 2665 3239 2718 nodum
3258 2678 3361 2716 non
3383 2664 3542 2714 modo
3557 2663 3740 2730 attigit.

2193 2730 2288 2784 sed
2304 2733 2462 2784 etiam
2489 2730 2644 2784 solvit
2666 2731 2972 2787 dissertator
2994 2733 3224 2788 Gallicus
3251 2736 3314 2786 de
3346 2732 3556 2786 hemina
3575 2734 3674 2783 vini
3691 2741 3742 2784 ct

2195 2801 2341 2867 panis
2365 2802 2497 2854 libra
2527 2801 2886 2857 Benedictum.
2918 2803 2967 2856 Is
2987 2804 3124 2858 enim
3147 2804 3201 2856 in
3235 2803 3414 2858 libello
3438 2816 3536 2855 suo
3559 2801 3735 2867 (Nam.

2190 2872 2315 2942 25),
2341 2886 2481 2924 anno
2511 2872 2644 2926 1667
2679 2873 2894 2926 Parisiis
2929 2889 3153 2938 ext-uso,
3187 2884 3348 2942 atque
3385 2876 3572 2925 iterum
3611 2888 3740 2924 anno

2195 2941 2334 2996 i688
2363 2956 2567 3004 recuSo,
2607 2957 2671 2996 ex
2708 2945 2927 2998 vetustis
2965 2943 3286 2998 Francorum
3326 2942 3531 3011 legibus
3561 2943 3736 2996 obser-

2193 3024 2300 3077 vat,
2330 3013 2638 3081 vigesimam
2673 3022 2871 3080 partem
2901 3013 3066 3067 uncia:
3086 3014 3358 3067 denarium
3388 3027 3524 3077 esse,
3550 3012 3736 3065 duode-

2193 3083 2296 3137 cim
2333 3098 2461 3136 vero
2496 3081 2743 3137 denarios
2783 3084 3006 3137 solidum
3050 3084 3300 3145 efficere;
3349 3085 3485 3136 adeo
3535 3093 3592 3135 ut
3637 3093 3736 3133 tres

2192 3153 2362 3208 uncia:
2398 3152 2630 3220 quinque
2660 3154 2890 3218 solidos,
2931 3167 2984 3206 et
3024 3154 3302 3208 duodecim
3349 3154 3520 3206 unciae
3564 3152 3734 3204 libram

546 3235 687 3293 ωηο.
728 3226 807 3276 An
845 3239 973 3279 vero
1005 3227 1311 3279 alterutram
1346 3221 1698 3293 ladoptaverit
1735 3221 1790 3278 S.
1826 3223 1885 3278 P.
1929 3221 2091 3279 Bene-
2113 3226 2161 3289 υ
2195 3224 2374 3293 viginti
2405 3223 2692 3276 solidorum
2725 3225 3065 3283 constituant.
3095 3225 3233 3292 Idem
3265 3224 3383 3276 aliis
3424 3225 3736 3291 argumentis

543 3292 712 3344 dictus
734 3311 835 3348 non
857 3303 1083 3350 constat.
1106 3294 1380 3362 Singulare
1403 3309 1496 3362 pro
1516 3295 1625 3346 suis
1645 3292 1917 3359 discipulis
1941 3295 2091 3350 librae

542 3364 748 3429 pondus
782 3367 1099 3432 instituisse,
1152 3361 1448 3419 connuunis
1483 3372 1565 3415 est
1604 3365 1886 3417 sententia.
1930 3366 2090 3432 quue

545 3436 884 3504 persuadent,
918 3436 971 3488 1⁸
1000 3435 1139 3501 qut-d
1167 3443 1380 3504 sanctus
1407 3432 1562 3485 Pater
1588 3433 1900 3500 discipulum
1937 3451 2088 3489 suum

545 3502 604 3553 Β.
631 3502 1124 3573 Μειιιινιιηϊόίτῑεεηε
1164 3505 1214 3558 in
1249 3503 1477 3567 Gallias,
1515 3517 1634 3555 cum
1671 3517 1830 3572 sacro
1880 3505 2091 3574 Regula:

543 3580 687 3624 textu
722 3575 924 3640 pondus
954 3576 1102 3630 librze
1141 3578 1287 3642 ponis
1322 3574 1492 3628 eidem
1530 3574 1868 3628 deferendum
1909 3589 2089 3631 secum

543 3642 1058 3716 tratliderittFaust.
1100 3647 1153 3698 in
1187 3643 1302 3696 Vita
1338 3647 1497 3716 sancti
1534 3643 1733 3710 Malm,
1773 3662 1914 3698 num.
1965 3648 2086 3716 29);

543 3727 612 3778 qu
651 3713 704 3768 d.
730 3718 773 3768 si
804 3713 1066 3785 singulare
1094 3731 1196 3768 non
1225 3715 1534 3785 exstitisset,
1559 3716 1696 3785 haud
1726 3729 1942 3770 necesse
1970 3713 2092 3770 fuis-

542 3786 763 3837 setiltnd
807 3801 872 3840 eo
893 3783 1147 3850 'deferre,
1188 3800 1306 3840 cum
1348 3783 1522 3837 simile
1561 3784 1611 3836 in
1651 3783 1822 3838 Gallia
1869 3787 2088 3854 reperiri

541 3867 747 3920 rosse-t;
775 3857 837 3908 ‘20
865 3858 1025 3922 quod,
1065 3870 1252 3912 everso
1288 3871 1316 3906 a
1350 3854 1706 3923 Lengobardis
1745 3859 2085 3923 monasterio,

539 3926 883 3980 hassinenses
912 3927 1134 3980 Romam
1173 3925 1509 3995 autugientes
1543 3925 1601 3978 ὃ.
1636 3925 1850 3994 Regula:
1888 3934 2087 3980 textum

539 4011 659 4046 cum
706 3999 886 4049 relicta
913 3997 1016 4050 sibi
1052 4012 1082 4050 a
1124 3996 1182 4050 S.
1219 3995 1502 4050 Benedicto
1541 3995 1692 4062 panis
1727 3995 1859 4050 libra
1907 4012 2086 4051 secum

539 4066 854 4130 detulerint;
896 4067 1046 4135 cujus
1091 4067 1330 4137 pondus,
1363 4073 1658 4137 restaurata
1689 4075 1878 4137 postea
1907 4081 2089 4122 mona-

538 4138 722 4207 sterio,
750 4137 1032 4192 Zacharias
1062 4135 1190 4207 papa
1222 4137 1417 4207 ibidem
1446 4135 1674 4189 restituit
1695 4136 1820 4205 (Leo
1843 4136 2089 4192 Ostiensis

538 4204 728 4260 Chron.
757 4207 977 4274 Cassin.,
1009 4204 1097 4262 lii}.
1131 4204 1177 4271 vl,
1208 4223 1320 4275 cap.
1347 4205 1437 4273 9);
1468 4219 1586 4274 quae
1623 4204 1752 4260 sane
1788 4209 2087 4263 sollicitudo

535 4279 756 4331 omnino
779 4279 959 4332 fuisset
980 4279 1200 4343 inutilis,
1227 4281 1270 4332 si
1295 4279 1584 4332 Romanam
1616 4275 1674 4331 S.
1705 4276 1859 4330 Pater
1897 4278 2083 4331 libram

533 4350 872 4414 adoptasset;
929 4347 984 4401 5⁸
1037 4349 1180 4416 quod
1225 4348 1446 4402 Carolus
1502 4347 1752 4413 Magnus,
1800 4347 2084 4415 collapsam

536 4420 728 4483 passim
754 4420 806 4472 in
837 4418 1022 4474 Gallia:
1055 4419 1388 4488 monasteriis
1418 4416 1752 4488 disciplinam
1784 4419 2082 4488 regularem

533 4489 811 4544 restituere
831 4491 1069 4558 cupiens,
1094 4490 1284 4542 missos
1303 4487 1577 4558 Cassinum
1596 4487 1872 4554 direxerit,
1894 4491 1983 4554 qui
2004 4490 2085 4542 itt-

535 4561 776 4614 Stitotum
807 4575 837 4612 a
865 4557 924 4615 S7.
951 4560 1232 4615 Benedicto
1263 4558 1412 4613 librae
1449 4557 1600 4626 panis
1637 4558 1862 4626 pondus,
1901 4567 1956 4612 et
2000 4561 2084 4614 Ite-

532 4627 690 4682 ntinm
715 4630 820 4683 vini
851 4643 1150 4684 mensuram
1179 4628 1280 4683 sibi
1317 4628 1612 4684 deferrent.
1646 4627 1811 4682 Porro
1839 4630 2084 4694 Romam,

530 4714 634 4754 non
664 4699 940 4754 Cassinum
963 4701 1248 4768 imperator
1274 4702 1485 4754 mittere
1505 4698 1795 4762 debuisset.
1818 4700 1863 4752 si
1894 4698 2090 4752 Roma-

529 4784 652 4825 nam
681 4772 738 4824 S.
777 4770 1046 4826 Benedicti
1085 4769 1298 4835 libram,
1328 4779 1421 4823 aut
1461 4769 1729 4822 heminam
1762 4769 2084 4824 admisisset.

596 4840 806 4896 Missam
844 4856 874 4894 a
904 4839 1269 4894 Theodemaro
1312 4837 1500 4894 abbate
1541 4839 1844 4907 imperatori
1898 4839 2086 4894 libram

529 4911 704 4986 statim
736 4925 867 4986 post
883 4910 1000 4986 ejus
1029 4907 1416 4986 516_obitum
1456 4909 1510 4986 in
1536 4909 1783 4986 omnibus
1814 4921 2086 4986 monaste«

527 4982 644 5049 riis,
674 4983 812 5036 haud
839 4979 1078 5042 dubium,
1104 4979 1272 5047 recipi
1296 4979 1502 5034 curavit
1529 4979 1764 5048 synodus
1801 4980 2087 5048 Aquisgra-

529 5051 737 5118 nensis,
781 5061 1020 5106 Statuens
1067 5060 1123 5104 ut
1169 5051 1297 5102 libra
1326 5052 1474 5117 panis
1528 5049 1732 5118 triginta
1775 5051 1954 5103 solidis
1995 5068 2084 5118 per

529 5121 793 5176 duodecim
817 5123 1051 5175 denarios
1075 5119 1342 5184 metiatur;
1361 5130 1418 5174 et
1443 5121 1654 5189 quidem
1696 5130 1962 5189 antequam
1999 5137 2082 5173 co-

528 5202 730 5260 quatur,
768 5203 824 5246 ut
866 5190 1079 5260 praefert
1119 5192 1336 5245 canonis
1375 5189 1595 5244 titulus.‘
1615 5191 1738 5244 lla-e
1767 5193 1928 5245 Verba
1979 5190 2082 5244 illis

527 5263 856 5331 temporibus
877 5263 1095 5316 omnino
1115 5262 1416 5331 perspicua,
1446 5262 1638 5315 nostris
1660 5261 1820 5331 valde
1830 5261 2078 5331 obscura,

527 5329 768 5400 plurimis
794 5332 1064 5386 divinandi
1089 5329 1424 5386 occasionem
1453 5331 1773 5384 tribuerunt.
1801 5329 1933 5384 Nam
1978 5329 2080 5383 Ga-

441 5434 444 5438 -
527 5417 666 5456 ιειςυς
695 5402 747 5455 in
772 5405 912 5457 notis
940 5403 1005 5456 ad
1029 5401 1268 5456 Cassiani
1298 5402 1395 5456 lib.
1425 5415 1477 5465 v,
1508 5416 1628 5469 cap.
1658 5400 1710 5462 5,
1754 5401 1894 5455 hunc
1921 5414 2082 5453 cano-

527 5487 642 5541 netu
673 5476 740 5528 de
778 5474 948 5540 pretio
985 5472 1197 5541 triginta
1253 5471 1542 5526 solidorum
1593 5470 1889 5541 intellexit,
1923 5471 2077 5537 eique

529 5540 839 5610 suffragatur
875 5540 1108 5596 Dadinus
1146 5543 1412 5596 Alteserra
1441 5541 1621 5596 Ascet.
1653 5540 1747 5594 lib.
1786 5557 1840 5593 ν.
1871 5541 2081 5594 llaefte-

527 5626 624 5663 nus
646 5615 714 5665 de
741 5613 972 5679 pondere
999 5624 1225 5675 quatuor
1267 5612 1554 5678 librarum,
1599 5612 1700 5665 hoc
1735 5621 1818 5665 est
1860 5612 2085 5677 quadra-

527 5680 664 5749 ginta
694 5693 815 5734 octo
845 5684 1137 5747 unciarum,
1172 5681 1247 5734 uti
1275 5696 1333 5736 se
1361 5683 1476 5750 ipse
1494 5682 1740 5750 explicat,
1767 5680 1957 5745 fretus,
1984 5697 2076 5735 seu

2113 4595 2165 4656 D

2193 3287 2353 3362 atque
2379 3293 2778 3348 auctoritatibus
2807 3294 3086 3349 confirmat
3129 3287 3308 3346 noster
3340 3287 3658 3344 Maltilluttitts
3689 3307 3733 3343 in

2195 3365 2502 3433 praefatione
2527 3364 2590 3416 ad
2614 3377 2738 3418 saec.
2771 3380 2840 3416 tv.
2868 3365 2934 3417 Et
2961 3364 3036 3418 sic
3064 3364 3196 3434 libra
3227 3363 3440 3434 triginta
3461 3363 3732 3416 SOllthI'llm

2193 3434 2563 3502 sesquilibrant
2589 3434 2880 3488 Romanam
2902 3435 3154 3495 continet,
3174 3433 3275 3489 hoc
3295 3445 3378 3488 est
3400 3435 3576 3487 uncias
3601 3442 3734 3483 orto-

2190 3501 2380 3579 decun;
2396 3519 2510 3579 quat
2530 3515 2648 3579 post
2662 3507 2810 3579 panis
2824 3506 3113 3579 coctionem
3131 3504 3523 3579 quatuordeeim
3540 3501 3731 3579 circiter

2193 3577 2374 3629 uncias
2414 3573 2611 3638 reddit,
2642 3575 2690 3628 si
2717 3578 2870 3644 panis
2899 3576 3180 3645 primarius
3218 3585 3337 3638 est;
3383 3573 3662 3645 sexdecim,
3687 3573 3726 3624 si

2191 3645 2551 3700 secundarius.
2610 3645 2676 3699 Et
2720 3643 2859 3699 hanc
2900 3643 3024 3700 esse
3075 3645 3262 3698 libram
3312 3643 3723 3704 Benedictiuatn,

2192 3730 2374 3784 quam,
2401 3729 2491 3776 reo
2536 3715 2676 3783 quod
2725 3716 2896 3769 unciis
2945 3717 3145 3781 aliquot
3185 3713 3480 3768 llumauam
3507 3720 3722 3777 superet,

2190 3795 2405 3908 junctus
2428 3786 2584 3841 Pater
2619 3799 2934 3854 propensam
2966 3795 3138 3849 vocat,
3181 3783 3312 3838 mihi
3342 3786 3504 3837 multa
3527 3798 3723 3852 pet-stt:-

2229 3867 2340 3908 ent.
2405 3875 2414 3882 ί

2229 3867 2340 3910 ent.
2405 3875 2414 3882 ’

2261 3925 2418 3999 517
2442 3925 2664 3999 Primo,
2702 3927 2843 3996 quod
2875 3925 2934 3982 S.
2965 3925 3375 3999 P._Benedictus
3402 3935 3603 3999 veteres
3629 3938 3726 3975 mo-

2192 3996 2396 4052 naehos
2439 3997 2493 4049 in
2540 3998 2718 4052 multis
2761 4007 2973 4052 secutus
3019 3996 3216 4063 duces,
3245 4008 3356 4050 tum
3385 3998 3560 4050 hacin
3594 4005 3723 4059 parte

2191 4069 2322 4123 Satis
2369 4068 2711 4136 probabiliter
2753 4070 3028 4122 a'mulatus
3069 4079 3172 4122 est.
3231 4067 3396 4121 Porro
3436 4067 3506 4136 de
3545 4063 3723 4136 illisit:

2189 4133 2444 4194 discurrit
2477 4139 2612 4208 apud
2645 4136 2956 4192 Cassianum
2993 4137 3157 4191 abbas
3185 4135 3637 4208 MoysestColtot.
3675 4133 3724 4194 ’ἐν

2189 4224 2306 4263 can.
2336 4209 2427 4279 19)
2465 4220 2485 4262 ‘:
2511 4198 2562 4260 ἰ
2598 4207 2952 4264 Diseutlentes
2995 4198 3353 4262 cotttinentias
3391 4198 3720 4279 diversorum,

2188 4280 2279 4347 qui
2309 4273 2548 4336 vel'solis
2575 4279 2946 4346 leguminibus,
2975 4281 3056 4332 vel
3099 4279 3337 4333 oleribus
3382 4286 3606 4337 tantum,
3653 4273 3722 4347 vel

2189 4346 2360 4416 pomis
2393 4350 2552 4403 vitam
2577 4348 2776 4418 jugiter
2803 4350 3114 4417 exigebant,
3166 4363 3506 4417 praeposuere
3542 4346 3722 4400 cunctis

2190 4420 2291 4473 illis
2321 4419 2662 4476 refectionem
2683 4419 2847 4473 solius
2870 4419 3044 4488 panis,
3070 4419 3223 4487 cujus
3247 4418 3601 4488 tequissimnm
3625 4431 3721 4488 mo-

2187 4489 2312 4544 dum
2341 4492 2396 4546 in
2424 4491 2630 4545 duobus
2659 4487 2957 4559 paximatiis
2985 4487 3319 4556 statuerunt,
3339 4503 3476 4556 quos
3507 4487 3721 4554 parvulos

2192 4574 2354 4626 panes
2399 4563 2484 4614 vix
2529 4559 2677 4614 libra:
2724 4561 2881 4614 unius
2927 4561 3128 4626 pondus
3174 4559 3371 4612 habere
3393 4559 3722 4626 certissimum

2191 4625 2291 4685 est.
2325 4653 2344 4683 ο
2378 4631 2523 4686 Hanc
2551 4629 2736 4684 libram
2770 4625 2935 4684 fuisse
2972 4631 3246 4682 unciarum
3287 4627 3564 4683 duodecim
3593 4625 3721 4682 colli-

2188 4703 2332 4768 gitur
2376 4717 2442 4756 ex
2490 4697 3394 4770 paxitnatiorumﬁpondere,_quotl
3441 4713 3536 4754 ses
3581 4695 3722 4770 unciis

2190 4768 2505 4826 constitisse
2537 4781 2680 4839 patet
2717 4768 2790 4825 ex
2819 4769 3069 4839 Palladio
3093 4811 3107 4831 ,
3155 4768 3244 4835 qui
3284 4784 3450 4838 agens
3493 4771 3558 4824 de
3587 4769 3722 4822 Paulo

2191 4841 2442 4908 Simplice
2481 4837 2576 4915 sic»
2605 4842 2762 4896 habet
2811 4837 3064 4915 :_s__Fer't
3115 4837 3376 4915 Antonius
3427 4849 3486 4896 et
3529 4841 3720 4915 intth

2191 4926 2388 4972 mensa:
2413 4912 2636 4980 quatuor
2663 4909 2959 4978 paxamidia
2989 4922 3081 4964 sex
3106 4912 3400 4973 unciarum,
3430 4921 3486 4967 et
3508 4909 3608 4965 sibi
3628 4909 3720 4976 qui-

2189 4981 2310 5036 dem
2341 4998 2500 5036 unum
2532 4981 2829 5035 madefecit.
2855 4999 2874 5031 ι

2258 5052 2522 5116 Secundo,
2553 5051 2972 5120 S._Benedietus,
3004 5049 3093 5106 ubi
3119 5050 3289 5120 major
3311 5059 3396 5106 est
3421 5049 3592 5114 labor.
3617 5061 3720 5120 eop-

2188 5125 2382 5194 Stitntte
2406 5138 2434 5176 a
2459 5109 2521 5175 se
2548 5109 2810 5194 mensura:
2838 5109 3036 5194 aliquid
3065 5109 3347 5189 supei-adtli
3365 5109 3644 5194 permittit.
3669 5117 3721 5194 At

2188 5208 2314 5246 vero
2341 5193 2385 5246 si
2417 5202 2613 5246 tantam
2641 5192 2790 5260 panis
2809 5190 3186 5261 quantitatem,
3210 5201 3266 5244 ut
3294 5191 3478 5244 volunt
3500 5190 3720 5261 praeusti

2187 5274 2452 5325 aut-tores,
2505 5259 2873 5325 quarduobus
2921 5263 3155 5316 tribusve
3199 5259 3514 5316 hominibus
3542 5259 3722 5316 abund:

2187 5331 2486 5394 Sttfliecret,
2516 5327 2573 5386 S.
2607 5329 2762 5386 Pater
2788 5332 3058 5396 dedisset,
3093 5331 3220 5384 nihil
3247 5340 3396 5387 certe
3421 5332 3506 5387 vel
3541 5327 3720 5385 edacis-

2187 5404 2322 5455 situo
2367 5401 2598 5465 homini,
2647 5404 2924 5471 quantavis
2969 5401 3110 5454 fame
3156 5402 3452 5464 laboranti,
3483 5411 3612 5467 astu
3651 5403 3722 5452 ιιι

2187 5473 2434 5541 opt-ribus
2459 5472 2660 5537 attrito,
2689 5471 3047 5538 superaddere
3074 5486 3296 5526 necesse
3324 5475 3485 5527 foret.

2255 5541 2464 5607 Tertio,
2497 5541 2554 5597 S.
2583 5537 2896 5598 Benedictus
2927 5555 3030 5593 non
3062 5541 3180 5607 plus
3222 5543 3289 5594 atl
3335 5541 3470 5596 duas
3503 5537 3722 5596 refecti-

2186 5631 2280 5666 ttes
2306 5626 2460 5680 quam
2488 5613 2552 5665 ad
2576 5613 2804 5675 unicam,
2835 5624 2955 5664 cum
2976 5608 3238 5680 jejunium
3265 5621 3372 5680 est,
3403 5609 3556 5680 pultis

2184 5695 2287 5753 get.
2321 5676 2388 5736 λι
2408 5682 2496 5752 qui
2521 5681 2821 5748 sexdecim,
2849 5681 2932 5736 vel
2962 5676 3264 5752 quindecim
3299 5676 3454 5752 panis
3475 5676 3734 5738 unciasal

637 5835 939 5894 lofz'sndum
973 5840 1174 5896 videtur
1223 5844 1328 5910 qui,
1371 5853 1424 5899 ut
1454 5844 1516 5898 ad
1569 5859 1704 5898 more
1751 5842 2036 5898 referatur.
2071 5842 2224 5898 Enn.

3488 6089 3494 6094 ’
3597 6089 3714 6197 ¹“⁸ῗ⁵ὶ.
