3908 6222
78 424 182 487 77,7

1138 423 1407 479 REGULA
1446 423 1927 479 COMMENTATA.
1969 425 2117 478 car.
2163 426 2266 478 i.v.
2896 398 2899 403 ’
3234 421 3326 473 ττς.

79 535 307 605 caputin
336 543 551 604 gerunt,
584 549 738 604 quam
770 543 969 593 vestem
1018 532 1220 605 l‘rocum
1253 536 1534 600 vnlgariter
1562 536 1649 589 di-
1679 544 1724 596 Α
1756 536 2059 591 tanellcnsis
2098 539 2150 590 in
2192 552 2282 589 sua
2327 536 2715 605 COIISlillllilille
2762 542 2827 586 de
2874 536 3013 586 vii-iu
3044 548 3094 586 et
3135 538 3323 589 recini

77 616 236 661 cunt.
290 605 635 674 Putoautem
664 606 803 674 quod
832 604 1216 659 Cistercienses
1240 605 1305 658 ad
1338 607 1535 660 fontem
1566 622 1651 659 re-

78 683 381 730 currerent
426 673 813 730 Cassiuenses‘
862 675 1027 729 etalt
1056 675 1147 729 illo
1194 685 1299 727 tam
1339 676 1654 729 vocabulum

82 759 250 811 quam
279 745 511 815 ﬁguram
544 745 827 815 utriusque
844 752 1118 815 traxerunt
1155 746 1446 813 scapularis
1474 744 1657 798 eten-

82 816 274 868 i-nllie.
316 812 347 867 ι’
378 816 565 872 Simile
591 814 787 880 aliquid
818 812 976 869 habet
1011 812 1259 873 Nicotaus
1285 815 1354 870 de
1380 815 1657 871 Fractura.
1679 833 1692 846 ·

84 885 163 937 De
185 886 642 955 Cisterciensibus
672 883 791 942 vide
818 884 1080 937 Iulianum
1104 884 1410 937 Varnerium
1431 888 1546 937 loco
1573 900 1662 937 sn-

89 971 188 1020 pra
222 956 417 1008 citato.
450 955 849 1009 Bursl'elde‘nses
874 956 1152 1021 scapulare
1175 969 1329 1007 suum
1361 958 1427 1008 ita
1453 956 1659 1008 descri-

87 1026 226 1077 bunt
257 1023 429 1092 (Diu.
452 1024 507 1080 5.
534 1041 650 1092 cap.
678 1021 771 1087 21)
804 1038 821 1076 :
858 1042 877 1074 ι
909 1022 1008 1075 Pro
1048 1039 1208 1086 opere
1236 1039 1360 1077 vero
1386 1025 1615 1077 manuali
1642 1064 1657 1086 ,

88 1104 167 1157 et,
204 1110 273 1148 ex
306 1094 608 1158 apostolico
646 1093 872 1157 indulto,
894 1092 1123 1146 etiamin
1153 1095 1444 1147 ministerio
1487 1093 1665 1146 divino

90 1167 196 1217 sub
226 1164 408 1219 sacris
451 1164 687 1218 vestibus
734 1164 896 1231 etiam
944 1163 1204 1219 scaiiulari
1252 1166 1479 1223 utimur;
1511 1164 1665 1229 cuius

92 1237 382 1301 caputium
409 1234 583 1287 eidem
609 1242 846 1287 assututn
871 1243 1014 1285 retro
1041 1241 1095 1285 et
1122 1234 1184 1284 ad
1225 1243 1504 1299 utrumque
1531 1233 1666 1287 latus

95 1318 263 1356 titiam
295 1304 531 1372 palmam
564 1302 797 1359 habebit.
832 1301 1005 1353 minus
1035 1302 1084 1353 iti
1118 1312 1339 1355 extenso
1386 1318 1542 1368 quam
1574 1318 1666 1356 cu-

96 1373 264 1425 culla.
309 1372 446 1427 Pars
470 1386 597 1426 vero
621 1372 913 1439 scapularis
943 1380 1065 1423 ante
1108 1384 1167 1427 et
1186 1384 1328 1425 retro
1362 1373 1668 1439 dependens

98 1441 611 1499 latitudinismedim
636 1436 775 1494 ulna:
798 1443 886 1505 sit,
907 1442 985 1493 vel
1007 1441 1181 1509 quasi,
1212 1436 1671 1509 longitudomque

66 1513 167 1565 ‘ad
218 1513 385 1567 talos.
424 1532 446 1564 ι
492 1512 837 1565 Cas~inenses
878 1524 1003 1562 vero
1052 1512 1399 1575 pl'.DSCl‘lbUIll
1429 1510 1673 1577 (Declar'.

102 1580 279 1646 Cum,
313 1598 435 1647 cap.
474 1580 601 1648 55),
632 1590 690 1633 ιιι
736 1599 755 1632 ι
792 1580 1085 1646 scapularia
1137 1584 1515 1633 monachorum
1564 1582 1673 1633 sint

101 1651 264 1718 longa
298 1666 468 1720 super
500 1651 727 1704 tunicam
758 1665 849 1718 per
876 1650 1149 1702 dimidium
1188 1662 1391 1716 quarta!
1414 1692 1428 1709 ,
1465 1653 1673 1717 lataque

104 1721 409 1775 secundum
435 1720 764 1774 latitudinem
793 1720 993 1773 rascie.
1023 1720 1327 1787 Scapularia
1352 1721 1672 1774 iiovitinrum

104 1794 219 1844 sint
238 1794 429 1844 stricta
443 1800 497 1844 et
512 1799 679 1844 curta.
697 1799 752 1842 et
779 1791 1160 1855 prmeiidantur
1176 1806 1340 1857 usque
1366 1792 1430 1843 ad
1448 1805 1634 1858 genua.
1649 1810 1668 1841 ι

182 1861 483 1928 Scapulare
501 1860 560 1915 S.
587 1860 645 1914 Ρ.
676 1860 991 1913 Benedictus
1021 1859 1241 1929 indulsit
1272 1870 1485 1927 propter
1507 1875 1668 1926 opeia

110 1930 235 1984 loco
256 1956 259 1959 -
280 1932 532 1993 cucullai‘,
563 1944 720 1998 quam
767 1939 892 1981 tunc
920 1930 1253 1997 deponebaiit
1276 1971 1292 1995 ,
1327 1932 1465 1983 unde
1494 1939 1549 1983 et
1574 1946 1668 1983 cu-

109 2001 272 2054 cullze
303 2014 499 2053 nomen
548 2000 598 2053 ei
630 1999 853 2053 inditum
878 2008 979 2060 est,
1006 2000 1115 2052 sive
1136 2003 1254 2067 quia
1286 2000 1504 2052 cucullze
1533 2002 1676 2053 vices

113 2080 365 2132 teneret,
408 2070 520 2123 sive
565 2078 776 2137 propter
815 2070 1083 2134 caputiuin
1113 2085 1126 2120 :
1171 2069 1291 2123 hinc
1318 2072 1386 2122 de
1411 2070 1676 2135 scapulari

116 2140 296 2192 locum
328 2141 469 2193 hunc
490 2154 554 2192 ex
577 2138 691 2192 Vita
719 2139 777 2191 S.
805 2138 1072 2191 Benedicti
1100 2140 1415 2193 Anianensis
1437 2139 1596 2205 (δίει.
1625 2154 1676 2192 tv

114 2208 275 2278 Ben.)
307 2211 501 2263 merito
530 2209 889 2262 intellexeris:
924 2224 942 2257 ι
983 2209 1035 2260 lo
1069 2207 1247 2272 habitu
1278 2224 1488 2278 quoque
1516 2211 1677 2262 dissi—

121 2279 282 2332 miles
308 2281 508 2333 l'ecerat
538 2278 822 2332 multorum
864 2278 1225 2341 consuetudo;
1258 2280 1513 2347 siquidem
1549 2295 1681 2331 noii-

118 2350 287 2404 nullis
310 2363 479 2417 usque
503 2348 568 2402 ad
590 2348 722 2402 talos
747 2350 969 2401 cucullie
994 2348 1317 2413 pendebant,
1335 2349 1680 2417 quamobrem

118 2420 203 2472 vir
233 2419 330 2472 Dei
361 2420 675 2472 uniformem
705 2420 907 2472 cunctis
956 2419 1237 2470 tenendum
1269 2417 1542 2471 monachis
1595 2419 1683 2471 ili-

119 2488 298 2541 stituit
348 2490 600 2553 modum,
648 2496 706 2541 ut
749 2501 851 2540 noii
902 2487 1130 2556 amplius
1168 2503 1199 2541 a
1244 2488 1451 2543 duobus
1493 2489 1684 2542 cubitis

119 2561 415 2613 excederet
443 2572 723 2621 mensura,
765 2560 846 2611 vel
881 2572 1045 2624 usque
1073 2557 1137 2610 ad
1167 2572 1335 2627 genua
1381 2558 1684 2626 pertingere

123 2639 348 2695 posset;
382 2646 403 2679 ι
439 2630 489 2681 id
517 2629 658 2697 quod
685 2628 969 2681 conﬁrmat
995 2628 1316 2695 Smaragdus
1338 2629 1403 2682 ad
1446 2629 1584 2681 hunc
1609 2630 1687 2681 lo-

124 2714 247 2751 cum
277 2702 361 2753 sic
388 2698 628 2754 scribens
656 2715 670 2749 :
701 2715 724 2749 ι
750 2697 898 2765 Quod
930 2712 1058 2751 vero
1105 2698 1195 2750 ille
1235 2699 1363 2753 dicit
1410 2698 1689 2766 scapulare

135 2778 365 2837 propter
406 2782 589 2833 opera,
630 2768 734 2824 hoc
769 2783 866 2821 nos
896 2771 1054 2821 modo
1082 2768 1307 2821 dicimus
1349 2770 1632 2824 cucullam.
1666 2788 1683 2821 i

129 2837 325 2892 Postea
366 2853 494 2893 vero
520 2853 647 2892 usus
675 2839 895 2897 invaluit
915 2878 935 2904 ,
968 2846 1026 2891 ut
1055 2852 1156 2889 non
1186 2838 1357 2891 solum
1386 2841 1450 2892 ad
1480 2854 1641 2905 opera
1670 2880 1686 2905 ,

127 2907 226 2960 sed
248 2913 401 2961 omni
431 2908 595 2963 etiam
640 2917 881 2976 tempore
925 2910 1202 2973 scapulare
1246 2908 1573 2973 deferretur;
1609 2925 1693 2963 ra-

133 2978 250 3049 rius
278 2979 516 3049 cuculla._
541 2992 641 3032 nec
668 2979 767 3033 nisi
793 2977 861 3032 ad
888 2977 1065 3032 divina
1094 2979 1264 3032 olficia
1295 2988 1349 3033 et
1377 2981 1478 3033 alia
1511 2979 1693 3049 hujus-

130 3046 273 3100 modi
300 3046 572 3103 exercitia.
611 3110 614 3113 ,

205 3119 413 3171 Nullam
461 3119 546 3171 hic
588 3117 647 3172 S.
692 3116 960 3185 legislator
988 3131 1138 3172 zonae
1168 3118 1490 3172 mentionem
1535 3118 1690 3183 facit;

132 3185 287 3255 cujus
318 3200 493 3243 tamen
523 3204 673 3242 usum
699 3202 877 3256 supra,
898 3188 1122 3256 «p.22,
1140 3189 1485 3256 prtescripsil,
1513 3188 1696 3242 decer.

1706 1898 1753 1957 B

1761 608 2143 660 monachorum
2176 626 2193 655 ι
2226 608 2458 673 drappos
2485 608 2632 658 albos
2657 604 2746 668 ΞΟ,
2773 607 2841 659 ile
2870 605 3059 673 quibus
3090 607 3325 659 camisia:

1760 677 1831 731 20
1874 677 1984 729 lieri
2011 688 2249 744 po‘sent,
2284 697 2301 727 ι
2342 678 2451 729 suis
2484 676 2982 729 Fontanellensibus
3010 676 3321 741 assignavit.

1764 747 2000 814 Denique
2044 756 2262 799 sanctus
2312 745 2469 799 0dilo
2516 746 2678 798 abbas
2724 745 3095 799 Clttniacensis
3138 747 3323 811 (Apud

1763 815 1899 869 Ball.
1933 820 1959 871 1
1986 814 2231 883 Ianuar.)
2266 835 2281 865 t
2313 816 2399 869 die
2422 817 2650 883 quodam
2678 817 2810 868 duos
2842 816 2891 867 iit
2920 816 3108 868 itinere
3135 830 3328 881 pueros

1760 886 1904 940 fame
1926 896 2228 953 peremptos
2251 887 2471 951 reperit.
2502 887 2619 938 Mox
2642 899 2780 951 equo
2806 885 3083 948 desiliens,
3117 885 3321 937 laneam

1766 971 1866 1017 qua
1901 957 2112 1008 indutus
2134 966 2249 1008 erat
2273 956 2337 1006 ad
2368 970 2586 1008 carnem
2618 955 2873 1008 subduxit
2895 956 2994 1007 sibi
3018 955 3322 1018 interulam,

1765 1040 1954 1093 eaque,
1985 1036 2139 1092 prout
2161 1025 2433 1077 vclaniiiiis
2450 1025 2713 1089 quantitas
2742 1025 3097 1091 permittebat,
3120 1036 3327 1078 utrum-

1767 1112 1869 1163 quo
1890 1098 2118 1148 cadaver
2131 1094 2442 1157 obvolvens,
2459 1094 2675 1147 exhibet
2695 1096 2916 1148 mortuis
2938 1097 3285 1162 sepulturam,
3304 1116 3321 1146 ι

1808 1164 2214 1217 tieniadinodum
2257 1164 2441 1216 scribit
2471 1165 2658 1218 Petrus
2687 1164 2927 1217 Daniiani
2963 1165 3015 1216 in
3046 1164 3161 1230 ejus
3188 1166 3300 1216 Vita

1818 1245 2037 1287 atteram
2090 1234 2284 1287 metris
2327 1233 2480 1286 lineis
2528 1234 2600 1287 uti
2644 1233 2878 1287 camisiis
2906 1274 2919 1293 .
2974 1245 3326 1301 prmierqiiaiu

1770 1303 1906 1356 forte
1963 1302 2218 1366 inﬁrmis,
2259 1318 2522 1370 nunquam
2567 1303 2732 1356 lii-nit.
2799 1322 2817 1353 ι
2854 1304 3124 1365 Mooaclii,
3161 1306 3331 1372 inquit

1771 1373 2054 1427 Zacharias
2085 1387 2214 1440 papa
2247 1373 2297 1424 in
2323 1373 2547 1437 epistola
2580 1374 2642 1424 ad
2687 1372 2929 1439 Pipinum
2959 1384 3008 1425 et
3052 1376 3329 1429 uniwrsm

1776 1443 2013 1495 Franciae
2043 1450 2323 1511 episcopos
2346 1453 2401 1495 et
2426 1444 2643 1495 abbates
2668 1442 2839 1508 (Apud
2864 1440 3150 1505 Bar.,ann.
3180 1444 3327 1511 7M),

1774 1514 1920 1564 laneo
1939 1514 2266 1575 indumento,
2277 1510 2423 1581 juxta
2446 1526 2682 1565 normam
2702 1523 2751 1565 el
2768 1512 3000 1581 regulam
3023 1516 3330 1567 monasticm

1774 1583 2087 1648 disciplinie.
2112 1592 2270 1649 atque
2295 1580 2628 1635 traditionem
2651 1580 2954 1635 sanctorum
2980 1583 3329 1646 probabilium

1778 1653 2009 1712 Patrum,
2043 1651 2574 1705 sineintermissinne
2625 1661 2875 1713 utantur;
2915 1666 3034 1719 quia
3086 1657 3330 1708 monachi

1777 1725 1844 1775 ab
1871 1723 2118 1774 omnibus
2165 1721 2364 1774 illicitis
2391 1721 2590 1775 debent
2619 1720 2909 1775 abstinere.
2944 1723 3210 1790 Apostolis
3239 1739 3333 1777 au-

1777 1803 1883 1844 tem
1906 1792 2143 1844 divinum
2166 1791 2345 1844 datum
2368 1804 2489 1844 esse
2509 1793 2812 1844 mandatum
2835 1791 2967 1844 duas
2993 1792 3198 1846 tunicas
3228 1810 3331 1847 non

1780 1852 2005 1915 habendi
2039 1878 2050 1912 :
2080 1861 2286 1914 tunicas
2316 1860 2452 1915 dixit
2496 1861 2672 1927 itaque
2714 1863 2919 1925 laneas,
2950 1876 3053 1913 non
3082 1862 3267 1917 lineas.
3309 1887 3326 1914 ι

1780 1933 1846 1984 Ει
1896 1940 2049 1984 antea
2103 1932 2159 1984 S.
2217 1930 2497 1983 Ferreolus
2563 1932 2613 1983 in
2671 1930 2868 1997 Regula
2936 1932 3335 1999 praescripserat

1774 2000 1929 2070 (Cap.
1961 2001 2051 2069 51)
2080 2019 2096 2049 t
2132 2012 2189 2054 ut
2215 2000 2504 2054 monachus
2530 1999 2820 2068 quamlibet
2850 1999 3071 2070 delicati
3093 2015 3333 2069 corporis

1777 2068 1913 2123 linea
1944 2072 2007 2122 ad
2040 2072 2175 2122 nuda
2205 2070 2445 2132 corporis
2476 2085 2578 2123 non
2612 2078 2806 2122 utatur.
2833 2088 2851 2120 i
2881 2072 2945 2122 Et
2966 2068 3023 2123 S.
3057 2069 3289 2125 Isidorus
3317 2094 3327 2125 :

1782 2159 1800 2188 ι
1838 2141 2000 2193 Lmen
2038 2154 2141 2192 non
2188 2148 2401 2208 oportet
2444 2140 2590 2192 indui
2623 2140 2960 2193 monachum.
3000 2158 3019 2190 ι
3058 2141 3110 2191 lo
3142 2142 3333 2196 litteris

1778 2212 1937 2263 etiam
1965 2208 2026 2261 Ο.
2058 2210 2259 2271 abbatis
2290 2210 2659 2270 MOsoinensis,
2683 2221 2732 2261 et
2768 2215 2830 2262 Α.
2858 2209 3062 2262 abbatis
3084 2209 3335 2265 Marabiu-

1781 2284 1959 2333 tiensis
1982 2281 2043 2332 ad
2068 2280 2286 2334 abliates
2306 2280 2361 2333 S.
2388 2279 2703 2347 Theoderici
2729 2278 2890 2346 (Hist.
2909 2295 3003 2331 ms.
3028 2281 3087 2333 S.
3110 2278 3329 2347 Theod.,

1781 2353 1848 2402 ad
1873 2366 1994 2402 rimi.
2031 2349 2183 2417 1279)
2210 2360 2263 2403 et
2292 2350 2351 2404 S.
2368 2346 2624 2415 Crispini,
2646 2350 2837 2416 quibus
2861 2363 2953 2403 eos
2982 2363 3097 2403 suae
3122 2346 3337 2416 provin-

1782 2424 1879 2473 cia:
1906 2423 2235 2472 consntnunt
2270 2419 2608 2481 visitatores,
2643 2418 2757 2471 hate
2788 2419 2904 2486 lego
2933 2434 2950 2471 :
2984 2436 3001 2468 ι
3045 2421 3336 2478 lnliibeatia

1786 2494 1837 2542 in
1867 2491 2067 2542 eisdem
2095 2490 2341 2554 capitulis
2361 2490 2622 2546 districte.
2646 2503 2712 2540 ne
2733 2488 2951 2541 alibites
2981 2488 3061 2540 vel
3094 2494 3339 2555 monachi

1786 2561 1939 2613 lineis
1980 2569 2191 2631 utantur
2218 2569 2365 2613 extra
2398 2558 2772 2631 monasterium
2802 2599 2816 2619 ,
2840 2558 3051 2631 quando
3075 2558 3336 2631 equitant,

1786 2645 1905 2684 cum
1939 2631 2038 2683 lioc
2064 2628 2219 2682 cedat
2262 2632 2311 2682 in
2358 2629 2662 2682 scandalum
2697 2628 3026 2680 szecnlarium
3050 2667 3063 2690 ,
3097 2642 3148 2681 et
3180 2628 3339 2689 totius

1788 2701 1988 2753 ordinis
2016 2700 2177 2751 nostri
2209 2699 2465 2761 derisum,
2489 2713 2586 2751 nec
2610 2698 2769 2767 70h.
2796 2709 2957 2751 etiam
2991 2702 3124 2750 intra
3158 2716 3337 2755 innua-

1798 2771 2045 2832 steriuiii,
2076 2770 2174 2822 nisi
2206 2768 2423 2822 evidens
2446 2771 2721 2821 inlirnntas
2747 2777 2800 2819 et
2819 2770 3056 2834 corporis
3096 2767 3340 2831 ileliiliug

1797 2839 1896 2893 hoc
1921 2843 2174 2908 requirat.
2213 2857 2230 2889 ι
2279 2842 2420 2893 Ιι’θηι
2465 2842 2757 2890 decernunt
2789 2840 2840 2889 in
2872 2852 2980 2889 suis
3006 2841 3338 2895 constitutio.

1793 2911 1949 2963 nibus
2000 2924 2099 2977 pro
2143 2911 2414 2964 monachis
2463 2908 2819 2962 Benedictinis
2866 2909 3199 2963 innocentius
3239 2913 3300 2967 lzl
3328 2960 3341 2977 ,

1796 2980 2079 3045 Gregorius
2111 2980 2200 3041 IX,
2232 2979 2476 3033 Nicolaus
2498 2978 2563 3034 IV
2594 2983 2642 3031 in
2673 2980 2812 3031 bulla
2845 2981 2908 3031 ad
2948 2978 3343 3047 Cluniacenses.

1795 3060 1850 3105 et
1881 3050 2193 3104 Benedicuis
2218 3049 2331 3103 XII.
2361 3050 2546 3103 Pueris
2571 3060 2748 3102 tamen
2774 3051 2940 3102 lineas
2961 3051 3202 3105 caiiiisias
3226 3071 3343 3120 per.

1800 3120 2079 3173 mittebant
2117 3120 2491 3189 (.luniaeenses
2518 3132 2580 3171 ei
2606 3120 2873 3189 llilalrico,
2908 3120 3001 3189 lib.
3031 3134 3113 3182 tu,
3140 3135 3257 3189 cap.
3291 3128 3344 3184 8,

1797 3189 2057 3244 Aeliedus
2082 3203 2209 3242 vero
2259 3188 2421 3256 (Heg.
2469 3203 2582 3257 cap.
2613 3187 2713 3255 90)
2742 3187 3035 3257 virginibus
3073 3190 3183 3244 suis
3209 3187 3343 3248 dum

136 3272 275 3329 nens
301 3270 382 3329 uti
409 3259 584 3311 vestiti
615 3255 881 3329 dormiant
911 3255 1174 3321 monachi,
1204 3268 1257 3312 et
1278 3255 1436 3312 cincti
1465 3259 1688 3329 cingulis
1722 3255 1767 3317 C
1798 3262 2025 3329 stupaci'o
2051 3258 2283 3311 camisias
2306 3255 2666 3329 centuriones.

134 3336 226 3381 aut
253 3327 487 3395 I'unibue.
520 3330 577 3380 S.
615 3324 962 3381 Cutlibertiim
1007 3332 1137 3382 zon'a
1171 3329 1310 3383 linea
1337 3343 1486 3381 usuin
1527 3324 1690 3382 fuisse

135 3410 350 3451 coiistat
374 3394 438 3452 ex
465 3398 601 3450 Beda
630 3399 679 3449 iu
700 3394 816 3464 ejus
842 3396 977 3460 Vita,
997 3406 1124 3463 cap.
1141 3400 1241 3462 23;
1264 3400 1356 3452 sed
1378 3397 1436 3452 S.
1460 3397 1690 3464 Fulgen-

137 3476 242 3518 tius
269 3468 562 3535 ltuspensis
587 3468 869 3533 episc0pus
902 3485 921 3517 ι
957 3469 1179 3536 pelliceo
1202 3469 1415 3536 cingulo
1442 3477 1691 3536 tanquam

60 3564 64 3568 -
138 3542 436 3618 monachus
458 3541 770 3618 utebatur,»
799 3537 872 3618 uti
901 3535 1126 3618 legimus
1333 3539 1388 3618 i_n_
1412 3552 1529 3618 6.98
1553 3535 1689 3591 Vita.

138 3605 217 3657 De
269 3622 422 3663 zonae
460 3622 556 3660 usu
598 3614 653 3658 et
694 3605 1078 3673 signiﬁcatione
1128 3605 1322 3660 videsis
1350 3605 1691 3672 Hael'tenuiu,

142 3675 233 3730 lib.
266 3692 321 3741 v,
352 3686 505 3729 tract.
531 3678 586 3740 ll,
614 3677 752 3741 disq.
787 3677 837 3735 l.
869 3686 922 3729 et
954 3686 1108 3730 tract.
1140 3679 1228 3739 l0,
1260 3677 1398 3744 disq.
1428 3679 1481 3728 τ.

210 3746 353 3799 Nihil
383 3762 599 3815 qunque
637 3752 702 3799 de
747 3747 979 3800 Camisiis
1007 3747 1120 3800 sive
1148 3746 1387 3800 interulls
1431 3744 1494 3800 S.
1526 3745 1693 3800 Bene-

136 3814 318 3869 dictus
342 3856 359 3880 ,
397 3814 525 3881 quas
553 3815 608 3869 S.
641 3815 901 3868 ltobertus
942 3816 1106 3869 abbas
1153 3817 1503 3869 Molismensis
1533 3830 1692 3883 repti-

140 3886 322 3939 diasse
346 3887 532 3954 legitur
557 3886 690 3953 apud
714 3885 1019 3937 Urdericum
1046 3886 1262 3939 Vitalem
1288 3887 1339 3939 in
1364 3887 1495 3939 Hist.
1523 3886 1615 3939 lib.
1639 3902 1692 3947 ν,

141 3968 196 4008 et
223 3966 614 4023 conseqm-nter
636 3955 1036 4017 Cistercienses,
1066 3970 1290 4022 quorum
1335 3958 1384 4009 in
1416 3957 1692 4019 lnstitutis,

142 4040 262 4088 cap.
285 4027 341 4085 4,
365 4028 667 4079 ιΙεεεηιιιιιι·
716 4042 733 4072 ι
761 4026 978 4077 vestitus
996 4026 1216 4090 simplex
1238 4034 1293 4079 et
1337 4026 1473 4087 vilis.
1499 4027 1697 4094 absque

147 4096 395 4162 pelliciis,
421 4100 672 4155 camisiis,
700 4096 991 4157 stamineis,
1017 4096 1223 4163 qualem
1245 4095 1474 4163 denique
1496 4094 1694 4164 Regula

143 4166 418 4219 describit.
451 4186 469 4216 ι
506 4166 697 4217 llarum
726 4166 841 4216 luco
869 4164 925 4217 S.
962 4166 1163 4221 Patrem
1199 4166 1557 4226 Benedictum.
1588 4168 1690 4231 pri-

149 4249 371 4301 mosque
400 4237 515 4303 ejus
539 4235 823 4301 discipulus
850 4234 1079 4287 cilicium
1103 4249 1261 4287 carne
1282 4244 1437 4288 tenus
1460 4246 1701 4303 gestasse

147 4304 425 4356 contendit
448 4306 729 4357 itael‘teiiiis
752 4303 889 4367 (Lib.
916 4319 965 4363 ν,
996 4314 1142 4354 tract.
1164 4305 1220 4368 3,
1241 4305 1372 4372 diaq.
1402 4306 1455 4373 7)
1482 4321 1495 4356 :
1518 4320 1695 4357 exeni-

149 4375 236 4439 plo
267 4390 391 4426 esse
422 4384 593 4433 potest
635 4374 694 4425 S.
736 4373 874 4425 Tillo
924 4376 1213 4426 monachus
1238 4375 1698 4429 Sollemniacensis

150 4441 311 4508 (δατ.
342 4457 379 4495 ll
405 4441 747 4510 Ben.),.cnjus
780 4462 795 4492 I
831 4442 1195 4494 indumentum
1225 4445 1377 4497 valde
1400 4455 1515 4497 erat
1554 4444 1699 4497 vilis-

150 4525 368 4576 smum,
391 4520 504 4564 sola
536 4513 707 4565 tunica
737 4510 981 4565 videlicet
1010 4521 1166 4578 atque
1186 4514 1412 4571 cuculla.
1438 4523 1492 4565 et
1513 4514 1699 4566 intrin-

151 4596 305 4635 Secus
333 4585 398 4634 ad
443 4597 655 4635 carnem
703 4581 955 4642 cilicium,
987 4585 1123 4649 quod
1168 4583 1346 4635 tandiu
1376 4583 1547 4635 donec
1591 4594 1732 4649 prait

153 4650 316 4704 nimia
346 4662 605 4704 vetustate
648 4663 1014 4716 consumptum
1047 4652 1173 4703 nulli
1204 4653 1318 4704 usui
1351 4662 1527 4717 aptum
1555 4664 1699 4704 esset

154 4723 417 4786 portabat,
450 4738 469 4771 ι
505 4730 563 4774 ut
590 4724 786 4773 habent
830 4718 945 4786 ejus
982 4731 1117 4774 acta.
1146 4720 1508 4774 Cartliusianis
1538 4730 1695 4773 etiam

151 4792 255 4842 duo
283 4791 457 4844 cilicia
504 4792 736 4858 indulget
780 4789 950 4857 Giigo
994 4791 1044 4843 in
1074 4790 1316 4858 Stalutis,
1347 4806 1463 4858 Cap.
1496 4790 1600 4852 28;
1632 4790 1698 4844 de

155 4862 338 4926 primis
365 4861 522 4912 etiam
553 4859 611 4913 S.
654 4859 951 4912 Euieramni
982 4860 1378 4926 Ratisponensis
1424 4861 1699 4914 monachis

153 4923 332 4999 scribit
349 4930 601 4983 Amulius
614 4930 851 4996 ejusdem
876 4923 1175 4982 monasterii
1196 4931 1485 4983 monachus
1505 4928 1639 4999 (Lib.
1664 4945 1700 4983 ll

155 4995 415 5069 Dialag.),
447 5000 586 5067 quod
620 5015 638 5049 t
672 4998 824 5052 lineis
853 5001 1081 5051 camisiis
1106 5000 1382 5069 utebantur
1423 4995 1664 5053 seniores
1684 5041 1696 5061 .

155 5067 245 5132 qui
281 5067 375 5121 eas
408 5069 601 5121 habere
646 5076 952 5132 potuerunt,
986 5072 1163 5121 caeleri
1194 5068 1362 5123 laneis
1391 5079 1696 5136 utebantur,

155 5137 216 5188 ob
242 5139 504 5203 penuriam
532 5138 720 5189 scilicet
744 5138 1061 5189 cilicinarum
1083 5139 1310 5191 vestium.
1350 5158 1368 5190 ι
1402 5139 1591 5193 Postea
1618 5151 1699 5191 ta-

157 5220 277 5258 men
304 5208 476 5260 cilicio
515 5208 747 5260 sulfectte
776 5220 893 5259 sunt
931 5210 1094 5261 laneas
1113 5209 1341 5260 camisia:
1370 5212 1480 5263 sive
1520 5209 1703 5261 Stami-

158 5289 289 5333 neae.
322 5285 380 5328 ut
410 5286 551 5343 patet
579 5292 643 5329 ex
678 5276 788 5327 \'ita
820 5276 875 5328 S.
911 5278 1174 5330 Benedicti
1207 5278 1409 5330 abbatis
1436 5280 1702 5331 Anianen-

158 5343 403 5413 sis(Sa:c.
424 5361 472 5397 tv
488 5344 662 5414 Bm),
678 5361 787 5414 qui,
806 5356 1032 5399 testante
1046 5355 1257 5400 Ardone
1285 5347 1398 5413 ejus
1420 5348 1700 5413 discipulo,

164 5430 186 5485 ι
214 5415 474 5485 concessit
501 5416 831 5485 necessuatis
870 5422 1049 5479 causa,
1084 5427 1299 5485 propter
1326 5432 1484 5485 quam
1516 5421 1696 5484 regula

156 5480 321 5551 jubet,
351 5484 482 5537 duas
510 5484 718 5537 scilicet
741 5488 1045 5549 stamineas,
1074 5480 1227 5539 etcf»
1274 5480 1515 5540 Totidem
1543 5480 1697 5539 ante:

159 5553 269 5607 suis
296 5557 605 5621 permiserat
649 5554 705 5607 S.
743 5553 1059 5606 Fructuosus
1090 5556 1139 5607 in
1176 5555 1385 5623 Regulae
1414 5571 1532 5624 cap.
1565 5558 1620 5619 4,
1647 5567 1701 5607 et

161 5634 336 5687 postea
364 5627 641 5677 cuneiliuiit
673 5629 1112 5689 Aquisgranense,
1136 5640 1255 5677 can.
1280 5625 1368 5685 '22,
1396 5626 1699 5693 llegulaque

159 5695 532 5758 mlitarioruni,
564 5708 677 5760 cap.
712 5694 802 5746 a9.
832 5694 937 5747 Sed
973 5704 1025 5745 et
1051 5698 1223 5761 Auseg
1248 5710 1337 5748 δυ,
1364 5695 1527 5748 abbas
1559 5696 1697 5747 Fun-

231 5833 408 5901 'Lege
426 5830 789 5892 Cauinensem,
821 5842 908 5883 aut
964 5830 1347 5885 Carrineurion.
1379 5834 1468 5887 Eoi
1488 5852 1525 5887 τ.

394 5942 625 6003 ΡΔΤιιυι
650 5986 659 5997 .
697 5939 908 6000 LXVI.

1869 3324 1970 3383 l’ro
1998 3329 2187 3395 pedum
2231 3328 2541 3381 indumento
2577 3328 2633 3380 S.
2669 3324 2983 3379 Benedictus
3013 3328 3230 3384 indulsit
3260 3349 3344 3397 ρε.

1795 3399 1945 3455 dules
1964 3399 2258 3471 etucaligas.
2289 3397 2422 3464 Quid
2452 3412 2574 3451 vero
2600 3397 2705 3471 sint
2724 3396 2973 3471 pedules.
2996 3396 3345 3471 qtiid‘caligre,

1794 3485 1899 3546 non
1926 3468 2081 3546 facile
2101 3468 2486 3546 explicaverunt
2522 3485 2534 3519 :
2571 3486 2591 3517 ι
2630 3467 2883 3546 Bedules,
2909 3467 3077 3546 inquit
3102 3467 3347 3546 Sinarag.

1793 3540 1914 3605 dus,
1945 3539 2073 3595 dicit
2101 3539 2212 3601 ille,
2239 3539 2377 3606 quod
2411 3554 2507 3593 nos
2536 3539 2695 3591 modo
2717 3538 2942 3588 dicimus
2969 3541 3181 3590 calceus
3214 3556 3228 3592 :
3262 3538 3350 3603 ὦ,

1796 3606 2064 3677 ligasille,
2091 3609 2231 3677 quod
2276 3623 2372 3660 nos
2402 3610 2699 3660 sulitalares
2731 3607 2809 3660 vel
2835 3621 3026 3660 soectis
3062 3618 3353 3677 Voca'nius;

1792 3676 1975 3748 caligae
1997 3676 2170 3731 autem
2200 3693 2228 3730 a
2254 3680 2387 3731 callo
2417 3680 2606 3745 pedum
2636 3680 2812 3748 dictae,
2844 3676 2925 3729 vel
2951 3680 3071 3743 quia
3102 3676 3353 3748 ligantur,

1794 3747 1916 3803 nam
1942 3760 1995 3801 et
2024 3748 2270 3801 calcearii
2314 3756 2587 3801 vocantur.
2621 3765 2637 3796 ι
2669 3747 3045 3799 Ilildemarus:
3080 3766 3097 3797 ι
3134 3747 3355 3806 Ριφιιιιιεε

1794 3829 1916 3874 sunt
1939 3816 2027 3871 illa
2048 3819 2361 3871 vestimenta
2382 3834 2501 3885 quia
2528 3819 2577 3869 in
2604 3817 3029 3885 iiioduintribuci
3054 3815 3191 3869 facta
3208 3833 3353 3881 sunt.

1795 3889 1889 3942 sed
1922 3890 2081 3954 pedes
2108 3896 2308 3951 tegunt,
2342 3884 2479 3940 unde
2508 3888 2627 3952 quia
2658 3885 2709 3937 ib
2736 3884 2896 3952 pedes
2924 3886 3355 3955 mittunturppe.

1796 3958 1950 4012 dules
1968 3966 2250 4020 vocantur;
2275 3969 2398 4009 stitit
2418 3959 2559 4007 enim
2584 3961 2729 4007 inulti
2761 3957 3000 4005 monachi
3031 3956 3117 4017 qui
3143 3970 3355 4025 propter

1796 4029 2039 4081 sudorem
2070 4028 2259 4092 pellunt
2289 4026 2527 4077 dividunt
2559 4026 2713 4085 iilnd,
2760 4026 2897 4087 quod
2943 4026 2993 4075 iii
3028 4028 3188 4088 pedes
3230 4032 3323 4081 init

1796 4106 1933 4159 tunl,
1965 4114 2031 4149 ne
2060 4112 2217 4164 grave
2244 4107 2310 4149 εει
2334 4100 2411 4147 eis
2438 4096 2500 4146 ail
2529 4097 2829 4147 Ιεινειηιιιιιιι.
2860 4095 3051 4159 (Laligae
3079 4106 3275 4156 autem,
3301 4112 3357 4154 nt

1799 4168 2029 4221 Isidorus
2074 4166 2233 4229 dicit,
2268 4167 2423 4217 dictae
2463 4179 2587 4217 sunt
2614 4179 2642 4214 ιι
2671 4167 2807 4216 callo
2859 4166 3047 4230 pedum
3077 4204 3089 4221 .
3127 4168 3203 4217 \el
3237 4170 3355 4231 quia

1799 4237 2059 4304 ligantur;
2105 4253 2224 4288 nam
2257 4237 2396 4290 socci
2427 4251 2530 4289 non
2576 4236 2840 4301 ligantur,
2872 4234 2964 4287 sed
2998 4235 3349 4289 intromittun-

1800 4317 1905 4359 tur.
1942 4326 1960 4355 ι
2000 4305 2300 4358 Bernartius
2338 4304 2707 4358 Cassinensis:
2744 4323 2763 4353 ι
2800 4307 3108 4367 Quanquam
3149 4310 3359 4369 exposi-

1800 4388 1941 4429 tores
1966 4377 2321 4429 diversimoile
2342 4379 2408 4429 de
2440 4377 2549 4427 istis
2576 4376 2780 4427 duobus
2810 4374 3131 4425 indumentis
3165 4386 3357 4435 pi-untu

1800 4446 2112 4508 exponendo
2156 4447 2372 4508 dicant,
2422 4445 2674 4513 quidquid
2727 4447 2776 4495 in
2828 4442 3046 4508 pedibus
3094 4447 3361 4510 inittilur,

1799 4530 1914 4568 sive
1939 4516 2006 4568 de
2028 4516 2198 4578 corio,
2228 4517 2339 4568 sive
2371 4518 2438 4568 de
2469 4519 2583 4566 lana
2614 4516 2720 4573 liat,
2755 4513 2971 4580 pedules
3000 4526 3233 4579 congrue
3260 4537 3360 4581 ap.

1804 4585 2062 4649 pellantur
2088 4602 2099 4636 :
2133 4586 2352 4653 pediiles
2378 4603 2518 4637 enim
2546 4602 2571 4632 a
2603 4585 2734 4649 pede
2764 4584 3031 4645 dicuntur,
3057 4586 3239 4651 caliga:
3268 4606 3364 4641 an.

1801 4663 1907 4706 tem
1938 4654 2181 4708 dicontur
2211 4670 2239 4707 a
2270 4658 2643 4707 calceamentis
2667 4668 2924 4718 Cl‘lll‘illlll,
2950 4668 2979 4704 a
3023 4655 3188 4708 calcio
3209 4695 3227 4721 ,
3254 4663 3363 4711 cal-

1801 4738 1933 4784 cias,
1962 4724 2213 4788 calciare;
2248 4725 2370 4775 blnc
2393 4724 2573 4795 caliga
2601 4762 2615 4783 ,
2648 4724 2849 4795 caliga).
2884 4723 2973 4775 \el
3001 4723 3160 4775 etiam
3192 4728 3363 4795 Caliga

1802 4794 1996 4845 dieitur
2027 4810 2058 4845 ει
2085 4795 2301 4861 colligo,
2323 4794 2566 4859 colligas,
2594 4793 2743 4858 quasi
2772 4794 2910 4844 circa
2940 4795 3131 4844 collum
3167 4793 3318 4853 ligati
3347 4838 3361 4858 ,

1804 4864 1926 4928 quia
1956 4866 2135 4929 caligas
2169 4863 2488 4932 ligantur....
2514 4862 2617 4913 Sed
2651 4872 2770 4913 nota
2805 4862 2945 4927 quod
2993 4866 3237 4915 monachi
3278 4873 3357 4918 til-

1806 4936 2124 4985 tranioiitani
2154 4937 2349 4986 habent
2381 4936 2599 4999 pedules
2642 4937 2710 4985 de
2753 4939 2868 4984 lana
2898 4936 3138 4983 diversos
3178 4937 3242 4986 ab
3274 4937 3364 4987 illo

1805 5002 2115 5056 indumento
2137 5004 2190 5056 in
2212 5004 2424 5055 modum
2452 5002 2630 5054 tibiaci
2655 5009 2810 5063 lacto,
2835 5012 2888 5053 et
2912 5004 3157 5066 operiunt
3181 5005 3361 5055 tibiam

1803 5084 2023 5139 prOpter
2054 5072 2258 5125 facilem
2288 5074 2610 5125 ablutionem
2637 5113 2650 5133 ,
2684 5084 2736 5123 et
2766 5072 2830 5123 ad
2863 5072 3166 5123 evitandum
3195 5087 3364 5136 quan-

1803 5143 1978 5210 doque
2007 5142 2196 5209 pedum
2225 5142 2505 5203 sudorem;
2534 5144 2601 5194 de
2627 5152 2779 5193 nocte
2802 5154 2972 5211 autem
2993 5143 3318 5211 abstralient.
3340 5164 3368 5196 δ

1806 5211 1925 5264 illos
1958 5214 2172 5275 pedules
2200 5252 2213 5271 ,
2246 5212 2469 5275 pedibus
2494 5213 2600 5277 jam
2632 5210 2873 5269 nudatis,
2908 5210 3126 5261 retentis
3159 5212 3367 5264 tiliiaris

1807 5282 1859 5332 in
1892 5281 2328 5346 lectoqiiiescnnt
2356 5322 2369 5343 ,
2420 5298 2484 5332 tie
2518 5282 2652 5331 forte
2687 5281 2932 5341 peilnluin
2986 5282 3368 5344 itiipediiiiento

1808 5350 2136 5402 Iumosilzltes
2170 5365 2262 5411 per
2294 5365 2452 5415 portis
2497 5352 2705 5402 emisue
2750 5359 3075 5399 retineantur
3106 5353 3322 5404 lIItTills'J:
3351 5395 3364 5412 ,

1808 5431 1863 5473 et
1900 5420 1977 5471 sic
2017 5434 2111 5481 per
2157 5432 2492 5485 consequens
2544 5430 2700 5484 eaput
2748 5419 2940 5467 laedant
2970 5417 3033 5468 ad
3083 5423 3366 5473 cerebrum

1804 5491 2159 5541 ascendendo.
2200 5505 2218 5537 ι
2269 5488 2513 5540 Nieolaus
2559 5491 2626 5540 de
2677 5485 2926 5537 Fractura
2983 5503 3000 5535 ι
3043 5488 3259 5552 pedbles
3304 5494 3371 5545 ile

1804 5560 1983 5620 corio,
2019 5569 2070 5609 et
2098 5558 2295 5624 caligas
2342 5560 2408 5609 de
2461 5561 2575 5609 lana
2625 5557 2885 5622 intelligit.
2924 5575 2940 5604 i
3000 5557 3226 5608 Econtra
3284 5560 3370 5609 Ιίιη

1804 5629 2002 5679 cbardu
2029 5632 2091 5678 de
2121 5630 2176 5679 5.
2216 5631 2414 5692 Angelii
2444 5630 2625 5693 caligae
2654 5636 2774 5676 sunt
2811 5644 2823 5676 :
2866 5646 2883 5674 ι
2920 5628 3121 5685 Ut‘l‘cc,
3152 5628 3229 5677 \‘rl
3262 5640 3371 5679 cui.

1807 5699 1966 5761 saria,
2006 5698 2084 5748 vel
2114 5697 2253 5749 atiud
2284 5713 2447 5764 gmina
2476 5708 2771 5751 vest'tlleittt
2803 5716 2813 5754 ς
2847 5711 2897 5746 et
2929 5698 3139 5747 tltcittii'.
3179 5712 3368 5765 tnqthl,

2872 5941 2954 6008 ὣ
