3908 6222
239 388 344 443 78:;
412 378 424 401 ‘

1265 389 1534 446 REGULA
1573 386 2058 443 COMMENTATA.
2096 383 2249 440 CAP.
2290 382 2398 437 LV.

3351 375 3452 429 τινι

240 500 531 552 carbonem
574 498 844 565 denigrata
873 498 941 551 sit
979 495 1115 550 cutis
1139 496 1287 563 ejus;
1319 506 1538 564 uterque
1575 497 1802 550 salutem
1835 499 1884 557 Α
1909 504 2016 547 tum
2059 509 2340 557 possumus
2382 493 2706 565 indagamus.
2736 489 2948 545 Cuculla
2977 504 3093 565 qua:
3125 497 3305 541 nostro
3336 492 3451 565 sin-

242 581 296 621 tn
322 568 483 621 dumo
529 569 735 622 Domitii
762 577 1031 636 operatur.
1074 567 1212 621 Sane
1239 570 1289 621 iii
1330 568 1450 630 ovili
1480 567 1644 622 Jacob
1685 578 1808 619 sunt

242 640 363 701 agni
390 654 419 691 ι
445 637 493 690 bi
518 641 576 691 'et
618 640 748 706 nigri
767 644 801 701 ;'
820 639 870 690 in
898 638 1049 690 vinea
1078 638 1241 691 SOI'CC
1283 649 1404 692 sunt
1430 652 1544 691 uvae
1587 637 1719 689 alba!
1756 647 1808 689 et

244 709 429 775 nigrai.
457 709 562 763 Sed
588 720 639 760 et
665 723 880 772 Sponsa,
908 724 1025 773 qute
1057 707 1175 759 liliis
1200 709 1514 760 cenvallinin
1559 707 1812 772 prazalbe-

242 780 369 838 scit,
389 779 500 843 ipsa
526 780 709 832 eadem
722 779 881 831 dicit:
912 780 1067 845 Nigra
1096 793 1229 841 sum,
1255 780 1347 831 sed
1374 782 1623 830 formosa.
1658 778 1805 845 Apud

244 862 499 914 sponsam
537 849 733 906 Christi
766 862 871 901 non
898 857 979 900 est
1006 848 1230 899 absurda
1263 849 1506 909 varietas,
1549 862 1667 899 cum
1703 850 1813 913 ipsa

244 919 641 971 circumamicta
672 917 1015 970 varietatibus
1057 916 1409 982 describatur.
1443 915 1555 984 Ipsa
1586 916 1813 969 varietas

246 987 624 1041 uiiiiormitatis
666 1002 820 1040 causa
851 997 971 1047 est,
1016 1001 1134 1039 nam
1168 988 1218 1038 in
1250 987 1448 1039 cithara
1492 1002 1558 1039 ex
1591 987 1814 1039 (IH'BI'Sl-

246 1064 358 1111 tate
399 1058 715 1111 chordarum
742 1057 801 1110 ﬁt
833 1057 1109 1110 ttnilormis
1152 1058 1433 1110 modulatio
1476 1058 1540 1110 ad
1583 1071 1815 1110 concen-

323 1198 502 1259 Neque
541 1211 670 1251 vero
696 1210 763 1251 ne
805 1196 983 1251 colore
1011 1206 1232 1263 tantum,
1264 1196 1357 1249 sed
1382 1195 1541 1249 etiam
1580 1195 1647 1249 de
1670 1210 1819 1264 gros-

248 1265 482 1335 situdine
508 1282 574 1319 ne
611 1278 899 1322 causentur
953 1267 1192 1320 monachi
1224 1276 1367 1319 vetat
1411 1266 1468 1321 S.
1506 1265 1771 1335 legislator
1794 1304 1810 1327 ,

251 1334 318 1389 iis
345 1336 600 1389 duntaxat
643 1337 827 1391 videns
857 1350 977 1389 esse
1016 1344 1293 1390 contentos
1320 1334 1574 1398 vestibus,
1601 1350 1717 1401 quae
1746 1334 1820 1387 in-

257 1407 421 1459 vc-iiiri
455 1418 672 1473 pessum
700 1408 752 1461 in
784 1405 1051 1474 provincia
1089 1421 1188 1467 qua
1218 1408 1430 1469 degunt,
1464 1416 1549 1457 aut
1577 1405 1712 1472 quod
1744 1408 1819 1455 vi-

253 1475 358 1529 lius
385 1476 680 1542 comparati
708 1486 903 1546 putest.
931 1476 1239 1546 nihilenim
1271 1476 1532 1544 indignius
1550 1475 1820 1546 ιμρηεοιιυ
1859 1536 1866 1542 .

254 1559 403 1599 veste
429 1547 658 1612 pretiosa
686 1544 738 1601 et
767 1547 936 1601 lucida
963 1564 975 1598 :
1007 1563 1026 1595 ί
1058 1544 1233 1599 Vestis
1259 1545 1325 1598 sit
1356 1544 1619 1605 monachi,
1655 1546 1821 1609 inquit

252 1616 535 1669 Cassianus
566 1612 703 1684 (1.in
733 1633 787 1681 ν,
810 1632 857 1669 c.
880 1615 959 1682 ὃ),
981 1631 1097 1684 quae
1127 1629 1317 1679 corpus
1332 1624 1578 1681 contegat
1600 1624 1627 1666 ti
1652 1626 1818 1673 nium,

253 1696 308 1737 et
338 1688 559 1749 repellat
588 1686 843 1740 nuditatis
859 1684 1252 1751 verecundiam,
1271 1697 1326 1739 et
1354 1685 1561 1754 frigoris
1576 1684 1822 1754 retutidat

253 1755 536 1823 injur-am;
587 1772 691 1810 non
721 1772 840 1823 quae
883 1755 1164 1809 seminaria
1211 1753 1452 1809 vanitatis
1479 1762 1533 1808 et
1575 1753 1823 1807 elationis

253 1827 506 1892 entitrial,
535 1837 638 1880 etc.
679 1846 697 1878 i
736 1828 800 1879 Et
830 1825 886 1881 S.
919 1828 1034 1879 Odo
1075 1825 1239 1879 abbas
1288 1824 1652 1879 Cluniacensis
1683 1824 1818 1893 (Lib.

1909 565 2161 634 gulariter
2186 566 2427 617 convenit
2475 563 2685 634 ordini.
2737 565 2894 634 quod
2920 562 3290 634 veSIitneiitum
3322 560 3451 634 atiti.

1911 628 2087 704 quitus
2169 634 2452 687 vocabatur
2504 628 2786 704 cololiiutn,
2848 632 2927 704 id»
2984 630 3290 704 est_tiiiiica
3339 628 3454 704 sine

1912 701 2130 758 manicis
2155 746 2170 767 ,
2202 714 2403 757 tantum
2428 703 2587 757 debet
2622 702 2818 757 habere
2842 701 3165 757 latitudinis,
3200 701 3456 749 utamini-

1912 775 2010 828 bus
2030 776 2406 829 convenienter
2446 782 2655 840 aptetur
2697 773 2885 826 cubitis
2912 789 2925 823 :
2965 768 3301 839 longitudinis
3330 782 3393 818 ve
3423 786 3455 815 n

1915 855 2114 898 tantum
2134 854 2289 898 antea
2307 885 2320 903 ,
2347 845 2484 909 quod
2514 844 2577 895 ad
2607 844 2802 895 collum
2826 844 2969 908 Item“
2991 856 3153 907 ‘Nluc
3175 840 3453 909 tut-"iusst

1914 928 1960 968 ei
1992 914 2061 968 sit
2086 926 2205 979 apta
2227 908 2469 980 corpori,
2497 922 2552 965 ut
2580 914 2648 966 sit
2695 928 2762 967 ex
2818 912 2961 963 omni
3016 922 3163 978 parte
3210 908 3449 980 rotunda.

1914 976 2181 1051 Capelluim
2227 976 2391 1051 ipsius
2452 994 2642 1047 prwter
2700 983 2914 1036 limbum
2982 976 3238 1046 integrum
3292 976 3455 1028 virilis

1919 1052 2070 1122 pedis
2090 1069 2152 1108 ex
2178 1054 2319 1106 omni
2348 1062 2493 1120 parte
2519 1051 2824 1120 quadratam
2852 1051 3297 1122 delietcnutinere
3320 1062 3458 1122 mens

1860 1160 1863 1161 ν
1919 1119 2120 1178 suram.
2151 1123 2407 1191 Apei'ttira
2434 1119 2675 1191 superior
2715 1122 2904 1176 habeat
2941 1120 3171 1174 cubitum
3202 1132 3364 1181 tisipte
3392 1119 3455 1168 ad

1917 1193 2127 1261 pollicis
2181 1190 2474 1256 summum;
2519 1190 2730 1245 inferior
2780 1192 3013 1244 cubitum
3056 1190 3463 1261 integrumnct

1921 1254 2075 1315 iriuni
2129 1262 2408 1324 digitomm
2463 1254 2513 1313 in
2558 1275 2681 1315 ante
2703 1270 2950 1329 appareat
2983 1254 3201 1329 latitudo
3242 1254 3459 1329 cucnlla:

1918 1333 2131 1397 capitio.
2173 1332 2428 1386 Similiter
2472 1344 2644 1385 autem
2690 1328 2874 1383 subtus
2917 1330 3059 1383 circa
3096 1328 3258 1397 pedes
3288 1328 3458 1379 tunica

1920 1404 2078 1456 debet
2106 1419 2226 1457 esse
2264 1402 2517 1470 rotunda,
2563 1401 2812 1469 qualitate
2853 1412 3147 1455 menstirata
3186 1416 3200 1450 :
3247 1398 3462 1467 sagittas

1923 1488 2046 1524 VPI'O
2067 1475 2145 1527 vel
2171 1487 2391 1539 gerones
2432 1481 2630 1525 tantum
2673 1474 2890 1535 habeat,
2922 1482 2977 1523 ut
3018 1471 3115 1524 iter
3159 1473 3461 1536 gradientes

1920 1544 2003 1594 vel
2030 1542 2417 1610 superﬂuitate,
2451 1544 2532 1595 vel
2583 1542 2836 1610 parcitate
2885 1557 2987 1594 non
3016 1540 3282 1605 impediat;
3312 1542 3463 1610 cujus

1925 1628 2043 1665 man
2067 1609 2141 1665 cae
2173 1614 2361 1667 debent
2380 1626 2452 1666 ex
2480 1609 2702 1680 utraque
2733 1623 2882 1679 parte
2906 1614 2969 1665 ad
3000 1611 3258 1665 secundos
3276 1609 3463 1680 digito-

1924 1697 2037 1734 rum
2071 1685 2238 1735 iiodos
2265 1698 2429 1751 usque
2460 1685 2777 1753 pertingere.
2812 1682 3082 1753 Staminea
3112 1682 3264 1734 talem
3306 1679 3466 1732 debet

1927 1768 2224 1805 mensuram
2256 1754 2479 1815 habere,
2508 1762 2562 1804 tit
2589 1753 2757 1821 possit
2775 1754 2967 1805 collum
2991 1752 3135 1818 pedis
3156 1754 3323 1803 cincta
3348 1762 3463 1814 per-

1929 1834 2152 1890 tingere.
2185 1822 2439 1876 Similiter
2460 1834 2648 1877 .autem
2675 1824 2815 1878 sicut
2852 1824 3068 1877 cuculla:
3094 1822 3279 1875 subtus
3315 1832 3466 1884 aper-

254 1890 667 1959 ntColl.,mtm.
698 1897 868 1964 i7)”
918 1897 999 1949 An
1042 1911 1145 1949 non
1191 1892 1450 1962 apostasia
1475 1890 1822 1948 estbiim'ilem
1857 1904 1901 1964 Β
1930 1902 2041 1944 tura
2096 1894 2259 1962 digito
2308 1894 2650 1964 (terminetur.
2697 1892 2958 1956 Capitium
3034 1891 3225 1964 habeat
3278 1890 3461 1957 pedem

254 1965 503 2020 vestitum
549 1980 833 2032 spernere,
863 1974 919 2020 et
960 1968 1203 2021 decorem
1235 1965 1533 2018 vestimenti
1564 1978 1821 2031 quierere,

253 2050 375 2089 cum
403 2035 622 2104 angelus
662 2045 899 2104 apostata
927 2036 1189 2105 perlectus
1215 2034 1409 2089 decore
1434 2036 1744 2101 superbiens
1772 2033 1825 2086 in

254 2116 514 2158 tartarum
557 2106 761 2161 ruerit?
798 2124 818 2159 ι
854 2106 918 2160 Et
961 2105 1064 2158 alo
1093 2105 1144 2157 in
1175 2105 1292 2157 loco
1325 2124 1337 2156 :
1377 2124 1393 2153 ι
1431 2105 1571 2157 Sicm
1604 2106 1663 2157 Β.
1710 2105 1827 2157 Iiie-

255 2188 514 2243 ronymus
539 2177 591 2228 in
620 2175 844 2243 epistola
876 2176 941 2229 ad
973 2176 1130 2228 tiliam
1163 2175 1392 2229 Mauricii
1422 2175 1659 2243 perliibi-t
1688 2174 1823 2241 (Lib.

256 2257 316 2308 It,
349 2261 405 2299 n.
434 2246 510 2313 7),
543 2245 758 2313 g’niiidis
784 2247 975 2300 divina:
1001 2249 1184 2314 gratia:
1212 2248 1524 2298 contumelia
1568 2255 1650 2297 i-st
1677 2261 1827 2298 mun-

255 2315 384 2368 dani
414 2324 467 2368 et
496 2316 765 2369 tmcttlar‘is
790 2315 1087 2369 ornamenti
1117 2316 1383 2381 prmlatio;
1418 2329 1465 2368 et
1494 2316 1691 2368 crime.-
1723 2325 1824 2377 est,

259 2395 380 2439 tiOst
422 2386 723 2439 chrismatis
752 2386 1220 2439 sanctiﬁcationem
1266 2385 1624 2454 cujuscunque
1650 2386 1827 2453 specie

257 2464 488 2509 teireiete
527 2465 787 2510 creatura:
813 2467 969 2523 caput
995 2457 1075 2509 vel
1105 2471 1297 2522 corpus
1324 2455 1522 2515 ornari,
1551 2457 1688 2519 quod
1716 2456 1825 2522 jam

255 2527 459 2579 caelesti
505 2526 787 2591 splendore
816 2526 1059 2592 refulget.
1100 2544 1117 2575 ι
1156 2526 1211 2577 Ει
1248 2524 1380 2578 infra
1407 2525 1464 2577 S.
1510 2524 1825 2594 Cyprianum

256 2595 313 2647 iti
341 2598 475 2649 libro
496 2596 564 2649 de
586 2596 881 2664 Virginibus
930 2598 1007 2649 sic
1026 2598 1325 2663 loquentem
1350 2597 1577 2648 inducit:
1604 2611 1622 2645 t
1647 2596 1828 2648 Serico

256 2680 307 2719 et
346 2680 578 2732 purpura
608 2666 804 2719 indutae
848 2666 1114 2719 Christum
1164 2667 1383 2719 induere
1415 2681 1519 2718 non
1563 2674 1823 2733 posSunt:

257 2749 392 2787 auro
421 2749 473 2789 et
499 2738 795 2804 margaritis
837 2746 889 2789 et
915 2738 1075 2789 monii
1102 2739 1192 2788 bus
1221 2746 1490 2788 annrnatte
1516 2747 1827 2788 ornamenta

259 2805 437 2858 cordis
468 2806 833 2873 peididerunt.
881 2825 899 2856 ι
955 2806 1077 2858 Vide
1104 2805 1160 2860 Si.
1208 2806 1384 2858 Basilii
1413 2805 1829 2858 Constitutiones

258 2877 598 2939 monasticae,
630 2892 746 2943 i-ap.
780 2878 874 2941 5t;
924 2876 978 2929 S.
1015 2875 1259 2929 Dorodici
1307 2876 1477 2938 Doot.,
1508 2890 1624 2937 cap.
1662 2874 1745 2938 ι’),
1775 2886 1828 2929 et

260 2943 512 3014 Regula."
535 2946 889 2999 stilitarioruni
916 2960 1032 3014 eap.
1055 2946 1148 3011 4:,
1179 2962 1228 2999 et
1256 2946 1313 3000 S.
1339 2947 1597 3003 beriiard.
1641 2945 1824 2999 bomil.

260 3027 316 3069 4.
350 3029 508 3082 super
540 3014 592 3067 Μ
619 3033 727 3069 satis
748 3026 841 3069 est.

334 3085 505 3138 l'mro
550 3100 702 3139 acute
752 3088 836 3140 hic
884 3095 1068 3140 notant
1108 3083 1480 3149 liildemarus,
1531 3083 1827 3139 Bernartius

268 3152 609 3213 Bassineiisis.
640 3167 693 3208 et
722 3156 963 3209 Nicotaus
991 3158 1058 3208 de
1088 3154 1359 3220 Fractura,
1387 3154 1443 3209 S.
1489 3156 1824 3213 Benedictum

265 3240 372 3276 non
416 3225 725 3292 simpliciter
753 3226 881 3281 viles
905 3268 920 3289 ,
966 3241 1063 3280 nec
1101 3226 1317 3279 omnino
1346 3241 1375 3275 ν
1400 3226 1627 3278 lissinias
1654 3233 1827 3278 vestes

267 3286 691 3360 praescripsisse;
723 3311 788 3349 ne
817 3299 859 3348 si
893 3286 1022 3349 viles
1064 3297 1398 3359 instituisset,
1426 3298 1489 3348 ad
1523 3309 1779 3362 preci05a~
1807 3310 1824 3359 ;
1855 3286 1899 3347 C
1928 3294 2094 3347 ferius
2127 3286 2421 3347 diiiiidium.
2460 3291 2614 3347 Cesia
2657 3306 2718 3344 ra

267 3366 313 3416 si
345 3365 650 3426 Vilissiitizis,
674 3366 736 3418 ad
763 3372 965 3421 sordes.
997 3374 1050 3418 et
1076 3363 1367 3419 :iffccntatit
1394 3365 1550 3419 nimis
1574 3364 1819 3433 abjectio.

269 3450 391 3485 nem
418 3448 505 3487 aut
540 3437 916 3487 νιηιιιιιιιίηῑίεηι
946 3440 1197 3489 aet-edere
1226 3437 1520 3489 videretur:
1548 3440 1771 3503 υιτιιιιιίιι
1794 3448 1826 3488 c

264 3504 410 3557 enim
456 3505 564 3571 pari
594 3506 768 3558 s'udio
795 3504 1063 3557 nionaclis
1105 3520 1222 3558 esse
1250 3506 1518 3557 Vllalldllm
1547 3506 1737 3557 doet-nt
1766 3508 1822 3558 ὃ.

265 3572 615 3644 lltcronyiiius
645 3586 799 3642 eplal.
828 3578 862 3627 2
887 3585 938 3635 et
959 3574 1050 3638 Ἡ,
1082 3575 1139 3630 S.
1163 3576 1389 3627 Isidorus
1420 3577 1469 3627 in
1490 3574 1683 3641 Regula
1706 3589 1824 3637 cap.

268 3645 358 3715 {5,
385 3655 439 3696 et
462 3648 741 3697 i-oncilittin
770 3648 1338 3715 Aqugqauensegau.
1365 3644 1456 3699 ‘20.
1484 3646 1655 3710 Atque
1677 3644 1821 3715 itas.

265 3712 483 3767 Cuthliei
500 3723 553 3767 tu
572 3748 604 3774 -,
627 3726 760 3770 teste
784 3714 921 3769 Beda
941 3712 1033 3787 (In
1057 3716 1168 3785 ejus
1196 3712 1333 3787 Vita,
1350 3731 1461 3784 cap.
1495 3715 1580 3777 16,
1607 3729 1722 3766 stac.
1746 3714 1826 3783 9),

271 3800 295 3835 ι
329 3788 652 3839 vestitieiitis
680 3792 781 3839 ute'
805 3797 923 3838 atttr
956 3786 1344 3849 cottiinunihus,
1373 3788 1444 3838 ita
1470 3793 1825 3852 temperanter

268 3868 428 3923 agetis
451 3894 466 3917 ,
519 3865 573 3906 ut
604 3860 790 3908 horum
821 3870 992 3922 neque
1020 3854 1291 3909 munditiis
1316 3895 1331 3920 ,
1383 3870 1551 3924 neque
1580 3854 1829 3908 sordibus

266 3936 410 3977 esset
438 3924 704 3997 notabilis.
734 3926 884 3997 [inde
911 3940 1075 3997 usque
1097 3926 1296 3997 hodie,
1344 3927 1529 3994 inquit,
1561 3924 1615 3997 in
1641 3927 1829 3997 eodem

267 3996 591 4047 monasterio
620 3995 864 4063 exemplo
902 3994 1019 4063 ejus
1060 3994 1392 4058 observatur,
1426 4012 1492 4049 ne
1533 3996 1651 4063 quis
1694 3995 1830 4048 varii

267 4071 360 4116 aut
376 4065 589 4127 pretiosi
604 4066 798 4118 coloris
811 4065 1001 4119 habeat
1016 4066 1399 4129 indumentum,
1413 4067 1504 4120 sed
1523 4080 1584 4119 ea
1603 4068 1832 4119 maxime

268 4133 428 4203 713
457 4135 677 4187 vestium
709 4136 887 4200 specie
929 4136 1036 4188 sint
1073 4137 1304 4189 contenti
1332 4176 1347 4201 ,
1389 4151 1544 4202 quam
1577 4137 1833 4189 naturalis

269 4218 445 4275 ovium
475 4206 591 4275 latin
622 4205 904 4275 titinistrat.
933 4222 951 4255 ι
974 4204 1200 4275 ξηαπ-ητιι
1230 4206 1387 4257 etiam
1412 4206 1479 4259 de
1506 4205 1561 4259 S.
1582 4208 1834 4275 Maglnriu

271 4270 361 4338 (In
383 4290 491 4344 qur
516 4274 651 4337 Vita,
672 4290 789 4328 scrc.
812 4274 876 4341 ι),
899 4270 1037 4343 quod
1066 4293 1084 4324 t
1107 4291 1299 4345 corpus
1318 4277 1433 4342 ejus
1452 4277 1643 4342 jugiter
1661 4270 1728 4329 ὅθι
1751 4278 1833 4327 i-io

270 4346 565 4415 tegeb.itur,
594 4347 918 4399 veStimentis
938 4359 1146 4415 quoque
1172 4363 1198 4415 ει
1230 4348 1356 4415 toris
1384 4359 1481 4397 nec
1507 4346 1833 4398 multimodis

270 4413 481 4480 vitibus,
526 4429 624 4468 nec
650 4416 911 4484 pretiosis,
939 4414 1029 4468 sed
1058 4413 1443 4475 mediocribus;
1473 4430 1538 4467 ne
1567 4418 1700 4468 forte
1732 4415 1830 4468 hu-

271 4498 547 4535 manarum
597 4483 808 4539 landum
854 4483 1181 4538 blandiretur
1229 4484 1514 4544 fomentis,
1562 4485 1704 4553 quod
1752 4494 1835 4538 est

272 4556 567 4618 muscipula
592 4564 805 4609 aeternas
840 4555 1215 4617 damnationis,
1243 4556 1589 4623 induebatur;
1626 4572 1643 4604 ι
1675 4564 1729 4608 et
1767 4556 1835 4607 de

271 4624 332 4697 5.
363 4624 790 4697 BernardoiLib.
824 4641 877 4679 ιιι
902 4625 1100 4697 deejiis
1136 4624 1268 4688 Vita,
1298 4640 1343 4677 c.
1371 4626 1425 4693 2)
1445 4642 1457 4675 :
1481 4642 1499 4674 ι
1526 4624 1578 4676 In
1604 4626 1833 4697 restibus

272 4691 326 4746 ci
371 4691 898 4763 paupertassemper
928 4691 1142 4764 placuit,
1186 4698 1370 4749 sordes
1401 4691 1663 4758 nunquam
1698 4711 1710 4745 :
1745 4694 1829 4745 ni—

274 4764 467 4817 mirum
496 4764 655 4815 animi
686 4764 798 4827 fore
825 4768 1023 4818 indices
1049 4766 1243 4829 aiebat,
1271 4777 1361 4817 aut
1387 4765 1711 4832 negligentis,
1746 4772 1835 4815 rut

273 4839 404 4888 loris
418 4834 636 4902 gloriam
654 4834 944 4902 :itl’ectantis
960 4836 1264 4890 humanam.
1290 4855 1308 4886 ι
1341 4834 1463 4888 Vide
1482 4834 1647 4886 Vitam
1671 4834 1833 4886 ινδιξ

274 4898 479 4957 abbatis
500 4907 830 4958 Corbeiensis
858 4898 946 4957 lib.
971 4919 1008 4969 I,
1030 4918 1147 4972 cap.
1177 4904 1267 4967 2'2,
1291 4921 1413 4960 sa-c.
1444 4919 1511 4958 tv.

346 4975 508 5026 Abbot
534 4983 701 5027 autem
725 4976 787 5027 de
811 4974 1045 5027 mensura
1068 4976 1347 5043 provideat,
1373 4984 1424 5028 ut
1447 4990 1544 5027 non
1572 4973 1670 5043 sint
1686 4984 1831 5026 curta

275 5044 391 5106 ipsa
418 5046 708 5099 vestimenta
736 5044 986 5099 utentibus
1026 5041 1108 5108 eo,
1138 5046 1229 5099 sed
1255 5041 1593 5111 mensuram]
1621 5045 1728 5094 lloc
1750 5052 1832 5098 est

276 5127 376 5168 nec
406 5116 559 5167 nimis
589 5116 739 5182 longa
760 5156 777 5180 ,
818 5130 913 5169 nec
937 5114 1094 5169 nimis
1132 5126 1322 5171 curta:
1365 5129 1529 5169 unum
1567 5115 1707 5166 enim
1740 5127 1831 5163 Va-

276 5184 529 5251 nitatem,
567 5186 790 5240 alterum
835 5184 1149 5239 modeSiiam
1187 5187 1361 5240 minus
1407 5184 1565 5254 sapit.
1611 5185 1829 5254 curtum

276 5264 453 5308 autem
485 5254 640 5309 nimis
672 5257 1044 5311 vestimentum
1067 5256 1355 5321 .Bernardo
1382 5253 1679 5310 CaSsinensi
1716 5268 1825 5321 est,

281 5341 306 5377 ο
341 5323 480 5393 quod
520 5326 683 5396 talum
725 5341 830 5379 non
860 5328 1072 5396 attingit
1112 5338 1417 5393 protensum
1453 5343 1468 5380 :
1524 5323 1681 5377 nimis
1711 5323 1853 5377 lon-t

275 5409 427 5465 gum,
461 5396 598 5462 quod
639 5394 825 5450 defluit
854 5412 950 5465 per
979 5394 1215 5459 h'umum,
1246 5408 1298 5450 et
1327 5396 1593 5462 pulverem
1630 5403 1829 5458 mnvet,

276 5479 373 5521 seu
402 5474 688 5535 congregat
721 5468 909 5520 lutum.
944 5485 963 5518 ι
1001 5468 1075 5521 De
1102 5479 1349 5520 mensura
1396 5466 1829 5535 testiinetitomm

276 5536 395 5590 haec
423 5534 619 5591 habent
640 5551 767 5589 mss.
803 5535 1024 5591 Romani
1065 5536 1123 5591 S.
1150 5535 1316 5597 Pauli,
1345 5543 1401 5588 et
1430 5534 1695 5588 Farlensis
1719 5549 1832 5587 mo-

279 5609 495 5661 nasterii
526 5606 944 5662 Coiisuetudines
986 5607 1054 5667 ab
1080 5606 1831 5674 anniscirciter.septingentis

279 5681 589 5741 descriptae:
618 5696 638 5729 ι
668 5677 988 5733 Vestimenta
1011 5678 1231 5732 [ratrqu
1255 5677 1413 5729 mittit
1437 5674 1491 5725 S.
1520 5674 1831 5730 Benedictus

279 5748 332 5799 in
356 5749 882 5815 prndeiitiailbbatis,
900 5758 955 5800 ut
975 5747 1083 5801 sint
1102 5756 1427 5803 mensuram.
1450 5744 1633 5812 Qualis
1654 5756 1830 5800 autem

278 5828 347 5871 ιιι
375 5815 460 5874 illa
488 5835 732 5879 mensura
749 5818 1270 5875 sccunduml’atrum
1289 5815 1649 5872 definitionem
1670 5830 1833 5885 quan-

1930 1960 2191 2030 inlegrttm
2220 1982 2231 2014 :
2275 1962 2516 2017 similiter
2542 1974 2592 2016 et
2640 1964 2840 2016 manica
2871 1971 3017 2031 parte
3042 1960 3253 2023 latiori;
3284 1968 3465 2031 contra

1926 2029 2135 2085 manum
2165 2046 2319 2092 vero,
2357 2049 2461 2099 quo
2482 2047 2693 2087 manere
2718 2029 2887 2094 solet,
2910 2031 3199 2098 angnStior,
3230 2046 3261 2081 e
3293 2029 3417 2081 radii
3436 2046 3466 2077 ιι

1929 2102 2131 2168 pollicis
2158 2118 2321 2170 usque
2342 2104 2620 2156 terminum
2648 2101 2833 2156 indicis
2854 2102 3185 2156 extendatur.
3208 2100 3464 2167 Corrigia.

1926 2188 2027 2240 qua
2056 2173 2280 2235 cingitur
2296 2174 2538 2226 staminia
2556 2214 2570 2236 ,
2590 2180 2863 2242 postquam
2886 2171 3193 2242 fueritgbene
3213 2178 3427 2242 extenta
3449 2209 3462 2229 ,

1940 2239 2268 2295 latitudinem
2322 2242 2374 2295 in
2424 2239 2740 2310 sepollicis
2779 2242 2987 2295 habeat.
3024 2239 3300 2294 Cultellinn
3334 2241 3467 2292 inter

1928 2312 2121 2366 ferrum
2152 2326 2206 2367 et
2228 2309 2557 2366 ttianubrintn
2585 2315 2740 2366 trium
2779 2312 2985 2379 adjecta
3036 2311 3305 2363 latitudine
3335 2309 3465 2377 digi-

1927 2393 2097 2436 torum
2150 2383 2337 2437 habeat
2394 2383 2581 2449 pedem
2641 2381 2938 2437 dimidium.
2984 2381 3312 2446 choralia,
3352 2396 3477 2448 quae.

1927 2451 1985 2506 S.
2027 2453 2339 2508 iteiiedictus
2385 2454 2650 2506 concessit
2692 2452 2793 2505 iter
2841 2451 3140 2520 agentibus,
3181 2458 3298 2517 quia
3332 2466 3469 2520 nunc

1927 2525 2179 2591 temporis
2208 2525 2461 2577 incertum
2505 2531 2587 2576 est
2626 2536 2731 2591 quo
2772 2521 2856 2576 vel
2881 2518 3049 2589 'qtiali
3081 2532 3314 2586 tempore
3342 2518 3468 2571 fori..-

1928 2597 2224 2658 mittantur,
2256 2594 2497 2647 omnibus
2529 2590 2921 2646 conceduntur:
2956 2591 3128 2643 taliter
3160 2606 3468 2643 mensuren~

1929 2671 2034 2725 tur,
2063 2674 2120 2716 ut
2150 2666 2200 2717 iii
2226 2664 2551 2733 longitudine
2579 2661 2817 2730 corporis
2861 2661 3063 2728 possint
3091 2661 3469 2733 convenienter

1927 2733 2123 2799 aptari;
2156 2730 2428 2789 latitudine
2456 2748 2579 2786 vero
2601 2746 2721 2800 pars
2754 2742 2995 2800 utraque,
3023 2732 3291 2785 sicutesse
3311 2730 3465 2797 solet,

1928 2803 2083 2870 dupla
2108 2805 2343 2858 cubitum
2376 2804 2644 2879 usquead
2683 2802 3151 2879 poll_.cem_baheat
3185 2800 3345 2879 ’1,ιᾶ1
3360 2800 3464 2879 jam

1928 2882 2163 2925 consula.
2203 2878 2271 2927 At
2308 2890 2435 2927 vero
2477 2874 2657 2942 caliga:
2686 2870 2884 2939 pedem
2933 2870 3469 2942 integrumfsuperius

1930 2943 2155 2997 habeant
2182 2943 2288 3011 jam
2340 2940 2606 3008 consuite,
2652 2958 2771 3011 quae
2823 2944 2949 3013 (iant
2990 2940 3147 2996 etiam
3186 2940 3372 3013 longae,
3413 2955 3469 2995 ut

1928 3010 2216 3067 secundum
2240 3022 2493 3066 staturam
2524 3010 2784 3077 hominis,
2816 3010 2953 3079 quod
2986 3014 3036 3064 in
3072 3010 3315 3066 omnibus
3342 3028 3467 3080 pro-

1929 3083 2214 3137 etiraudum
2262 3092 2345 3136 est
2390 3084 2751 3148 vestimentis,
2808 3082 3055 3136 cruribus
3096 3084 3468 3136 eonvetiienter

1930 3164 2193 3221 aptentur;
2224 3168 2340 3220 qua:
2383 3153 2450 3206 de
2498 3166 2705 3213 Sillltmo
2754 3162 2921 3217 usqtte
2966 3154 3031 3203 ad
3076 3153 3260 3221 pedem
3295 3152 3468 3206 taliter

1931 3224 2379 3293 ciinslringantur,
2429 3233 2482 3275 ut
2509 3236 2630 3277 cum
2653 3227 2894 3345 superius
2931 3222 3114 3289 pedem
3142 3222 3354 3285 habent,
3387 3225 3471 3275 in-

1931 3294 2094 3345 ferius
2127 3292 2421 3345 dimidium.
2460 3291 2614 3345 Cesia
2657 3306 2718 3344 ra
2748 3306 3015 3345 tumcum
3063 3292 3218 3345 fuerit
3252 3303 3463 3345 assuta.

2748 3307 2839 3361 iga;
2852 3330 2870 3357 ,
2886 3306 3015 3346 .cum
3063 3292 3218 3346 fuerit
3252 3303 3428 3347 assuta
3444 3333 3463 3359 ,

1929 3365 2085 3418 debet
2110 3378 2229 3419 esse
2259 3376 2360 3417 tam
2394 3362 2568 3432 longa,
2599 3378 2717 3431 qua:
2738 3361 2909 3431 possit
2928 3361 3062 3415 intra
3094 3377 3320 3431 pugnum
3353 3364 3464 3417 ﬁeri

1926 3434 2228 3488 constricta.
2286 3433 2473 3487 Calcei‘
2525 3445 2715 3503 praeter
2789 3433 3042 3493 limbum,
3097 3433 3184 3501 qui
3216 3434 3463 3498 assaliur,

1927 3505 2257 3557 altitudinem
2332 3504 2537 3561 haheat.
2600 3505 2784 3570 pedem
2848 3503 3143 3556 dimidium.
3202 3503 3465 3568 Antenori

1929 3589 2054 3628 vero
2079 3586 2225 3642 parte
2254 3574 2529 3627 latitudine
2551 3574 2827 3642 digitorum
2856 3574 3042 3626 nodus.
3070 3572 3289 3627 l’edules
3320 3575 3469 3627 sitni-

1929 3642 2050 3697 liter
2078 3644 2385 3709 tiietiSnrati,
2426 3656 2481 3696 ut
2510 3645 2713 3712 possint
2758 3643 2975 3711 pedibus
3021 3645 3337 3697 suiiicienter
3371 3659 3467 3710 ap-

1930 3714 2053 3769 tari.
2082 3732 2099 3765 i
2160 3714 2664 3775 Divionensesvero
2700 3712 2758 3767 Si.
2797 3712 3028 3783 Bienigiii.
3050 3712 3467 3783 Consuetudines

1930 3798 2059 3838 mss.
2110 3784 2331 3838 vestium
2378 3797 2650 3837 mensuras
2700 3784 2774 3835 ita
2832 3780 3086 3834 deliniant
3137 3780 3289 3849 (Cap.
3343 3782 3460 3851 45):

1938 3872 1956 3905 t
2004 3853 2108 3908 Sed
2161 3864 2219 3907 ut
2280 3855 2348 3907 de
2399 3867 2645 3906 mensura
2690 3855 2994 3905 earumdem
3037 3852 3467 3905 vestimeutnrinii

1933 3939 2095 3993 pauca
2125 3925 2491 3993 perstringam,
2518 3921 2725 3993 froccus
2751 3921 2909 3993 debet
2933 3935 3051 3976 esse
3087 3921 3272 3993 longus
3299 3936 3469 3986 usque

1932 3989 1997 4049 ad
2051 3989 2379 4059 corrigiam;
2411 3989 2745 4045 utvideatur
2789 3992 2832 4044 si
2864 3989 3027 4045 frater
3073 3989 3464 4047 estéalciatus:

1935 4075 2042 4119 tres
2072 4067 2292 4129 sagittas
2315 4064 2586 4115 continens
2611 4063 2662 4114 in
2689 4060 2870 4115 dextra
2891 4102 2906 4124 ,
2927 4072 2980 4115 et
3010 4074 3117 4116 tres
3146 4062 3197 4116 iii
3224 4062 3467 4117 sinistra:

1935 4146 2109 4188 tamen
2141 4144 2299 4187 tanta:
2329 4132 2622 4186 latitudinis
2655 4131 2724 4185 sit
2752 4131 2837 4185 illa
2864 4145 2986 4200 quae
3031 4142 3114 4187 est
3165 4134 3223 4185 iii
3264 4132 3468 4195 medio,

1933 4207 2262 4275 qnamduze,
2286 4211 2352 4275 et!
2384 4205 2527 4275 frons
2570 4201 2979 4275 uniuscujusque
3015 4202 3266 4271 jungatur
3292 4217 3321 4253 a
3359 4218 3470 4275 ma-

1936 4272 1968 4329 n
1992 4290 2073 4327 ca.
2100 4273 2312 4326 Manicai
2341 4273 2390 4325 in
2421 4273 2822 4327 latitudine'sint
2844 4272 2996 4325 unius
3043 4275 3189 4336 pedis
3228 4280 3281 4323 ct
3310 4273 3467 4325 trium

1934 4345 2214 4409 digitorum
2231 4359 2260 4407 ;.
2283 4352 2337 4396 et
2361 4342 2516 4409 juxta
2538 4342 2806 4412 antiquam
2827 4342 3253 4412 consuetudinem
3279 4341 3473 4397 debent

1935 4425 2119 4467 tenere
2145 4427 2310 4482 usque
2331 4412 2398 4466 ad
2425 4414 2653 4467 medium
2670 4410 2894 4476 indicis,
2918 4410 3019 4482 sed
3036 4411 3193 4482 modo
3209 4411 3473 4479 longiores

1936 4487 2085 4537 lliint.
2129 4480 2386 4551 Apertura
2430 4487 2584 4537 unius
2635 4482 2804 4551 pedis.
2845 4481 3057 4551 Cuculla
3096 4480 3253 4549 debet
3293 4492 3471 4537 tenere

1936 4569 2105 4620 usque
2132 4550 2198 4607 ad
2224 4553 2581 4609 summitatem
2611 4550 2952 4621 corrigiarum
2984 4550 3120 4604 sicut
3157 4552 3390 4613 froccus;
3424 4556 3475 4607 in

1864 4656 1913 4714 Β
1936 4623 2212 4714 latitudine
2262 4638 2387 4714 vero
2436 4623 2728 4714 cooperire.
3032 4624 3220 4714 tit-lataI
3240 4639 3306 4714 ex
3332 4630 3474 4714 nium

1936 4705 2121 4761 parte:
2158 4707 2403 4762 apertura
2436 4694 2676 4761 superior
2702 4706 2732 4744 a
2757 4691 2936 4762 cubito
2967 4707 3129 4759 usque
3159 4692 3221 4745 ad
3258 4696 3475 4759 digitum

1939 4761 2243 4829 minimum;
2272 4763 2463 4817 deinde
2490 4770 2708 4831 constita
2738 4761 2956 4814 dimidio
2985 4767 3146 4829 pede,
3196 4770 3247 4814 et
3277 4764 3478 4828 integro

1940 4838 2070 4899 pede
2100 4845 2279 4898 aperta
2303 4875 2316 4892 ,
2348 4847 2397 4885 ei
2427 4842 2543 4899 pOal
2583 4832 2893 4901 conjuncta,
2922 4832 3108 4884 deinde
3137 4845 3311 4896 api-ria
3332 4834 3477 4883 simi-

1906 4916 1909 4920 ’
1938 4904 2079 4957 liter.
2104 4905 2373 4972 Capellum
2396 4918 2461 4954 ex
2510 4903 2652 4954 omni
2697 4915 2840 4969 parte
2861 4903 3051 4969 duplex
3092 4904 3245 4972 debet
3285 4903 3480 4955 habere

1940 4991 2100 5027 unum
2126 4971 2383 5041 integrum
2404 4974 2608 5038 pedem,
2644 4982 2695 5024 et
2724 4982 2832 5027 tres
2858 4974 3065 5041 digllOS.
3101 4971 3227 5041 Oro,
3268 4975 3479 5038 quandi.

1935 5040 2321 5107 estciinsuttts,
2370 5054 2475 5094 tres
2500 5041 2719 5111 digitos,
2752 5040 3022 5095 minimum
3075 5040 3292 5109 digitum
3345 5043 3481 5095 inter

1930 5116 2230 5183 juncturam
2254 5116 2575 5166 interiorem.
2621 5114 2911 5183 Staminea,
2946 5118 3155 5177 quando
3181 5121 3264 5163 est
3300 5111 3477 5166 induta

1935 5182 1990 5239 et
2035 5186 2243 5247 cincta,
2272 5184 2428 5238 debet
2474 5182 2674 5235 cuculla
2718 5182 2933 5236 brevior
2973 5194 3118 5243 esse,
3148 5194 3212 5234 ex
3263 5194 3483 5249 utraqttt:

1937 5266 2088 5324 parte
2125 5256 2312 5315 nrlata,
2354 5262 2407 5306 et
2434 5261 2613 5319 aperta
2662 5253 2713 5305 in
2744 5252 3020 5324 alna_rasa_
3049 5266 3063 5302 :
3102 5260 3344 5324 extrema
3390 5269 3480 5305 ora

1935 5319 2128 5394 duplex
2158 5330 2374 5377 consula
2400 5363 2415 5388 ,
2456 5339 2507 5377 et
2548 5324 2751 5375 duobus
2793 5320 2968 5389 digitis
3008 5319 3130 5394 lata.
3162 5322 3358 5394 Manica
3382 5339 3483 5377 una

1937 5391 2055 5448 aliia
2074 5396 2225 5463 juxta
2255 5408 2492 5457 causum,
2523 5404 2575 5446 et
2605 5410 2653 5445 iii
2684 5399 2984 5463 summitate
3011 5391 3200 5459 duplex
3232 5394 3279 5443 in
3313 5392 3485 5446 latitu-

1937 5460 2113 5519 dinea
2160 5463 2333 5517 radice
2374 5464 2576 5530 pollicis
2623 5476 2784 5529 usque
2812 5460 2863 5530 in
2887 5472 3241 5514 summitatem
3276 5462 3480 5516 indicis.

1937 5542 2191 5603 Apertum
2223 5529 2411 5602 capitis
2435 5537 2591 5586 unius
2634 5534 2798 5603 pedis.
2830 5529 3122 5603 Femoralia
3154 5540 3259 5584 tres
3302 5535 3482 5603 aliias,

1934 5600 1997 5659 et
2017 5618 2116 5658 una
2144 5600 2603 5660 inter—cavationes
2625 5613 2675 5655 et
2697 5602 2875 5654 sellas.
2899 5600 3206 5656 Cavallones
3236 5616 3325 5654 xii.
3356 5602 3484 5656 Nas-

1935 5675 2095 5729 lerius
2120 5688 2364 5729 mensura
2381 5685 2608 5743 quatuor
2626 5672 2760 5725 alnis
2789 5671 2924 5725 rasis
2940 5711 2955 5735 ,
2978 5672 3167 5743 deinde
3192 5671 3487 5743 cumino-rit

1935 5753 2187 5799 consulas
2215 5760 2334 5800 cum
2364 5742 2568 5799 duobus
2616 5743 2798 5810 plicis,
2843 5743 3003 5797 debet
3040 5742 3234 5796 habere
3277 5742 3486 5809 plenum

1935 5816 2181 5890 pollicem
2201 5815 2251 5871 in
2276 5814 2625 5871 latitudinem.
2648 5811 2885 5884 Corrigia
2909 5814 2973 5868 ad
2995 5812 3305 5882 cingctrdum
3327 5832 3488 5874 uiiiiin
