3908 6222
101 445 227 504 309
279 499 294 531 l_

103 559 218 630 qui
240 566 298 630 et
324 571 480 614 sensu
503 565 558 630 et
585 556 850 612 voluntate
878 554 942 608 ad
969 555 1683 630 assequendamureligiosam

107 624 465 698 prudentiam
497 626 1120 698 ferventesapparuerint
1141 633 1197 680 et
1224 624 1447 698 humiles
1463 625 1592 698 ;__vel
1621 627 1688 698 de

115 693 483 766 prudentibus
531 709 664 764 quos
705 695 963 766 religiosa:
1005 703 1056 766 e_t
1091 703 1293 766 satiatae
1333 693 1689 766 simplicitatis

110 763 438 823 constiterit
459 763 581 820 esse
604 765 983 818 .aaiuulatores.
1013 763 1199 824 Stulta
1241 778 1370 817 vero
1405 764 1653 831 superbia
1679 806 1694 826 ,

113 839 214 891 νιοΙ
244 835 471 902 superba
503 835 724 888 stultitia
753 849 784 902 a
807 833 1150 892 tabernaculo
1185 833 1450 900 justorum
1481 847 1699 900 semper

123 906 447 973 procnl'sit.
477 904 570 958 Est
605 912 781 958 autem
811 905 984 957 omnis
1007 904 1255 973 superbia
1281 903 1467 973 stulta,
1512 917 1702 970 quam-

129 967 222 1030 sis
249 977 356 1028 non
385 967 558 1027 omnis
599 973 816 1026 stultitia
860 976 950 1025 sit'
976 972 1233 1042 superba;
1283 972 1508 1032 stultitia
1532 967 1700 1026 enim

132 1048 261 1098 sine
320 1044 564 1111 superbia
615 1057 988 1105 nonnunquam
1035 1042 1368 1111 simplicitas
1403 1042 1700 1111 invenitur;

130 1131 206 1180 qn
226 1135 254 1183 i-
279 1114 327 1167 si
348 1110 593 1183 ignorat,
627 1113 801 1166 forsitu
838 1111 1218 1183 est__doc_ihilis;
1248 1121 1302 1164 et
1330 1110 1378 1163 si
1405 1110 1706 1183 n_e.1uit_do-

67 1181 78 1184 ’
132 1179 291 1246 cori,
336 1179 514 1235 forsan
558 1191 642 1248 est
689 1179 1002 1240 tractabilis.
1040 1181 1104 1234 Et
1140 1189 1222 1233 est
1267 1181 1477 1246 propria
1519 1180 1706 1233 civitas

132 1251 335 1320 refugii
381 1250 706 1319 simplicitati
758 1250 1086 1320 cohabitatio
1135 1250 1442 1317 religionis,
1489 1250 1591 1304 nisi
1638 1250 1708 1301 sit

136 1319 416 1390 talisque
457 1323 592 1374 nolit
637 1319 938 1378 humiliari,
980 1319 1064 1374 vel
1112 1330 1215 1372 tam
1265 1321 1452 1382 bruta,
1501 1331 1555 1370 ut
1602 1335 1706 1371 non

138 1391 320 1460 possit
365 1391 473 1458 regi
519 1401 574 1460 et
617 1391 850 1457 tractari.
901 1390 1040 1441 Bona
1091 1398 1271 1460 tamen
1315 1390 1562 1440 voluntas
1610 1391 1707 1460 etsi

137 1457 372 1515 inultum
414 1457 486 1514 sit
511 1459 718 1523 bruta,
763 1473 870 1513 non
913 1467 1088 1512 tamen
1119 1469 1201 1512 est
1242 1457 1566 1520 deserenda,
1612 1459 1706 1510 sed

135 1530 370 1584 salutari
415 1529 640 1584 consilio
686 1528 752 1582 ad
800 1527 1120 1582 laboriosam
1149 1538 1204 1581 et
1244 1537 1512 1581 actuosain
1553 1529 1710 1580 vitam

138 1599 576 1652 transmittenda.
601 1597 840 1666 Superba
881 1606 1056 1651 autem
1095 1598 1435 1666 quantumvis
1483 1598 1715 1662 prodens

141 1670 251 1724 sibi
292 1668 554 1732 videatur,
597 1668 907 1721 dimittenda
951 1669 1052 1720 sibi
1102 1680 1184 1721 est
1229 1678 1281 1719 ιι
1323 1668 1581 1735 abigenda
1617 1686 1628 1717 :
1671 1669 1714 1719 si

139 1739 294 1792 ettim
326 1739 622 1791 admittitur
662 1739 940 1805 superbus,
994 1735 1160 1806 prima
1204 1736 1290 1789 die
1331 1751 1433 1805 qua
1483 1738 1713 1804 ingredi—

91 1845 112 1851 -
145 1817 241 1861 tur
273 1807 540 1872 habitare,
573 1807 757 1874 incipit
799 1807 942 1875 leges
978 1810 1139 1868 dare;
1172 1807 1391 1859 niniinin
1436 1822 1560 1859 vero
1589 1806 1717 1859 stul-

149 1887 248 1933 tus
275 1877 486 1932 discere
527 1879 630 1931 non
681 1885 855 1944 potest
895 1889 1027 1944 quas
1069 1880 1294 1928 invenit.
1321 1877 1555 1929 SUiiiCilt'
1595 1890 1720 1944 ergo

144 1961 206 2002 et
239 1948 532 2012 prudenter
573 1945 1003 2014 perpendendum
1033 1953 1118 1998 est
1152 1950 1270 2011 quis
1311 1948 1617 1998 admittatur
1656 1947 1720 1998 nil

151 2019 502 2070 habitandum
543 2031 757 2080 secum;
793 2017 884 2082 qui
921 2016 1063 2068 enim
1110 2017 1311 2068 habitat
1352 2032 1531 2068 secum
1580 2031 1717 2066 iton-

151 2088 258 2137 nisi
291 2090 521 2152 si-ipsuin
548 2087 716 2154 quinis
746 2101 858 2152 ipse
880 2095 961 2138 est
989 2084 1144 2138 habet
1175 2101 1355 2138 serum
1385 2101 1396 2136 :
1432 2087 1597 2138 malus~
1633 2101 1726 2137 au-

155 2168 266 2208 tem
321 2164 477 2208 homo
521 2169 787 2223 nunquam
829 2165 941 2208 tuto
968 2169 1148 2208 secum
1182 2155 1412 2218 habitat,
1445 2155 1564 2220 quia
1605 2171 1723 2205 ('lltll

157 2226 310 2278 utalo
335 2224 545 2278 homine
573 2224 800 2286 habitat;
827 2235 875 2278 et
909 2238 1066 2276 nemo
1093 2226 1366 2276 ιιιιιιιιειὶοι⁵
1392 2228 1437 2276 ei
1465 2233 1545 2276 cst
1570 2239 1724 2292 quam

156 2297 276 2362 ipse
305 2294 424 2346 sibi.
447 2313 464 2344 ι

235 2364 340 2417 Sed
361 2364 495 2418 sicut
534 2365 603 2415 ait
629 2363 902 2430 Apostolus
926 2378 943 2415 :
973 2362 1190 2416 Probate
1217 2364 1428 2428 spiritus
1451 2366 1493 2416 si
1533 2379 1594 2415 ex
1623 2363 1728 2415 Deo

160 2431 332 2500 sunt.|
359 2437 594 2496 Qualiter
621 2436 761 2487 enim
790 2443 910 2485 sunt
953 2447 1148 2498 petiera
1196 2435 1473 2500 Spirituiint
1495 2475 1508 2492 ,
1541 2443 1596 2484 ut
1636 2433 1732 2486 do-

155 2512 249 2556 cet
279 2501 336 2556 ἓν.
371 2503 671 2556 Bernartius
716 2502 906 2570 (Serm.
939 2503 1036 2565 25,
1068 2505 1129 2554 de
1180 2503 1418 2570 Diversis)
1456 2522 1466 2553 :
1500 2502 1728 2570 Spiritus

156 2573 366 2644 carnis,
398 2573 486 2640 qui
529 2572 716 2625 suadet
759 2573 972 2644 mollia;
1005 2572 1218 2644 spiritus
1250 2575 1459 2644 mundi,
1493 2574 1581 2640 qui
1611 2588 1733 2625 sua-

158 2642 256 2695 det
274 2642 443 2703 vana;
467 2646 682 2710 spiritus
706 2659 735 2693 ii
758 2642 963 2709 alignus
980 2643 1196 2710 diaboli,
1214 2643 1302 2709 qui
1325 2643 1512 2695 suadet
1531 2655 1729 2706 amara,

159 2721 219 2765 ut
248 2725 372 2765 sunt
403 2707 548 2773 rixae,
579 2707 974 2775 Seiindala,etc.
1005 2707 1208 2776 Quibus
1234 2707 1447 2764 nonnun
1471 2726 1606 2775 (nam
1636 2715 1730 2764 ad-

157 2783 241 2834 dit
280 2795 339 2834 se
373 2783 590 2849 spiritus
630 2793 834 2844 noster;
879 2795 941 2834 ac
972 2781 1178 2832 tandem
1224 2781 1441 2848 spiritus
1485 2780 1603 2844 Dei,
1643 2780 1732 2849 qui

156 2856 353 2904 suadet
375 2851 768 2920 castigationem
798 2854 1058 2918 corporis,
1089 2850 1506 2903 humiliationein
1532 2849 1731 2912 cirdis,

157 2933 214 2975 et
245 2932 724 2974 conservationem.
769 2920 835 2972 Et
881 2923 1036 2973 istum
1085 2923 1313 2973 maxime
1359 2921 1605 2984 Spiritum
1649 2920 1736 2974 hic

163 2989 390 3058 requirit
424 2989 479 3044 S.
524 2989 584 3041 P.
627 2989 962 3043 Benedictus.
1013 2989 1211 3042 Eodem
1257 2988 1496 3058 respexit
1539 2991 1594 3043 S.
1636 2989 1733 3043 Pa-

162 3057 411 3113 chOmius
440 3059 491 3110 in
539 3059 732 3128 Regula
751 3101 765 3124 ,
797 3069 897 3112 art.
925 3060 1021 3128 267;
1052 3058 1111 3128 δέ
1138 3057 1359 3111 Basilius
1389 3062 1438 3111 iii
1480 3058 1680 3126 [tegula
1707 3072 1735 3111 a

165 3128 364 3181 ttulino
405 3126 688 3192 translata,
721 3142 837 3194 cap.
867 3129 932 3191 7;
985 3127 1045 3182 S.
1076 3126 1354 3192 Ferreolus
1404 3130 1452 3180 in
1503 3128 1734 3196 Regula,

161 3203 286 3264 cap.
311 3197 365 3258 5,
389 3208 441 3250 et
464 3198 666 3265 ltegula
693 3197 1051 3259 Tarnaleusis,
1079 3211 1195 3264 cap.
1223 3198 1272 3248 l.

1139 438 1407 526 «ECUI.A
1447 411 1932 498 contremuit.
1975 441 2127 496 CAP.
2169 441 2345 497 Lvui.

3278 437 3376 493 8.0

1715 565 1768 623 Α
1791 565 1929 610 trum
1961 554 2269 610 merebatur
2291 555 2676 609 consortium»
2715 554 2842 606 lline
2875 565 2923 606 «ιι
2954 554 3012 608 S.
3045 555 3371 612 Frintiiosns

1801 626 2082 694 episcOpus
2111 627 2172 694 in
2192 626 2356 692 prima
2391 625 2586 694 [tegula
2621 623 2770 693 (Cap.
2798 626 2887 692 :Zt)
2916 641 2928 678 :
2961 644 2978 674 ι
3007 625 3334 681 Conversnm
3353 667 3370 690 .

1802 691 1998 761 inquit,
2030 693 2099 748 de
2127 691 2322 748 saeculo
2354 691 2562 748 l‘atriiin
2595 691 2810 747 decreta
2840 691 3035 748 docent
3065 711 3168 748 non
3202 701 3372 751 snsri-

1805 765 2052 834 piendum
2095 764 2148 816 in
2197 767 2554 826 monasterio,
2602 763 2699 816 nisi
2745 764 2890 831 prius
2939 768 3373 834 (‘Ipt‘l‘illlt'llltttll

1802 835 1885 888 sui
1924 832 1976 886 iu
2009 847 2174 902 opere
2218 842 2273 886 et
2325 834 2573 898 tenuria,
2624 836 2676 884 in
2723 832 3024 900 opprobriis
3072 839 3282 888 dederit
3316 849 3376 891 et

1797 903 2088 965 conviciis;
2129 905 2324 970 quique
2381 910 2563 956 decem
2608 902 2802 973 diebus
2849 905 3138 970 pt‘rsislells
3184 906 3247 956 ad
3293 905 3376 973 ja-

1807 987 1964 1026 nuam
1992 973 2253 1034 cmuobii,
2284 975 2693 1026 orationihuslct
2736 972 2806 1039 ιιι]
2851 975 2974 1031 niis.
3019 972 3372 1040 patientiteei

1808 1041 2092 1114 humilitati
2123 1057 2336 1114 operam
2365 1044 2592 1096 dederit.
2629 1060 2644 1089 ι
2680 1040 2784 1094 Sed
2829 1061 2876 1093 ιιι
2907 1046 3137 1098 secundi
3173 1045 3374 1114 l'ugtila

1794 1110 2236 1184 (Capuilliune
2283 1113 2505 1184 dierum
2536 1127 2816 1184 tuitui-runt
2863 1115 2930 1164 ita
2977 1110 3282 1175 contraxit,
3323 1127 3380 1166 ut

1817 1181 1834 1232 ι
1865 1181 2109 1234 monachi
2140 1183 2227 1248 qui
2260 1183 2328 1235 ob
2360 1181 2631 1248 religionis
2677 1183 2947 1235 obtentum
2996 1185 3375 1244 monasterium

1813 1252 2012 1319 ingredi
2044 1261 2254 1314 petunt,
2289 1252 2514 1320 primum
2558 1261 2681 1302 ante
2713 1257 2853 1304 tores
2899 1252 3069 1306 tribus
3097 1253 3287 1305 diebus
3325 1268 3379 1304 et

1814 1321 2057 1374 noctiluts
2082 1322 2375 1375 excutient:
2407 1329 2461 1373 et
2487 1337 2549 1374 es
2586 1321 2844 1374 industria
2867 1320 3064 1390 jngiter
3089 1322 3156 1374 ab
3182 1324 3378 1375 Ιιιτιιιίο.

1816 1390 2067 1446 niadariis
2088 1394 2495 1456 expt‘olirelititr.
2512 1409 2527 1436 ι

1885 1460 2067 1525 Qualis
2111 1473 2252 1512 esset
2297 1460 2510 1514 iiileriui
2545 1460 2863 1528 pulsantiqu
2913 1461 3176 1522 probatio,
3211 1463 3378 1514 innuit

1819 1530 1877 1585 S.
1905 1529 1962 1582 l’.
1993 1529 2308 1583 Benedictus
2337 1533 2460 1583 dum
2487 1532 2587 1592 ait,
2620 1543 2726 1594 post
2756 1532 2925 1580 illatas
2951 1531 3173 1598 injurias
3201 1545 3246 1582 et
3277 1533 3380 1596 dit-

1817 1600 2092 1666 ﬁi‘ullatein
2145 1603 2400 1657 ini-iressus
2459 1609 2822 1667 percheranti
2871 1603 3211 1652 annitendum
3263 1617 3383 1655 esse

1817 1669 2134 1735 ingressum.
2173 1668 2267 1721 Ubi
2311 1670 2614 1733 respexisse
2641 1669 2848 1722 \‘idetiir
2889 1669 2953 1720 ad
2987 1671 3110 1721 illud
3143 1673 3378 1723 Cassiani

1823 1737 1965 1789 (Lib.
2003 1754 2072 1802 tr,
2107 1755 2151 1789 ε.
2185 1740 2289 1802 3):
2329 1757 2346 1788 ε
2379 1739 2615 1803 Cumque
2663 1741 2898 1790 omnium
2949 1742 3382 1804 ρτιιιιετιιιιιιεὶιιιιι

1824 1808 2042 1860 ῐιςιινιιιη
2090 1809 2311 1876 genibus
2344 1809 2670 1875 provolutus,
2700 1819 2754 1860 et
2790 1809 2858 1861 ab
2901 1809 3162 1861 universis
3199 1812 3265 1864 de
3304 1813 3382 1864 iii-

1825 1879 2026 1930 diiStria
2063 1880 2318 1930 refutatus
2347 1889 2504 1946 atque
2541 1879 2842 1943 despectus,
2872 1887 3119 1945 tanquam
3149 1881 3236 1946 qui
3279 1897 3381 1932 non

1829 1949 2128 2014 religionis,
2185 1948 2276 2000 sed
2343 1949 2674 2001 necessitatis
2730 1950 2949 2001 obtentu
3004 1952 3382 2003 tuouasleiium

1827 2029 1970 2084 optet
2003 2027 2220 2082 ll-ll'ﬂl'e,
2266 2017 2474 2086 injuriis
2499 2015 2662 2086 744
2689 2032 2896 2084 quoque
2925 2027 2977 2067 et
3014 2019 3386 2084 exprobratio-

1831 2089 1981 2137 nihus
2015 2087 2194 2138 mulis
2219 2085 2439 2139 allectus
2465 2085 2886 2152 eSpcrinieiitiitu
2907 2086 3114 2139 dederit
3145 2101 3384 2142 ci-tislau-

1831 2157 1914 2206 lil'.
1953 2172 2094 2217 sine;
2132 2157 2409 2224 qualisque
2437 2157 2659 2225 futurus-
2687 2156 2754 2208 sit
2787 2157 2834 2207 in
2867 2156 3247 2209 teniaiionibu.
3287 2175 3385 2225 op-

1832 2227 2162 2292 pt'ohriorutn
2203 2224 2481 2279 tolerantia
2521 2226 2891 2285 declararcrit,
2924 2233 3079 2290 atqui-
3122 2237 3189 2277 ita
3233 2224 3386 2282 fuerit

1830 2297 2110 2361 explmato
2135 2297 2325 2348 tuentis
2348 2296 2440 2349 aid
2465 2310 2538 2348 ure
2559 2308 2855 2360 susceptos,
2881 2295 3100 2361 ιΙιΙειςιξιιι
3127 2315 3151 2345 ;ι
3177 2310 3385 2350 sumina

1834 2365 2176 2433 perquiritur,
2207 2381 2272 2417 ne
2302 2372 2370 2418 tie
2419 2365 2654 2430 pristinis
2696 2365 3031 2418 facultatibus
3063 2368 3176 2418 suis
3222 2368 3387 2419 intra-.-

1831 2435 1962 2488 serit
1995 2436 2043 2488 ei
2079 2434 2160 2487 vel
2187 2437 2344 2487 unius
2373 2435 2583 2502 nummi
2611 2435 2876 2502 contagio.
2907 2452 2924 2484 ι
2955 2435 3007 2485 Ιιι
3039 2433 3234 2501 Ιὶθκιιεδ
3265 2452 3389 2490 vero

1834 2505 2068 2571 Magistri
2118 2505 2474 2570 praescribitur
2522 2501 2682 2569 (Cap.
2714 2501 2835 2567 Uti).
2883 2514 2940 2554 ut
2989 2518 3151 2556 «Cum
3199 2509 3388 2572 aliqtts

1833 2573 2070 2627 novellus
2097 2576 2165 2626 de
2189 2574 2385 2625 sarculo
2413 2573 2478 2625 ad
2505 2573 2774 2626 seminum
2807 2572 2899 2624 Dei
2929 2573 2980 2624 in
3008 2586 3389 2628 moii:.steriiiin

1832 2643 2157 2710 confugerit,
2183 2641 2585 2710 ctindicirerit
2621 2657 2678 2694 se
2717 2643 2854 2694 \ciit:
2894 2646 3167 2702 converti,
3211 2662 3313 2695 non
3343 2647 3390 2697 ci

1833 2708 2079 2766 credaiur
2109 2721 2213 2764 tam
2245 2708 2420 2763 i-cile.
2449 2711 2578 2764 Nam
2613 2714 2731 2763 ficte
2759 2713 2824 2762 :Iil
2847 2713 2948 2764 ξιξ-ι)
2967 2721 3036 2762 ite
3063 2714 3178 2768 sol.»
3211 2719 3390 2773 verbo,

1836 2795 1939 2835 non
1969 2782 2104 2834 facto
2136 2780 2386 2850 habitatio
2412 2782 2462 2833 ei
2490 2779 2795 2833 monasterii
2829 2782 3142 2850 dent-peior,
3174 2784 3239 2834 a.l
3271 2797 3392 2850 pro-

1836 2851 2103 2906 irationem
2133 2849 2310 2918 gravia
2344 2861 2729 2916 proponantur.
2771 2850 2836 2901 ad
2884 2849 3235 2904 obedisntidtn
3276 2849 3393 2920 ejus

1838 2920 2206 2974 inveniendam
2266 2921 2620 2986 prmdicentur
2679 2922 2983 2978 contraria.
3033 2932 3087 2970 et
3137 2923 3394 2974 voluntati

1836 2994 1950 3059 ejus
1977 3005 2178 3050 amara,
2207 2988 2509 3057 quotidiana
2535 2992 2582 3043 ei
2609 2987 2809 3057 jejunia
2842 2991 3007 3059 promi
3039 3000 3234 3042 tantur.
3267 2992 3394 3042 Nam

1837 3058 1891 3115 et
1919 3061 2018 3114 hoc
2045 3073 2112 3114 ex
2144 3059 2367 3112 lectioni:
2400 3059 2592 3127 regula:
2621 3075 2674 3111 ct
2702 3063 2787 3111 dic
2812 3073 2844 3129 ι)
2874 3058 3081 3129 abba'is
3113 3071 3395 3129 agnoscu,

1837 3132 1957 3197 quia
1989 3132 2037 3181 in
2081 3131 2404 3180 monasterio
2433 3129 2562 3181 nulii
2610 3129 2730 3181 licet
2774 3127 2989 3182 dici-rc:
3025 3127 3316 3190 lloc‘volo,
3344 3139 3396 3186 ct

1842 3201 1942 3251 hoc
1973 3198 2130 3251 nolo:
2165 3197 2275 3250 lloc
2313 3211 2453 3256 amo.
2485 3206 2539 3250 et
2587 3197 2688 3250 hoc
2738 3197 2880 3258 odio,
2931 3209 2983 3248 ut
3033 3214 3136 3249 non
3184 3200 3395 3264 propria

237 3259 400 3336 ⁷43
433 3259 571 3335 Ergo
596 3268 639 3319 si
676 3268 874 3319 veniens
904 3259 1288 3334 perseveraverit
1329 3266 1559 3335 pulsans,
1591 3274 1636 3318 el
1665 3266 1732 3318 il-
1761 3259 1805 3320 C
1835 3269 2057 3336 eligatur
2099 3266 2362 3336 voluntas.
2397 3265 2461 3336 Et
2487 3268 2638 3336 ~sciat
2679 3266 2799 3332 quia
2840 3267 2926 3336 qui
2975 3281 3024 3316 in
3078 3259 3398 3320 nioiia~terio

164 3339 302 3389 latas
331 3337 424 3387 sibi
463 3337 680 3405 injurias
714 3346 760 3388 et
801 3336 1142 3403 difﬁcultatem
1171 3337 1425 3403 ingressas
1455 3346 1563 3404 post
1603 3351 1726 3404 qua-

166 3415 297 3475 tuor
337 3414 424 3475 aut
453 3420 673 3472 qumque
710 3406 814 3456 dies
851 3407 983 3457 visus
1028 3408 1175 3472 fuerit
1222 3406 1464 3475 patienter
1503 3415 1725 3475 portare,

166 3473 300 3540 etc.|
333 3474 703 3527 Probatiunem
742 3478 1065 3527 venientium
1105 3475 1169 3525 ad
1213 3473 1616 3528 conversionem
1663 3477 1727 3526 ad

166 3555 417 3612 quartum
457 3553 548 3595 aut
584 3545 823 3610 quintum
863 3542 1003 3596 diem
1045 3543 1310 3612 (duntaxat
1351 3545 1408 3598 S.
1438 3544 1593 3597 Pater
1633 3560 1726 3596 ex-

159 3613 379 3678 tendit,
408 3627 651 3682 maguum
685 3613 918 3664 imitatus
948 3614 1253 3676 Antonium,
1280 3616 1391 3680 qui,
1433 3623 1568 3666 teste
1609 3612 1728 3664 Pal-

118 3694 124 3700 ’
169 3683 314 3739 ladio
337 3681 541 3752 (Lausf,
565 3698 608 3734 ε.
633 3683 750 3752 28),
779 3682 1318 3752 Paniunr-Simplicetn
1343 3692 1461 3748 post
1485 3690 1728 3752 quartum

170 3753 228 3806 in
248 3749 383 3806 cella
415 3754 662 3818 suscepit.
698 3749 754 3806 in
785 3753 1103 3804 monasterio
1130 3751 1290 3804 etiam
1320 3749 1522 3805 abbatis
1551 3749 1732 3805 Timo-

169 3819 287 3873 thei
309 3825 541 3888 quinque
579 3822 780 3888 diebus-
797 3821 1154 3886 probabantur
1185 3823 1476 3888 pulsantes,
1507 3830 1562 3872 ut
1589 3828 1733 3888 patet

169 3905 236 3944 es
272 3890 385 3958 Vita
413 3891 470 3943 S.
493 3891 758 3944 Simeonis
778 3890 1007 3958 Siylitze,
1028 3905 1147 3957 cap.
1170 3893 1227 3942 ‘2.

199 3984 212 3991 -
248 3957 402 4011 Hunc
430 3959 634 4011 dierum
665 3957 941 4011 numerum
971 3959 1234 4025 paululum
1265 3959 1417 4012 auxit
1445 3957 1504 4011 S.
1531 3957 1732 4011 Pacho-

171 4028 334 4093 mitis,
361 4027 478 4097 qui,
513 4037 568 4080 ut
595 4028 780 4081 scribit
805 4028 1067 4081 Palladius
1096 4027 1299 4095 (Latia.
1337 4043 1383 4081 c.
1411 4027 1533 4097 20),
1559 4027 1732 4079 Maca-

172 4101 310 4152 rium
330 4138 344 4161 ,
379 4096 629 4165 rejectmn
663 4107 718 4150 et
741 4098 1095 4166 objurgatum,
1131 4105 1251 4164 post
1275 4106 1478 4165 septem
1506 4096 1619 4166 dies
1649 4098 1733 4148 ad-

175 4169 371 4220 misit:
419 4182 574 4233 quem
629 4165 954 4234 probationis
1008 4170 1290 4220 terminum
1338 4167 1498 4220 etiam
1548 4165 1734 4218 definit

175 4236 376 4304 Regula
404 4236 502 4289 SS‘.
532 4237 859 4303 Serapionis,
891 4235 1136 4300 Macarii,
1170 4235 1452 4303 Paphnutii
1471 4275 1488 4298 ,
1515 4243 1570 4288 et
1597 4235 1731 4287 alte‘

174 4304 526 4359 ritis-Macarii
544 4343 559 4368 ,
584 4319 702 4372 cap.
728 4306 780 4369 7,
808 4305 896 4358 ubi
923 4307 1000 4358 sic
1027 4309 1310 4372 loquuntur
1333 4321 1346 4357 :
1385 4323 1402 4354 ι
1435 4306 1470 4357 li
1493 4304 1580 4373 qui
1605 4304 1734 4357 tales

173 4383 331 4436 sunt,
356 4389 482 4426 cum
508 4375 576 4427 de
601 4375 797 4428 saeculo
825 4375 978 4441 hujus
1007 4375 1271 4428 illecebris
1299 4375 1512 4428 liberari
1553 4375 1735 4426 volue-

174 4443 729 4511 τιιιι,ἰιρν1·ορίιιιιιι·ε
775 4455 1116 4506 monasterio,
1151 4443 1477 4496 hebdomade
1520 4457 1615 4509 pro
1656 4445 1734 4494 [ο-

178 4515 326 4566 ribus
349 4511 559 4579 jaceant
585 4529 596 4562 :
628 4513 753 4564 nulli
781 4527 900 4564 cum
928 4514 1006 4565 eis
1034 4511 1100 4564 de
1129 4512 1380 4565 fratribus
1412 4514 1731 4580 jungantur;

178 4595 234 4634 et
282 4596 491 4649 semper
538 4581 667 4633 dura
711 4591 764 4634 et
811 4582 1073 4634 laboriosa
1119 4581 1198 4634 eis
1248 4579 1732 4649 proponantur,Si

1828 3333 2116 3389 conversus
2146 3333 2331 3396 fuerit,
2375 3334 2627 3403 quidquid
2657 3348 2719 3386 et
2766 3335 3038 3387 Viritlllltllc
3076 3348 3168 3388 sua
3213 3336 3394 3390 rulae;

1832 3407 1928 3470 rit,
1963 3407 2061 3458 hoc
2093 3411 2258 3470 magis
2291 3419 2395 3455 non
2433 3403 2772 3469 permittitur.
2809 3423 2825 3453 ι
2853 3407 3036 3470 'Aiqne
3083 3406 3148 3455 iti
3197 3407 3306 3458 fere
3337 3406 3395 3460 S.

1830 3476 2130 3542 Stephanus
2174 3473 2374 3538 ordinis
2413 3474 2908 3529 Grandiinonteiisis
2955 3478 3222 3526 instiiuior
3265 3478 3399 3526 ado-

1834 3547 2065 3598 riebatur
2116 3559 2209 3596 eos
2272 3556 2406 3610 quos
2462 3543 2516 3596 in
2576 3543 2852 3609 disciplina
2907 3557 2999 3596 sua
3062 3544 3398 3610 recipiebat:

1837 3634 1854 3664 ι
1887 3614 2016 3668 Cuin
2066 3614 2256 3679 aliquis
2306 3627 2462 3668 causa
2517 3612 2758 3666 veniendi
2805 3613 2868 3664 ad
2917 3627 3037 3665 cum
3086 3614 3400 3668 cliai-itatent

1833 3684 1899 3736 ab
1929 3700 1992 3736 eo
2022 3684 2189 3750 pastui
2211 3692 2338 3749 iret,
2373 3682 2543 3750 inquit
2582 3696 2682 3734 ms.
2715 3683 2847 3735 liber
2883 3683 2948 3734 de
2978 3681 3095 3749 ejus
3123 3683 3399 3746 doctrina;

1833 3763 2114 3820 antequam
2172 3753 2221 3803 ei
2280 3755 2569 3820 tribueret,
2621 3751 2724 3805 hoc
2780 3753 2937 3804 modo
2995 3753 3396 3818 respondebat:

1839 3818 2041 3883 Frater,
2085 3822 2354 3888 quomodo
2400 3818 2598 3888 poteris
2637 3834 2774 3873 oiius
2819 3821 3082 3873 sustinere
3125 3824 3263 3887 quod
3307 3822 3402 3874 tibi

1834 3895 1913 3944 vis
1951 3893 2256 3958 imponeret
2291 3891 2483 3956 Astiice
2514 3903 2736 3958 crucem
2765 3907 2774 3938 :
2812 3889 3030 3940 multum
3063 3898 3144 3940 est
3187 3891 3402 3943 difﬁcile

1835 3961 1904 4015 ibi
1950 3956 2202 4012 nia—nere:
2235 3960 2280 4013 si
2316 3963 2418 4011 huc
2464 3956 2770 4020 adveneris,
2814 3961 2861 4007 tu
2907 3973 2964 4009 ea
3011 3973 3038 4010 c
3065 3958 3316 4026 inii-geris,
3347 3968 3401 4014 et

1835 4029 2046 4082 amittes
2093 4029 2510 4080 dominationem
2563 4041 2720 4094 quam
2774 4030 2935 4079 lialics
2985 4030 3034 4078 in
3085 4033 3399 4096 temetipso,

1837 4102 1886 4150 in
1919 4099 2106 4160 oculis,
2140 4106 2194 4149 et
2223 4098 2272 4149 in
2302 4112 2418 4160 ore,
2445 4111 2506 4148 ac
2537 4096 2588 4147 in
2620 4101 2831 4149 ca-teris
2862 4096 3135 4150 membris.
3184 4098 3400 4151 Mandu-

1837 4167 2024 4229 Cdﬂdi,
2054 4165 2358 4234 jejunazidi,
2400 4165 2695 4218 dormiendi
2747 4167 3272 4235 :ic‘vigilandituani
3319 4183 3401 4221 re-

1839 4237 2030 4303 linquis
2076 4236 2434 4298 voluniateiu,
2487 4235 2880 4304 multarumque
2925 4251 3104 4290 rerum
3145 4236 3398 4300 aliarum;

1837 4316 1890 4360 et
1919 4307 2018 4358 hoc
2044 4305 2183 4373 quod
2212 4307 2265 4359 in
2292 4305 2487 4359 sacculo
2513 4305 2712 4372 diligis,
2734 4306 3007 4373 continget
3035 4304 3128 4358 tibi
3156 4306 3279 4357 odio
3308 4309 3402 4358 ha-

1839 4374 1984 4428 bere.
2031 4374 2234 4429 Exinde
2259 4389 2366 4428 non
2405 4376 2684 4429 reverteris
2709 4376 2773 4425 ad
2810 4377 3023 4428 domum
3054 4384 3400 4440 cognatorum

1839 4455 2079 4508 tuorum;
2120 4453 2175 4496 et
2200 4444 2246 4498 si
2275 4445 2339 4497 ad
2370 4454 2421 4497 te
2464 4445 2736 4513 venerint,
2781 4457 3109 4510 nequaquam
3152 4445 3400 4513 eispau—

1842 4521 2101 4582 pertatem
2151 4521 2292 4566 tuam
2337 4513 2607 4566 ostendes.
2655 4511 2960 4574 Poterisne,
3004 4515 3186 4574 frater,
3231 4511 3404 4568 fossor

1839 4581 1979 4648 esse,
2009 4582 2207 4650 lignum
2234 4593 2287 4636 et
2313 4581 2495 4634 ﬁmum
2530 4591 2766 4649 portare,
2797 4586 3105 4649 cunctisque
3147 4583 3404 4638 fratribus

178 4663 306 4703 vero
336 4641 789 4719 perseveraverint
832 4652 1117 4718 pulsantes,
1147 4652 1226 4704 eis
1249 4641 1362 4704 non
1387 4659 1606 4718 negetur
1647 4647 1731 4701 in-
1764 4641 1815 4716 D
1839 4641 2076 4706 servire?
2104 4651 2214 4704 Hoc
2244 4661 2410 4705 totum
2443 4641 2582 4704 esset
2611 4641 2792 4713 facile;
2818 4652 2910 4703 sed
2939 4641 3125 4718 captus
3155 4653 3244 4705 tali
3283 4667 3404 4706 car-

173 4735 408 4788 greas-is.
426 4739 444 4770 ι

251 4789 382 4841 Aliis
414 4804 540 4842 vero
579 4790 772 4857 placuit
801 4790 983 4842 decem
1034 4789 1360 4856 probationis
1410 4787 1734 4850 censtituere

180 4859 314 4920 dies,
340 4863 406 4910 de
428 4859 616 4920 quibus
639 4860 920 4912 Cassianus
946 4875 958 4908 :
995 4877 1012 4910 t
1046 4861 1295 4912 Ambiens
1316 4859 1433 4926 quis
1458 4859 1595 4910 intra
1625 4870 1734 4908 ote-

181 4928 323 4981 n'obii
353 4930 513 4994 recipi
556 4929 916 4995 disciplinain,
950 4945 1054 4979 non
1084 4944 1204 4982 ante
1234 4943 1454 4994 prorsus
1494 4926 1730 4978 admitti-

180 5007 286 5062 tur,
314 5011 469 5063 quain
499 4996 684 5050 diebus
711 4997 894 5050 decem
914 5037 928 5060 ,
961 4997 1041 5049 vel
1065 5011 1129 5050 eo
1157 4998 1382 5062 amplius
1407 5011 1501 5062 pro
1530 4995 1728 5048 toribus

179 5069 471 5131 excubans,
499 5065 752 5132 judicium
800 5065 1207 5131 perseverantiae
1236 5080 1299 5118 ac
1328 5064 1575 5118 desiderii
1613 5066 1724 5124 sui,

181 5136 480 5204 pariterque
507 5134 814 5188 humilitatis
844 5148 903 5186 ac
934 5136 1194 5200 patientia:
1219 5133 1723 5204 demoristraverit.»

183 5208 356 5271 Atque
399 5215 468 5256 ita
499 5207 565 5272 in,
595 5204 790 5272 Regula
823 5204 1026 5256 vivendi
1073 5205 1343 5255 monachis
1372 5218 1398 5254 a
1447 5205 1504 5256 S.
1535 5203 1730 5254 Davide

183 5270 491 5342 praiscripta
517 5270 606 5342 (In
631 5270 739 5342 ejus
765 5272 894 5336 Vita,
919 5273 1056 5340 apud
1088 5272 1245 5338 ιιοιι,
1281 5277 1302 5324 λι
1341 5273 1562 5336 Martii),
1599 5289 1617 5320 ι
1645 5272 1731 5337 qui

183 5351 370 5396 sancto
411 5345 679 5409 proposito
723 5357 755 5394 a
799 5348 997 5395 mundo
1043 5356 1101 5394 se
1144 5353 1457 5395 convertens
1511 5345 1730 5406 lratrum

184 5413 319 5465 inire
343 5411 663 5465 consortium
689 5411 993 5473 allectabat,
1027 5411 1170 5478 prius
1196 5412 1378 5463 decem
1409 5412 1594 5464 diebus
1623 5423 1729 5476 pra:

185 5481 385 5534 foribus
429 5483 767 5544 monasterii,
812 5483 966 5549 quasi
1009 5479 1322 5545 reprobatus
1350 5490 1407 5533 et
1447 5483 1724 5535 verborum

184 5549 481 5618 approbriis
521 5551 869 5613 conviciatus,
900 5549 1223 5603 remanebat.
1273 5550 1328 5600 δι
1377 5560 1550 5603 totum
1597 5551 1730 5601 bene

186 5617 340 5674 utens
370 5617 616 5686 patientia
642 5619 710 5672 ad
743 5619 1007 5672 decimum
1041 5631 1403 5686 perseveraret
1436 5621 1606 5683 diem,
1637 5633 1730 5670 ac-

184 5697 369 5758 ceptus
397 5689 540 5755 prius
564 5687 668 5758 sub
690 5687 1038 5758 soniore,_qni
1067 5701 1162 5755 pro
1180 5697 1437 5758 tempore
1477 5698 1725 5755 praeerat,

183 5756 501 5813 constitutus
536 5757 824 5820 serviebat;
868 5756 1045 5824 ibique
1085 5756 1251 5810 multo
1291 5763 1531 5825 tempore
1575 5759 1732 5810 desu-

184 5826 339 5896 dans,
369 5827 670 5898 fractusque
707 5828 888 5880 multis
919 5825 1346 5891 adversitatibns,
1380 5826 1589 5881 tandem
1629 5825 1730 5880 fra-

409 5961 415 5978 ·
507 5937 777 6001 Ρηιιοι..
823 5933 1040 5995 LXVI.
1102 5957 1117 5974 ι

1839 4735 1962 4773 cere
1992 4722 2232 4775 manebis
2261 4722 2352 4775 ubi
2393 4736 2497 4774 non
2524 4730 2604 4772 est
2637 4721 2869 4773 foramen
2904 4735 2996 4786 per
3025 4721 3167 4787 quod
3195 4722 3259 4775 ad
3303 4738 3403 4776 sa:-

1837 4792 2012 4842 ciilum
2045 4793 2346 4855 revertaris,
2384 4791 2481 4843 ιιεεί
2512 4800 2565 4841 ιιι
2597 4791 2707 4854 ipse
2737 4787 2948 4843 feceris.
2987 4790 3050 4842 Et
3081 4806 3178 4858 ego
3217 4789 3400 4846 curam

1838 4861 1911 4910 tui
1945 4874 2049 4912 non
2089 4875 2271 4928 agam,
2303 4876 2397 4912 nee
2444 4861 2778 4925 temetipsum
2810 4874 2874 4928 ag
2911 4875 2967 4912 re
2997 4861 3166 4911 sinant
3196 4877 3209 4911 :
3244 4878 3271 4910 a
3305 4876 3404 4914 atc-

1835 4929 1956 4981 culo
1995 4927 2192 5004 quippe
2231 4943 2377 4982 meos
2419 4927 2620 4980 abscidi
2671 4927 2861 5004 pedes;
2888 4937 2942 5004 et
2969 4930 3028 5004 si
3061 4938 3279 5004 proiitpr
3317 4945 3402 4983 ine

1836 5012 1941 5048 non
1970 4997 2150 5064 redeo,
2191 5009 2403 5067 propter
2431 5009 2482 5067 te
2523 5011 2627 5050 non
2666 4997 2870 5050 redibo.
2904 4998 3092 5049 Adhuc
3125 4997 3264 5049 aliu'd
3306 5013 3400 5051 su-

1837 5067 2124 5131 perfuerit:
2157 5065 2372 5122 forsitan
2403 5065 2665 5118 mitterem
2692 5077 2742 5120 te
2771 5067 2821 5118 in
2851 5067 3062 5134 aliqu-nd
3095 5080 3399 5130 uentorum,

1837 5145 1890 5189 et
1927 5152 2189 5190 annonam
2231 5150 2386 5199 quam
2421 5134 2662 5188 inanibus
2710 5139 2811 5188 luis
2851 5133 3179 5201 citin’ligneo
3221 5135 3400 5203 ligone

1837 5207 2150 5272 acquisieris
2194 5205 2512 5269 laborando,
2563 5219 2661 5272 ego
2703 5206 3031 5274 acciperem,
3080 5211 3132 5256 et
3180 5203 3399 5274 eisiqvii

1843 5290 1926 5328 ine
1960 5276 2041 5328 hie
2067 5274 2369 5327 custodiunt
2400 5276 2706 5327 tribuerem.
2736 5273 2890 5325 Aliud
2923 5285 3048 5324 vero
3084 5281 3246 5325 restat
3276 5273 3400 5327 her-

1841 5345 2090 5396 rihiiius:
2132 5344 2497 5410 centupliciter
2547 5345 2636 5396 lilii
2689 5343 2876 5394 melius
2922 5351 3004 5393 est
3053 5344 3294 5394 damnari
3346 5344 3400 5397 in

1843 5415 2037 5467 sazculo
2062 5427 2216 5482 quam
2246 5413 2358 5475 hic;
2387 5414 2476 5481 qui
2505 5413 2646 5482 enim
2674 5414 2740 5462 ab
2766 5411 3140 5482 altioricadit,
3173 5411 3402 5480 amplius

1840 5479 2159 5544 hedituriet
2201 5483 2244 5534 si
2294 5479 2418 5536 hinc
2459 5485 2524 5536 in
2558 5481 2817 5534 infernum
2863 5479 3107 5546 caderes,
3151 5479 3400 5535 omnibus

1838 5553 1955 5604 aliis
1987 5553 2202 5617 perditis
2245 5551 2460 5605 inferior
2500 5564 2647 5604 esses
2674 5566 2687 5602 z
2717 5557 2770 5600 tu
2808 5564 2935 5602 vero
2982 5563 3206 5618 pergere
3254 5562 3406 5616 potcs

1837 5621 1902 5672 ad
1944 5620 2215 5687 quodlibet
2257 5620 2732 5682 monasteriorum,
2766 5619 2871 5688 ubi
2921 5633 3110 5688 magna
3162 5621 3404 5673 invenias

1838 5690 2055 5741 aedilicia
2075 5726 2089 5749 ,
2121 5688 2377 5758 cibosque
2408 5690 2663 5758 delicatos
2698 5687 2810 5741 suis
2841 5687 3174 5758 temporibus
3200 5691 3404 5758 consu-

1841 5767 2026 5810 tutos:
2070 5758 2175 5811 illic
2224 5755 2420 5812 bestias
2466 5757 2701 5825 reperies
2752 5766 3120 5825 terrarumque
3164 5755 3404 5812 latitudi-

1839 5839 1990 5888 nem;
2023 5825 2109 5880 bic
2151 5837 2351 5881 tantum
2396 5840 2606 5881 crucem
2652 5840 2713 5879 ac
2761 5837 3144 5895 paupertatem.
3190 5825 3408 5883 Talibus

2906 5935 2978 5999 26
