3908 6222
4 368 69 424 33

1002 378 1265 437 REGULA
1305 378 1790 435 COMMENTATA.
1832 379 1982 434 CAP.
2027 379 2204 434 LVIII.

3175 382 3273 435 831

4 503 252 565 iacere
322 504 684 565 lentarerunt.
708 513 725 545 ι
761 495 953 551 Eadem
1002 496 1297 553 rationes.
1340 496 1613 551 Fructuosi
1643 505 1690 556 Α
1723 494 1921 565 priscis
1938 507 2041 546 non
2074 493 2246 559 pauci,
2277 500 2334 565 ut
2369 492 2425 549 S.
2476 494 2813 564 Euthymius,
2838 496 2927 563 qui
2958 497 3166 551 oblatos
3202 502 3274 553 ab

10 563 219 640 φεμ-ιβ
258 566 598 640 _mon_as_tica
634 564 946 640 communis
994 566 1137 640 jubet
1188 565 1340 640 (Cep.
1390 567 1509 640 |_8),
1559 576 1614 618 ut
1655 571 1661 575 '
1721 564 1959 640 _End_osi_a
1982 564 2211 640 Augusta
2245 564 2443 640 reditus
2466 563 2755 640 recusavit;
2783 574 2860 640 ut_
2882 566 2939 640 δ.
2971 566 3158 640 Satias,
3182 573 3271 640 qui

12 632 187 706 nihil
232 634 333 688 de
359 635 596 702 pristinis
643 632 1075 690 facultatibns'in
1126 632 1367 706 eumdem
1418 632 1611 696 locum,

4 699 65 749 lii
112 699 384 770 ingredi
413 719 471 757 se
500 705 629 772 petit
649 706 1046 770 monasterium,
1072 706 1151 758 vel
1182 704 1246 759 ad
1268 719 1431 759 unum
1457 718 1612 757 num-

4 784 145 841 turn
187 774 546 837 recipiatur;
579 775 671 828 sed
702 783 754 827 et
798 775 909 837 ipse
946 789 1103 827 manu
1134 789 1226 825 sua
1251 783 1437 828 cuncta
1478 788 1609 841 pau-

4 839 249 910 eiibus
302 852 610 910 eroget,“
659 843 992 907 postmodum
1034 844 1407 909 comprobatus
1433 839 1615 895 mona-

4 909 260 962 terinm
322 909 425 965 sub
454 913 631 979 regula
658 913 1040 967 introducatur.
1069 930 1088 963 ι
1130 913 1218 966 llis
1246 914 1501 966 accedere
1540 912 1616 963 vi-

8 988 167 1029 ctnr
224 980 309 1034 S.
364 981 607 1045 Basilius,
658 982 743 1042 qui
782 983 923 1035 nulla
961 982 1263 1035 monasterii
1293 982 1425 1036 facta
1462 995 1615 1034 men-

4 1062 189 1111 ιριιιι,
282 1051 606 1117 pauperzbus
655 1052 1013 1106 distribuenda
1064 1066 1183 1104 esse
1232 1051 1366 1104 bOna
1427 1051 1615 1104 novitii

4 1124 249 1169 :mtum
293 1123 508 1172 asserit.
534 1120 646 1172 Non
668 1122 859 1173 desunt
883 1132 1079 1177 tamen.
1100 1134 1148 1174 et
1181 1120 1393 1186 quidem
1423 1120 1609 1186 majori

4 1201 275 1237 tinnit-ro
307 1189 685 1242 monachorum
715 1192 931 1258 regula',
962 1204 1077 1257 qua:
1106 1190 1454 1242 Benedictinm
1492 1205 1621 1239 con-

16 1258 246 1317 Lnatst,
290 1269 348 1308 ut
383 1258 574 1325 Regula
592 1258 689 1312 SS.
719 1260 1043 1325 Serapionis,
1065 1258 1292 1319 Macarii,
1319 1258 1617 1325 Papltnntii.

4 1342 31 1374 ει
85 1328 366 1378 alterius
397 1326 631 1390 Macarii,
655 1330 849 1394 liegula
876 1334 1027 1388 tertia
1055 1330 1149 1379 SS.
1185 1327 1619 1389 l’:-trum,S.Caa-

11 1394 173 1464 ειμι.
228 1395 309 1464 Si.
350 1397 621 1449 Aureliani
663 1397 1028 1457 Tarnatensis.
1077 1399 1133 1452 S.
1167 1398 1381 1464 lsidori,
1418 1407 1471 1449 et
1506 1397 1614 1449 Ma-

4 1463 172 1519 ,istri
210 1480 233 1517 :
279 1463 393 1518 imo
422 1465 477 1519 S.
517 1466 777 1520 Caesarius
830 1466 1153 1532 parentibus,
1199 1467 1256 1523 S.
1307 1466 1620 1519 Auvelianus

4 1534 101 1583 rui'
131 1534 379 1586 ttnvitio
404 1535 657 1599 placuerit
686 1536 818 1589 bona
858 1537 973 1601 ejus
1003 1534 1240 1592 distribui
1286 1537 1618 1603 permittunt,

4 1602 43 1651 cI
85 1603 285 1665 quod
318 1604 444 1655 olim
476 1619 659 1671 magna
688 1606 849 1658 animi
878 1605 1171 1659 constantia
1194 1602 1365 1659 facere
1408 1618 1618 1671 recusa:

4 1672 78 1745 {it
105 1670 185 1725 S.
224 1672 547 1745 HFilib‘ertus
568 1669 669 1744 ‘(In
694 1678 805 1745 ejus
835 1674 974 1740 Vita,
1007 1689 1193 1745 strenu
1222 1673 1398 1745 Bern),
1428 1674 1517 1739 qui
1552 1669 1617 1725 ad

4 1742 60 1797 5.
104 1744 365 1812 Agiloni
393 1742 688 1796 Resbacum
714 1742 954 1808 veniens,
990 1760 1008 1793 ι
1029 1743 1279 1812 quidquid
1308 1744 1501 1796 habere
1527 1759 1619 1812 po-

4 1812 114 1863 tuit
151 1813 226 1863 in
268 1811 663 1882 elecmosynam
685 1815 943 1882 erogavit,
986 1811 1083 1866 nec
1110 1813 1395 1880 quidquam
1425 1811 1618 1882 exinde

4 1882 239 1933 amicis
274 1882 356 1934 vel
390 1881 695 1947 parentibus
739 1880 903 1949 gratis
945 1882 1137 1949 aliquid
1168 1883 1387 1944 tribuit;
1416 1880 1507 1933 sed
1539 1893 1618 1931 to-

4 1966 134 2002 ;um
174 1966 260 2002 ac
298 1951 338 2003 si
372 1953 561 2016 regalia
591 1953 798 2020 negotia
826 1952 923 2006 sibi
954 1953 1149 2006 credita
1178 1958 1331 2005 caute
1363 1960 1416 2004 et
1444 1950 1618 2005 fideli-

4 2034 101 2071 ter
139 2020 519 2086 dispensavit.
548 2037 565 2070 ι
1148 2024 1153 2027 ’
1260 2086 1263 2087 ν
1534 2058 1535 2061 η

80 2089 222 2142 Sed
262 2105 331 2141 ex
377 2089 456 2141 his
486 2090 729 2143 omnibus
768 2099 973 2142 constat
1009 2094 1165 2159 quam
1206 2089 1408 2159 longe:
1452 2092 1616 2159 veteri

4 2159 446 2211 monachorum
477 2160 749 2228 disciplina
772 2160 1065 2214 dissideant
1092 2161 1123 2213 ii
1164 2159 1256 2224 qui
1298 2158 1525 2213 novitios
1553 2159 1616 2213 ad

4 2228 448 2298 professionem
477 2240 599 2283 ante
631 2245 731 2281 non
763 2230 1062 2293 admittunt,
1095 2244 1251 2298 quam
1299 2238 1451 2289 pacto
1496 2244 1615 2294 pre-

4 2297 120 2361 tio,
160 2311 395 2349 summa
450 2300 733 2351 constituta
786 2301 1039 2363 solvatur,
1092 2297 1162 2351 ita
1191 2309 1246 2350 ut
1275 2298 1317 2350 si
1350 2298 1431 2352 vel
1483 2312 1550 2350 un
1578 2313 1621 2351 IS

5 2367 279 2419 deliciat
310 2381 576 2431 nummus,
601 2369 665 2419 ad
695 2370 942 2421 saeculum
992 2370 1125 2422 forte
1156 2368 1373 2433 perituri
1426 2368 1619 2421 ru-verti

5 2446 342 2505 cogantur.
374 2434 533 2489 Certe
557 2437 753 2489 nullum
786 2437 942 2504 hujus
962 2437 1317 2505 corruptionis
1342 2438 1618 2504 vestigium

10 2508 72 2557 in
115 2504 381 2571 antiquis
407 2505 847 2573 deprehendimus
868 2508 1083 2575 regulis,
1106 2504 1221 2573 quae
1267 2513 1355 2559 aut
1398 2505 1620 2559 ontttino

12 2578 383 2639 pauperibus
410 2576 634 2642 erogatis
657 2575 1009 2641 facultatibus,
1041 2577 1322 2644 quidquam
1351 2576 1463 2628 dari
1505 2590 1619 2628 mo-

12 2646 300 2698 nasterio
329 2654 534 2707 vetant;
582 2654 672 2698 aut
699 2647 742 2699 si
788 2647 912 2711 quid
966 2647 1120 2700 tribui
1177 2646 1500 2708 permittant,
1549 2646 1619 2698 ita

14 2719 211 2778 plane
249 2716 579 2779 permittunt,
614 2725 669 2769 ut
691 2716 834 2780 prius
858 2717 1037 2783 egenis
1058 2716 1294 2769 distribui
1320 2717 1618 2769 consulant.

18 2786 151 2837 Imo
188 2786 424 2853 legimus
467 2784 603 2852 apud
636 2782 991 2838 Hildemar’um
1023 2799 1161 2852 aegre
1205 2800 1235 2836 a
1289 2785 1622 2853 monasteriis

14 2852 279 2917 accepta
308 2853 468 2921 fuisse
496 2863 685 2919 sponte
705 2854 877 2907 oblata
904 2868 934 2907 a
966 2853 1178 2907 novitiis
1219 2853 1377 2915 bona,
1406 2852 1455 2906 id
1481 2854 1619 2921 quod

22 2927 242 2985 probat
300 2920 642 2988 professionis
681 2922 1019 2976 admittenda:
1069 2923 1199 2976 ritus
1247 2936 1310 2974 es
1352 2936 1418 2974 eo
1462 2920 1618 2989 supra

22 2994 285 3044 relatus.
331 2994 615 3044 Horruerat
643 3006 859 3059 prorsus
902 2992 1217 3046 diabolicum
1266 2990 1366 3043 hoc
1391 2990 1622 3045 Simonis

26 3062 190 3119 Magi
226 3062 501 3113 inventum
521 3059 743 3113 Carolus
773 3060 990 3128 Magnus
1015 3075 1133 3114 cum
1165 3063 1216 3113 in
1233 3059 1485 3121 Capitulis
1513 3062 1621 3115 suis

28 3130 269 3181 tleﬁuiit
298 3127 481 3197 ('Num.
517 3130 622 3196 15),
657 3148 673 3179 t
696 3137 752 3183 ut
782 3127 955 3183 nullus
980 3130 1141 3184 abbas
1165 3146 1259 3196 pro
1288 3128 1623 3196 susceptione

20 3200 379 3269 imi-lorum
399 3199 668 3263 praemium
691 3210 889 3269 qureret
906 3216 920 3264 ;
936 3220 952 3250 ι
977 3202 1251 3253 horruerat
1269 3210 1320 3253 et
1342 3200 1620 3269 concilium

26 3268 221 3337 ψη.
253 3268 520 3321 Nicaznum
550 3284 609 3333 ll,
642 3268 746 3323 act.
777 3270 829 3335 8,
863 3284 980 3335 cap.
1020 3271 1114 3334 i9;
1145 3270 1430 3323 horruerat
1452 3268 1618 3323 Fran-

30 3339 395 3390 corurdicnse
438 3353 595 3407 anno,
619 3340 741 3402 794,
776 3354 894 3393 can.
930 3338 1023 3402 Ib';
1056 3341 1305 3392 horruere
1333 3340 1620 3407 Aquisgra-

31 3422 245 3469 nense,
281 3422 396 3460 can.
424 3406 521 3472 75;
552 3406 854 3474 Melphense
881 3424 969 3462 an.
1012 3410 1169 3470 I090,
1205 3424 1323 3461 can.
1349 3406 1412 3470 7;
1449 3409 1622 3461 West—

35 3475 481 3531 monasteriense
510 3494 597 3533 an.
630 3478 785 3539 1127,
816 3494 932 3544 cap.
968 3480 1020 3542 5,
1054 3487 1105 3531 et
1142 3478 1233 3530 an."
1263 3478 1428 3539 M75;
1453 3475 1621 3531 Late-

36 3562 291 3620 rauense
316 3560 494 3620 ittkan
522 3548 675 3611 1179,
701 3561 817 3614 cap.
851 3549 947 3620 ιρς
974 3547 1320 3620 Londonense
1342 3562 1428 3598 an.
1460 3547 1618 3620 ιξρρ,

36 3632 173 3683 cap.
194 3615 265 3668 Ii
284 3630 300 3678 ;
316 3615 850 3678 I.ateratiensetv,an.
872 3617 1025 3677 12w;
1041 3616 1339 3669 Oxoniense
1355 3616 1617 3679 an.1222,

39 3698 101 3738 et
138 3686 457 3737 Senonense
485 3687 583 3737 sub
612 3685 913 3749 Tristando,
957 3701 1044 3741 an.
1092 3687 1227 3753 MSS
1254 3700 1265 3736 :
1297 3700 1414 3753 quae
1444 3687 1620 3739 omnia

42 3763 365 3807 monstrum
404 3753 540 3806 istud
588 3756 696 3806 suis
724 3755 953 3809 decretis
976 3765 1029 3809 et
1057 3753 1414 3807 sanctionibus
1442 3754 1623 3807 confo—

44 3829 187 3876 dere
222 3830 511 3875 tentarunt.
547 3822 737 3876 Verum
760 3840 825 3875 an
854 3825 1053 3877 idcirco
1073 3818 1355 3878 excusandi
1387 3835 1507 3877 sunt
1536 3838 1621 3892 pa-

46 3904 245 3946 rentes
276 3892 362 3959 qui
394 3892 623 3958 priva'os
656 3893 963 3948 Ilzl‘l'edilale
994 3894 1170 3947 debita
1202 3894 1334 3945 lilios
1358 3893 1407 3945 in
1441 3910 1622 3945 mona-

46 3961 229 4015 sterio
273 3961 564 4022 intrudunt,
607 3964 689 4017 hic
730 3976 832 4016 non
873 3964 1120 4017 discntio.
1160 3962 1288 4015 Vide
1317 3964 1545 4027 interim,
1577 3965 1623 4018 si

50 4033 234 4089 lubet,
268 4030 469 4082 lladulli
498 4031 702 4084 abbatis
727 4034 783 4086 S.
808 4032 1069 4086 Trudonis
1090 4034 1153 4086 ad
1184 4032 1449 4086 Sibertunt
1480 4035 1622 4099 prio-

48 4117 170 4153 rem
203 4100 267 4155 S.
302 4099 633 4153 Pantaleonis
668 4103 946 4165 epistolam
993 4118 1112 4156 cum
1152 4101 1437 4156 Mabillonii
1483 4105 1623 4157 notis

47 4172 107 4223 in
150 4170 402 4222 Veterum
433 4171 800 4233 Analecturum
829 4181 957 4224 tom.
993 4171 1055 4223 ll.

134 4240 213 4289 Ex
252 4237 351 4288 hoc
368 4240 524 4289 et'am
550 4237 763 4306 Regulae
787 4240 902 4291 loco
922 4240 1111 4293 Petrus
1134 4238 1459 4293 Venerabilis
1478 4248 1623 4294 recte

52 4309 225 4361 infert
254 4306 452 4359 licitum
505 4321 624 4360 esse
661 4308 933 4372 monachis
968 4318 1135 4361 terras
1183 4308 1377 4360 habere
1406 4316 1460 4361 et
1495 4322 1619 4374 pos-

52 4374 352 4431 sessiones.
404 4376 531 4427 Cum
569 4376 707 4428 cnim
737 4376 1115 4429 Cistercicnses
1142 4375 1465 4443 objecissent
1494 4374 1621 4429 Clu-

42 4443 560 4514 ‘niacensibusquod
585 4446 635 4497 in
664 4446 807 4497 nullo
829 4446 1190 4514 discreparent
1210 4461 1238 4497 a
1258 4445 1618 4507 saecularibus,

54 4527 117 4569 ut
148 4523 276 4580 pote
303 4512 391 4581 qui
421 4532 438 4563 ι
461 4515 841 4579 castra,villas,
872 4527 925 4568 et
953 4512 1195 4579 rusticos,
1226 4528 1434 4579 servos,
1452 4525 1502 4567 et
1532 4527 1623 4582 an-

1649 1850 1695 1910 B

1647 3168 1694 3271 Vc

1719 633 1771 686 in
1794 633 1958 701 simili
1978 646 2101 701 casu
2125 634 2426 701 imperatori
2457 635 2789 701 respondisse
2806 634 3001 689 dicitur
3021 635 3189 701 (Tom.
3207 634 3276 692 Ill

1719 701 1950 755 Monum.
1994 700 2207 755 Eccles.’
2233 700 2421 765 στερη..
2455 721 2505 768 p.
2549 702 2715 770 545):
2753 721 2772 754 ι
2800 704 2899 769 Qui
2959 700 3052 771 pro
3098 717 3271 759 vestra

1716 773 1910 840 pietate
1940 782 2239 838 precantur,
2268 771 2563 840 huiusmodi
2595 773 2765 826 reditu
2792 788 2896 826 non
2928 783 3116 840 egent;
3152 790 3271 835 pars

1719 838 1860 895 enim
1892 856 2072 894 eorum
2095 855 2155 893 ac.
2176 838 2375 893 reditus
2409 841 2658 896 Dominus
2688 851 2799 907 est;
2832 860 2854 894 ι
2899 838 3033 897 υιδ.
3062 843 3271 898 Ρατηιριι

1718 909 1907 976 (Ibid.,
1940 921 2060 962 tom.
2087 909 2127 973 I,
2157 926 2272 979 pag.
2300 909 2446 980 593),
2494 926 2583 978 qut
2622 930 2638 960 ι
2668 912 2880 967 nolebat
2917 914 3198 980 quithunn
3243 929 3270 964 a

1718 994 1979 1045 quoquam
2002 978 2261 1042 accipere,
2289 978 2351 1032 ad
2377 980 2641 1032 vitandam
2668 981 2915 1034 nimirum
2939 978 3108 1035 turba.-
3124 998 3273 1035 vexa-

1720 1050 1945 1111 tiont-m;
1969 1067 1986 1101 ι
2015 1059 2068 1100 ιιι
2091 1047 2447 1115 S.Lupicinus
2492 1049 2654 1101 abbas
2684 1048 2824 1115 (Lib.
2846 1051 2910 1103 de
2942 1050 3068 1102 I"i.'is
3102 1050 3272 1114 Patr.,

1718 1133 1834 1179 cap.
1862 1117 1930 1181 1),
1964 1120 2072 1187 qui,
2109 1127 2241 1169 teste
2275 1117 2531 1184 Gregorio
2573 1119 2885 1187 Turonensi,
2919 1121 2981 1170 ad
3011 1120 3274 1184 Chilperi-

1718 1200 1835 1237 com
1868 1186 2175 1249 Burgundiaa
2200 1202 2374 1253 regem
2401 1187 2684 1251 profctus,
2714 1186 3019 1256 aliquod‘ab
3062 1204 3127 1242 eo
3174 1204 3270 1256 pro

1720 1257 1858 1308 vit-tu
1889 1260 2186 1325 vcstFtuqtte
2211 1258 2448 1316 fratrum,
2466 1258 2654 1323 quibus
2679 1272 2784 1322 pra:
2811 1258 3145 1312 multitudine
3168 1274 3272 1311 non

1721 1340 1882 1391 pauca
1914 1327 2149 1387 deerant,
2187 1326 2439 1392 petiturus
2465 1326 2787 1385 subsidium;
2827 1342 2982 1387 agi-os
3013 1339 3060 1380 et
3093 1329 3274 1380 vineas

1721 1395 1911 1462 quibus
1942 1396 2284 1448 necessitates
2310 1408 2429 1445 suas
2459 1397 2734 1461 explerent
2759 1395 2999 1449 offerenti
3034 1399 3139 1463 regi
3188 1412 3273 1449 re-

1721 1464 1972 1530 spondit:
2009 1482 2026 1514 t
2052 1467 2219 1531 Agros
2255 1472 2307 1516 et
2352 1464 2534 1515 vincas
2582 1479 2683 1516 non
2734 1465 3073 1528 accipiemus.
3104 1468 3193 1519 sed
3227 1466 3272 1518 si

1722 1536 1883 1599 placet
1910 1534 2153 1604 potestati
2180 1533 2608 1604 vestrm,_aliquid
2636 1536 2701 1586 de
2723 1534 2975 1604 fructibus
3000 1536 3272 1604 delegate;

1720 1604 1838 1669 quia
1872 1617 1977 1655 non
2008 1601 2159 1655 decet
2199 1602 2487 1655 monachos
2514 1602 2846 1657 facultatibus
2874 1601 3153 1657 mundanis
3176 1618 3273 1658 ex—

1722 1672 1854 1737 tolli,
1882 1672 1973 1725 sed
2003 1673 2051 1725 in
2076 1670 2378 1724 humilitate
2405 1672 2582 1741 cordis
2614 1672 2703 1725 Dei
2746 1687 2961 1741 regnum
2984 1673 3271 1741 justitiam-

1720 1756 1821 1810 que
1848 1742 1963 1807 ejus
2009 1740 2305 1811 exquirere.
2335 1760 2353 1792 ›
2388 1740 2481 1794 His
2524 1741 2727 1811 accedit
2768 1740 2825 1796 S.
2863 1740 3025 1804 Isaac,
3063 1743 3181 1811 qui,
3215 1752 3274 1796 ut

1721 1809 1903 1865 Scribit
1928 1811 2061 1865 alter
2090 1810 2371 1879 Gregorius
2394 1824 2525 1877 papa
2557 1809 2691 1877 (Lib.
2730 1826 2793 1864 ιιι
2825 1811 2986 1876 DiaL,
3016 1809 3130 1879 cap.
3164 1813 3271 1879 14),

1726 1895 1883 1934 tcum
1913 1881 1960 1933 ei
2001 1880 2189 1933 crebro
2220 1879 2464 1946 discipuli
2497 1880 2763 1933 humiliter
2814 1881 3171 1943 imminerent,
3219 1890 3273 1935 ut

1718 1964 1817 2017 pro
1865 1965 1958 2001 usu
1990 1948 2291 2020 monasterii
2338 1951 2699 2016 possessiones
2748 1966 2867 2020 quae
2912 1951 3269 2005 otl‘erebantur

1721 2022 2011 2086 acciperet,
2046 2018 2134 2071 ille
2159 2018 2413 2071 sollicitus
2443 2034 2550 2071 sua:
2584 2018 2905 2087 paupertatis
2932 2021 3120 2072 fortem
3149 2033 3274 2074 sen-

1722 2091 1939 2142 tentiam
1991 2088 2218 2153 tenebat,
2274 2087 2507 2140 dicens:
2554 2090 2841 2142 Monachus
2886 2090 2972 2156 qui
3025 2089 3077 2141 in
3135 2100 3273 2142 terra

1722 2158 2085 2226 possessiones
2109 2156 2319 2224 quaerit,
2351 2159 2638 2210 monachus
2676 2172 2777 2209 non
2815 2167 2918 2212 est.
2965 2157 3052 2211 Sic
3080 2160 3275 2226 quippe

1725 2228 1990 2281 metuebat
2015 2228 2333 2291 paupertatis
2360 2240 2469 2279 suae
2502 2226 2840 2280 securitatem
2866 2229 3107 2292 perdere,
3139 2229 3275 2281 sicut

1722 2299 1866 2351 avari
1896 2298 2053 2367 775
2095 2296 2288 2348 divites
2333 2296 2506 2367 solent
2546 2298 2805 2367 perituras
2845 2297 3056 2367 divitias
3099 2307 3275 2349 custo-

1722 2367 1869 2430 dire;
1904 2364 1926 2415 ῐ
1950 2364 2039 2417 sed
2071 2364 2520 2435 etmonachiisub
2546 2364 2602 2418 S.
2638 2364 2853 2419 Davidis
2882 2366 3082 2435 legibus
3104 2367 3273 2435 viven-

1725 2447 1823 2499 tes,
1862 2452 1878 2484 ι
1901 2434 2261 2501 possessiones
2298 2442 2350 2486 et
2386 2434 2523 2486 dona
2566 2434 2949 2498 reprohabant.’
2972 2446 3025 2488 et
3062 2434 3275 2488 divitias

1723 2505 2079 2565 detestabant,
2120 2504 2275 2556 boum
2306 2518 2513 2572 quoque
2542 2504 2683 2556 nulla
2713 2505 2778 2556 ad
2815 2506 3068 2557 arandum
3099 2504 3276 2558 cervix

1725 2578 1790 2627 ab
1821 2575 1896 2628 eis
1928 2573 2380 2626 introducebatur.
2412 2592 2429 2623 ι
2467 2573 2540 2625 Ex
2571 2576 2765 2625 nostris
2788 2575 2942 2625 etiam
2965 2574 3019 2626 S.
3048 2572 3277 2625 11101ιωὶ-

1726 2660 1814 2697 rus
1843 2644 2004 2697 abbas
2025 2644 2161 2707 apud
2191 2642 2543 2705 Cenomanos,
2583 2656 2699 2694 cum
2728 2641 3006 2695 aGiIberto
3029 2643 3277 2709 episcopo

1727 2715 1898 2767 locum
1930 2713 2157 2778 aliquem
2186 2712 2479 2780 petivisset,
2511 2709 2598 2763 ubi
2628 2711 2726 2763 sub
2754 2722 2935 2765 sancta
2970 2713 3143 2777 regula
3168 2713 3278 2766 cel-

1727 2784 1886 2851 lulam
1920 2782 2179 2851 aedificare
2207 2781 2500 2847 fratresque
2530 2793 2853 2849 congregare
2898 2790 3076 2848 posset
3116 2780 3275 2851 (διες.

1726 2868 1779 2905 ιιι
1820 2850 1997 2917 Bern),
2036 2850 2235 2903 tvoluit
2280 2851 2328 2903 ei
2379 2860 2703 2904 memoratus
2734 2855 3013 2918 episcopus
3055 2850 3278 2915 aliquem

1726 2922 1897 2975 locum
1925 2919 2053 2973 dare
2088 2920 2400 2988 locupletem
2445 2920 2509 2972 ad
2553 2919 2652 2972 hoc
2682 2934 2815 2987 opus
2862 2920 3276 2987 perﬁciendum;

1727 2991 1861 3058 quod
1895 2990 1989 3044 ille
2015 2987 2241 3043 renuens
2270 2990 2342 3042 ait
2374 3006 2386 3041 ε
2417 2987 2529 3042 Non
2571 3004 2751 3057 quaero
2802 2991 3135 3055 locupletem,
3182 3005 3277 3042 nec

1730 3059 1969 3127 plurimis
1999 3059 2235 3113 aedificiis
2258 3059 2619 3122 sublimatum,
2650 3060 2741 3111 Si‘d
2769 3074 3076 3127 pauperem,
3100 3060 3153 3112 in
3174 3071 3278 3126 quo

1728 3145 1827 3198 ego
1856 3144 2053 3197 pauper
2076 3143 2358 3198 pauperem
2384 3127 2651 3198 Christum
2683 3132 2827 3198 sequi
2854 3141 2907 3181 et
2933 3128 3123 3198 imitari
3169 3143 3280 3180 meo

1726 3195 1867 3252 rear:
1894 3219 1910 3249 ι
1948 3200 2010 3253 Ει
2036 3198 2095 3252 S.
2125 3195 2475 3270 Corbinianus
2495 3195 2767 3270 (Ibidem),
2793 3198 3022 3270 fidelium
3050 3196 3278 3270 eieetno.

1726 3271 1875 3336 synis
1916 3281 2117 3329 auctus,
2165 3269 2378 3336 divitias
2408 3266 2522 3336 sibi
2550 3266 3091 3336 locupletatasihaud
3123 3277 3280 3336 secus

1723 3334 1784 3392 ac
1813 3338 1956 3391 avari
1986 3338 2232 3399 omissas,
2263 3335 2510 3389 deﬂebat.
2547 3336 2781 3403 Denique
2809 3335 2864 3390 S.
2905 3335 3090 3388 Vitalis
3116 3334 3280 3389 abbas

1723 3408 1922 3460 ordinis
1945 3408 2002 3459 S.
2025 3406 2200 3458 Basilii
2226 3404 2519 3469 (Bolland.,
2538 3403 2692 3457 Mart.
2709 3405 2785 3473 9),
2805 3406 2961 3457 morti
2986 3406 3279 3470 proximus,

1723 3492 1847 3530 suos
1888 3477 2174 3528 exhortans
2205 3475 2447 3543 dicebat:
2478 3492 2498 3525 ‹
2526 3478 2569 3527 Α
2609 3475 2835 3527 terrenis
2858 3473 3282 3543 possessionibus

1725 3546 2007 3605 abstinete.
2034 3564 2051 3595 ι
2091 3544 2213 3598 Haec
2256 3545 2305 3597 in
2332 3545 2554 3614 gratiam
2577 3560 2759 3598 eorum
2791 3547 2876 3613 qui
2906 3548 3119 3598 arctiori
3155 3557 3283 3614 pau~

1726 3618 1953 3683 portatis
1976 3616 2185 3667 vinculo
2216 3616 2648 3683 constringuntur
2669 3614 2835 3669 fusius
2866 3616 3166 3680 retulimus,
3194 3623 3280 3669 ut:

1725 3701 1825 3751 que
1874 3694 1948 3737 tot
2003 3684 2283 3737 illustrium
2327 3685 2851 3754 clari‘s‘simorumque
2898 3688 3280 3739 monachorum

1726 3754 1983 3822 exemplis
2007 3755 2286 3816 singularis
2329 3754 2483 3819 hujus
2522 3755 2729 3806 virtutis
2769 3756 3000 3809 studium
3031 3754 3280 3809 cordibus

1728 3830 1920 3878 nostris
1965 3824 2122 3877 altius
2171 3823 2449 3891 infigatur;
2484 3831 2635 3889 turpe
2674 3835 2755 3876 est
2799 3828 2939 3876 enim
2992 3826 3305 3878 monachos

1728 3904 1844 3959 po~t
1887 3893 2154 3946 ahdicatas
2190 3894 2369 3946 saeculi
2403 3892 2693 3955 facultates,
2726 3895 2884 3945 rebus
2912 3894 3137 3950 terrenis
3170 3893 3285 3960 plus

1726 3978 1875 4030 raquo
1899 3964 2188 4016 adhaerere.
2218 3963 2309 4015 llis
2334 3962 2481 4027 plura
2520 3963 2873 4027 superaddere
2905 3964 3278 4027 potuissemus,

1727 4047 1860 4098 quire,
1888 4048 1951 4084 ne
1982 4032 2245 4084 fastidium
2280 4031 2470 4100 legenti
2500 4041 2773 4098 generent,
2801 4047 3015 4085 narrare
3038 4048 3283 4098 superse-

1725 4103 1929 4154 demus.
1958 4099 2069 4153 Non
2120 4099 2349 4169 p'rssnm’
2380 4115 2552 4153 tamen
2600 4103 3002 4167 praetermittere
3049 4104 3283 4169 insignes

1728 4170 1845 4222 illas
1867 4173 1917 4223 in
1940 4169 2166 4238 Egypto
2187 4170 2641 4237 virgines,quibus
2661 4184 2779 4222 cum
2812 4171 3070 4234 Eupraxia
3094 4171 3215 4223 nubi
3239 4171 3284 4224 is

1726 4248 1965 4290 matrona
2012 4254 2194 4290 aurum
2249 4250 2302 4291 et
2338 4247 2630 4301 .argentum
2686 4238 3008 4298 obtulisset,
3049 4238 3281 4292 oblatum

1726 4307 1992 4375 suscipere
2019 4313 2191 4359 renu't
2218 4306 2481 4375 abbatissa
2506 4306 2688 4358 dicens
2714 4306 2862 4371 (Vita
2883 4307 2943 4361 S.
2979 4307 3279 4375 Eupraxire,

1724 4377 1860 4441 apud
1880 4373 2143 4440 Bolland.,
2170 4374 2239 4428 13
2261 4373 2443 4495 Mart?
2470 4391 2484 4428 :
2520 4393 2538 4425 t
2562 4375 2779 4428 Domina
2806 4377 2874 4427 mi
2904 4391 2996 4429 sen
3037 4373 3158 4436 trix.
3189 4391 3279 4429 an-

1726 4444 1866 4495 cillas
1897 4455 1996 4495 ture
2027 4459 2129 4495 non
2160 4453 2314 4495 eeent
2348 4455 2419 4495 rei
2446 4444 2624 4495 itibus.
2656 4459 2824 4495 neque
2853 4444 3128 4495 pecuniam
3156 4460 3279 4495 con.

1726 4444 1866 4496 cillte
1897 4455 1996 4496 ture
2027 4459 2129 4497 non
2160 4453 2314 4512 egent
2348 4444 2624 4509 reditibus,
2656 4459 2824 4509 neque
2853 4444 3128 4511 pecuniam
3156 4460 3279 4499 cono

1728 4513 2037 4579 cupiscunt:
2071 4522 2349 4582 propterea
2376 4528 2602 4581 namque
2646 4513 2823 4566 omnia
2872 4514 3197 4580 reliquerunt
3226 4523 3280 4569 et

55 4564 335 4647 sanast:
362 4564 499 4650 quod
525 4564 1620 4649 astans};mensem;insaniae
1656 4564 1699 4635 D
1728 4564 2250 4651 ευὶιὲςιὲᾶεέρῖέιιῐιὲί
2264 4564 2349 4635 ita"
2377 4564 2754 4645 natamus,
2777 4564 2832 4634 in
2872 4564 3284 4639 sarissae;

57 4663 256 4705 cuncta
299 4651 595 4717 huiusmodi
624 4655 977 4707 emolumenta
1009 4652 1363 4706 indifferenter
1388 4670 1406 4703 ι
1453 4653 1619 4707 susci-

61 4730 283 4790 perent,
306 4718 443 4772 inter
464 4720 564 4772 alia
584 4720 699 4774 hinc
724 4723 960 4788 reposuit
989 4740 1001 4774 :
1041 4742 1057 4773 ι
1081 4722 1331 4789 Regulam
1358 4722 1617 4790 imprimis

4 4849 27 4857 _
60 4788 444 4858 ohtetidimus;
475 4796 709 4858 tractans
730 4792 921 4858 quippe
943 4795 1007 4846 de
1039 4788 1248 4844 novitiis
1271 4788 1620 4857 suscipiendis

61 4861 139 4912 ait
173 4856 325 4928 :_Iies
351 4857 393 4909 si
423 4871 554 4925 quas
580 4856 760 4928 habet,
792 4856 1079 4928 autemget
1108 4860 1251 4925 prius
1280 4856 1618 4926 pauperibus,

61 4941 161 4982 aut
198 4925 333 4979 facta
361 4928 667 4981 solemniter
690 4927 975 4981 donatione
1004 4925 1248 4981 conferat
1279 4925 1617 4981 monasterio.

63 4995 307 5050 Dicenda
334 5009 457 5063 ergo
484 4993 635 5051 :Bes
657 4995 699 5049 si
726 5010 856 5064 quas
882 4998 1058 5060 habet,
1090 5000 1284 5050 nullam
1319 5013 1429 5050 rem
1458 5012 1621 5051 exce-

68 5068 189 5130 pit;
219 5064 357 5133 quod
395 5069 439 5117 si
469 5065 662 5118 nullam
709 5063 1080 5133 rem’excepit,
1119 5081 1219 5120 nec
1252 5066 1481 5123 ‘Iundu’m
1527 5069 1624 5119 ali-

64 5148 249 5202 quem,
278 5146 378 5188 nec
404 5134 605 5196 villam,
638 5146 734 5185 nec
764 5135 1009 5197 rusticos,
1038 5149 1136 5188 nec
1162 5150 1366 5196 servos,
1400 5150 1497 5188 nec
1537 5150 1625 5189 an-

66 5203 246 5271 cillas,
296 5216 392 5255 nec
422 5202 625 5271 aliquid
668 5202 963 5269 hujusmodi
994 5204 1217 5271 excepit.
1269 5204 1369 5257 Sed
1418 5214 1625 5258 constat

70 5270 203 5325 nihil
242 5270 529 5338 exceptum
566 5286 703 5325 esse.
749 5272 894 5325 Patet
929 5273 1084 5341 igitur
1124 5270 1235 5326 hac
1280 5288 1395 5340 qure
1444 5276 1622 5341 posui-

71 5352 195 5395 mus
240 5349 456 5410 excepta
512 5356 614 5393 non
674 5356 811 5410 esse.
860 5360 905 5410 i_
942 5340 1005 5393 Et
1052 5341 1188 5395 inl’ra
1237 5341 1372 5393 idem
1439 5340 1623 5410 probat

71 5407 384 5534 ἓῖιοῶιέζιῖ
402 5416 456 5462 et
479 5409 721 5478 exemplo
765 5410 824 5465 S.
868 5407 1130 5480 Gregorii,
1163 5410 1219 5464 S.
1261 5407 1452 5478 Mauri,
1479 5423 1531 5465 et
1562 5412 1618 5466 S.

176 5494 207 5530 ιι
335 5493 363 5527 n
392 5515 405 5528 .
522 5522 525 5525 .

148 5545 341 5600 Verum
368 5544 465 5599 etsi
491 5544 645 5611 liceat
668 5548 939 5602 monachis
965 5556 1132 5603 terras
1178 5547 1370 5601 habere
1391 5557 1449 5608 et
1482 5564 1621 5614 pra:-

75 5616 187 5687 dia,
214 5615 367 5683 longe
395 5625 570 5687 tamen
597 5618 921 5682 praeferimus
949 5631 1042 5671 eos
1061 5618 1150 5687 qui
1172 5617 1397 5685 majores
1412 5619 1621 5672 divitias

76 5681 396 5755 estimanies
450 5681 655 5739 Christi
694 5696 1053 5755 paupertatem
1078 5681 1378 5749 'aemul'ari,
1434 5701 1620 5740 omnes

77 5753 290 5807 otnnino
315 5755 675 5824 possessiones
699 5753 974 5821 respuunt,
1002 5756 1183 5826 quales
1200 5756 1526 5825 exstiterunt
1554 5771 1618 5810 ex

1730 4652 1826 4703 frui
1861 4661 2193 4717 mereantur;
2220 4661 2273 4706 et
2315 4652 2445 4705 nihil
2478 4652 2748 4717 possidere
2780 4652 3044 4717 volumus,
3075 4670 3141 4708 ne
3169 4668 3283 4708 σω·

1728 4722 1844 4773 lcsti
1876 4737 2038 4790 regno
2067 4723 2353 4788 privemur.
2378 4738 2397 4771 ι
2452 4720 2513 4774 Et
2558 4720 2746 4790 iterum
2789 4725 2973 4774 eadem
3014 4723 3282 4779 abbatissa

1730 4792 1885 4843 morti
1917 4788 2156 4858 proxima
2183 4790 2247 4843 sd
2278 4791 2498 4844 electam
2525 4788 2622 4841 sibi
2654 4804 3018 4845 successuram
3052 4810 3065 4844 :
3097 4812 3115 4842 ι
3145 4791 3286 4846 Con-

1724 4858 1845 4925 juro
1878 4869 1946 4925 te,
1983 4860 2169 4927 inquit,
2205 4873 2295 4927 per
2317 4860 2686 4913 intemeratam
2731 4859 3043 4914 Trinitatem
3074 4871 3127 4914 et
3155 4876 3287 4914 con-

1727 4928 2150 4992 substantialem,
2181 4944 2247 4981 ne
2288 4927 2441 4981 istius
2478 4930 2659 4982 mundi
2699 4944 2904 4994 qua‘ras
2934 4930 3164 4991 divitias,
3194 4938 3287 4984 aut

1730 5000 2136 5062 possessionem,
2177 5012 2350 5066 neque
2386 5011 2617 5066 occupes
2664 5012 2875 5052 sorores
2920 4999 2985 5051 ad
3039 5007 3281 5052 terrenas

1726 5066 2135 5138 sollicitudines;
2163 5066 2257 5120 sed
2281 5067 2447 5138 magis
2472 5076 2529 5119 ut
2552 5075 2953 5123 contemnentes
2976 5070 3111 5138 bona
3144 5077 3286 5120 temo

1730 5136 1948 5205 poralia,
2007 5146 2257 5205 perpetua
2305 5136 2607 5205 mereantur
2645 5137 2903 5205 accipere.
2947 5153 2965 5186 ι
3021 5136 3287 5191 Praeclare

1726 5201 1942 5260 o‘mnino
1981 5201 2039 5258 S.
2080 5204 2378 5270 Stephanus
2417 5204 2617 5263 ordinis
2671 5201 3170 5258 Grandi‘montensis
3204 5204 3288 5258 in-

1727 5274 1939 5346 Stituror
1967 5273 2057 5342 (In
2102 5278 2211 5346 ejus
2260 5271 2399 5339 Vita,
2431 5283 2551 5346 tam:
2590 5271 2635 5328 Il
2660 5272 2863 5346 Bibliqt.
2903 5272 3110 5339 μηδ.
3125 5274 3285 5346 disci.

1732 5343 1868 5409 pulis
1903 5359 1920 5390 ι
1941 5341 2297 5413 quaerentibus
2325 5343 2589 5413 quomodo
2619 5352 2738 5413 post
2758 5341 2885 5413 eius
2917 5351 3141 5396 mortem
3170 5343 3288 5397 sine

1730 5412 2104 5476 temporalibus
2123 5410 2378 5477 vivercni,
2415 5410 2687 5481 respondit
2712 5428 2727 5465 :
2756 5410 2919 5481 Deum
2935 5413 3110 5464 solum
3137 5414 3288 5466 vobis

1727 5482 1989 5547 relinquo,
2031 5481 2183 5547 cujus
2224 5487 2349 5535 sunt
2393 5480 2661 5545 universa,
2707 5480 2858 5547 cujus
2905 5483 3064 5535 etiam
3106 5496 3290 5535 amore

1726 5558 1914 5601 cuncta
1945 5553 2140 5615 pariter
2166 5564 2229 5621 ac
2258 5554 2611 5621 vosmetipsos
2629 5548 2943 5621 reliquistis.
2975 5552 3029 5603 Si
3060 5554 3291 5605 amando

1726 5628 2087 5685 paupertatem
2134 5618 2182 5673 ei
2222 5618 2525 5676 constanter
2555 5620 2911 5683 adhas‘eritis,
2944 5634 3039 5673 nec
3088 5635 3116 5672 ιι
3151 5624 3292 5673 veri-

1726 5687 1846 5741 tatis
1862 5687 1941 5758 via
1957 5688 2158 5758 declina
2168 5688 2368 5753 veritis,
2383 5688 2680 5758 ipse,'juxta
2707 5688 3088 5757 providentiam
3116 5704 3290 5753 suam,

1726 5770 1828 5826 qua
1859 5756 2168 5811 mirabiliter
2193 5762 2451 5827 gubernat
2476 5756 2675 5819 omnia.
2708 5756 2859 5815 vobis
2878 5760 3016 5829 quod
3039 5760 3291 5829 expedire
